<?xml version="1.0" encoding="UTF-8"?>
<!DOCTYPE html PUBLIC "-//W3C//DTD XHTML 1.0 Transitional//EN"
    "http://www.w3.org/TR/xhtml1/DTD/xhtml1-transitional.dtd">
<html xmlns="http://www.w3.org/1999/xhtml" xml:lang="en" lang="en">
 <head>
  <title>
</title>
<meta http-equiv="Content-Type" content="text/html;charset=utf-8" />
  <meta name='ocr-system' content='tesseract 3.04.00' />
  <meta name='ocr-capabilities' content='ocr_page ocr_carea ocr_par ocr_line ocrx_word'/>
</head>
<body>
  <div class='ocr_page' id='page_1' title='image "./operaomniaunovol00ciceuoft/operaomniaunovol00ciceuoft_0836.png"; bbox 0 0 1941 3052; ppageno 0'>
   <div class='ocr_carea' id='block_1_1' title="bbox 238 143 916 170">
    <p class='ocr_par' dir='ltr' id='par_1_1' title="bbox 238 143 916 170">
     <span class='ocr_line' id='line_1_1' title="bbox 238 143 916 170; baseline -0.003 0"><span class='ocrx_word' id='word_1_1' title='bbox 238 146 286 170; x_wconf 70' lang='lat'>812</span> <span class='ocrx_word' id='word_1_2' title='bbox 808 145 848 168; x_wconf 64' lang='lat'>8¹).</span> <span class='ocrx_word' id='word_1_3' title='bbox 882 143 916 168; x_wconf 75' lang='lat' dir='ltr'>M.</span> 
     </span>
    </p>
   </div>
   <div class='ocr_carea' id='block_1_2' title="bbox 235 211 1550 250">
    <p class='ocr_par' dir='ltr' id='par_1_2' title="bbox 235 211 1550 250">
     <span class='ocr_line' id='line_1_2' title="bbox 235 211 1550 250; baseline -0.001 -9"><span class='ocrx_word' id='word_1_4' title='bbox 235 213 398 250; x_wconf 66' lang='grc' dir='ltr'>ἶ-Ιπόηυγμιι</span> <span class='ocrx_word' id='word_1_5' title='bbox 416 212 540 240; x_wconf 76' lang='lat' dir='ltr'>formido:</span> <span class='ocrx_word' id='word_1_6' title='bbox 569 212 637 237; x_wconf 77' lang='lat' dir='ltr'>addo</span> <span class='ocrx_word' id='word_1_7' title='bbox 652 212 730 237; x_wconf 76' lang='lat' dir='ltr'>etium</span> <span class='ocrx_word' id='word_1_8' title='bbox 747 211 961 238; x_wconf 78' lang='lat' dir='ltr'>malevolentiam</span> <span class='ocrx_word' id='word_1_9' title='bbox 980 212 1027 238; x_wconf 72' lang='lat' dir='ltr'>lio-</span> <span class='ocrx_word' id='word_1_10' title='bbox 1047 214 1050 236; x_wconf 80' lang='grc' dir='ltr'>Ι</span> <span class='ocrx_word' id='word_1_11' title='bbox 1077 213 1180 247; x_wconf 79' lang='lat' dir='ltr'>opinor,</span> <span class='ocrx_word' id='word_1_12' title='bbox 1199 212 1275 238; x_wconf 74' lang='lat' dir='ltr'>valde</span> <span class='ocrx_word' id='word_1_13' title='bbox 1291 214 1427 239; x_wconf 79' lang='lat' dir='ltr'>exercitati</span> <span class='ocrx_word' id='word_1_14' title='bbox 1442 219 1466 240; x_wconf 89' lang='lat' dir='ltr'>et</span> <span class='ocrx_word' id='word_1_15' title='bbox 1478 213 1550 240; x_wconf 82' lang='lat' dir='ltr'>boni.</span> 
     </span>
    </p>
   </div>
   <div class='ocr_carea' id='block_1_3' title="bbox 948 142 1283 169">
    <p class='ocr_par' dir='ltr' id='par_1_3' title="bbox 948 142 1283 169">
     <span class='ocr_line' id='line_1_3' title="bbox 948 142 1283 169; baseline 0.003 -1"><span class='ocrx_word' id='word_1_16' title='bbox 948 142 977 168; x_wconf 89' lang='lat' dir='ltr'>T.</span> <span class='ocrx_word' id='word_1_17' title='bbox 1008 142 1283 169; x_wconf 71' lang='lat' dir='ltr'>CICERONIS</span> 
     </span>
    </p>
   </div>
   <div class='ocr_carea' id='block_1_4' title="bbox 1591 214 1864 243">
    <p class='ocr_par' dir='ltr' id='par_1_4' title="bbox 1591 214 1864 243">
     <span class='ocr_line' id='line_1_4' title="bbox 1591 214 1864 243; baseline 0.015 -4"><span class='ocrx_word' id='word_1_18' title='bbox 1591 214 1642 240; x_wconf 72' lang='lat' dir='ltr'>Sed</span> <span class='ocrx_word' id='word_1_19' title='bbox 1655 220 1774 241; x_wconf 76' lang='lat' dir='ltr'>nostrum</span> <span class='ocrx_word' id='word_1_20' title='bbox 1788 216 1864 243; x_wconf 80' lang='lat' dir='ltr'>insti-</span> 
     </span>
    </p>
   </div>
   <div class='ocr_carea' id='block_1_5' title="bbox 239 249 1864 287">
    <p class='ocr_par' dir='ltr' id='par_1_5' title="bbox 239 249 1864 287">
     <span class='ocr_line' id='line_1_5' title="bbox 239 249 1864 287; baseline 0.001 -9"><span class='ocrx_word' id='word_1_21' title='bbox 239 252 351 280; x_wconf 77' lang='lat' dir='ltr'>minum,</span> <span class='ocrx_word' id='word_1_22' title='bbox 370 257 394 277; x_wconf 72' lang='lat' dir='ltr'>vt</span> <span class='ocrx_word' id='word_1_23' title='bbox 411 252 499 279; x_wconf 82' lang='lat' dir='ltr'>timeo,</span> <span class='ocrx_word' id='word_1_24' title='bbox 514 258 546 275; x_wconf 83' lang='lat' dir='ltr'>ne</span> <span class='ocrx_word' id='word_1_25' title='bbox 559 249 607 279; x_wconf 81' lang='lat' dir='ltr'>illi,</span> <span class='ocrx_word' id='word_1_26' title='bbox 626 254 827 278; x_wconf 73' lang='lat' dir='ltr'>rnent&#39;‹&#39;uflnnh·,</span> <span class='ocrx_word' id='word_1_27' title='bbox 841 249 944 283; x_wconf 78' lang='lat' dir='ltr'>aliquid</span> <span class='ocrx_word' id='word_1_28' title='bbox 957 250 1026 275; x_wconf 76' lang='lat' dir='ltr'>ucci-</span> <span class='ocrx_word' id='word_1_29' title='bbox 1047 260 1056 284; x_wconf 36' lang='grc' dir='ltr'>χ’,</span> <span class='ocrx_word' id='word_1_30' title='bbox 1079 249 1170 275; x_wconf 86' lang='lat' dir='ltr'>tuendi</span> <span class='ocrx_word' id='word_1_31' title='bbox 1195 259 1280 284; x_wconf 73' lang='lat' dir='ltr'>genus</span> <span class='ocrx_word' id='word_1_32' title='bbox 1300 259 1358 275; x_wconf 74' lang='lat' dir='ltr'>esse</span> <span class='ocrx_word' id='word_1_33' title='bbox 1379 250 1469 285; x_wconf 79' lang='lat' dir='ltr'>paullo</span> <span class='ocrx_word' id='word_1_34' title='bbox 1487 251 1619 277; x_wconf 71' lang='lat' dir='ltr'>eruditius</span> <span class='ocrx_word' id='word_1_35' title='bbox 1638 258 1663 278; x_wconf 80' lang='lat' dir='ltr'>et</span> <span class='ocrx_word' id='word_1_36' title='bbox 1683 253 1864 287; x_wconf 69' lang='grc' dir='ltr'>θειαώυρω.</span> 
     </span>
    </p>
   </div>
   <div class='ocr_carea' id='block_1_6' title="bbox 237 285 1056 357">
    <p class='ocr_par' dir='ltr' id='par_1_6' title="bbox 237 285 1056 357">
     <span class='ocr_line' id='line_1_6' title="bbox 237 285 1056 327; baseline -0.002 -13"><span class='ocrx_word' id='word_1_37' title='bbox 237 289 294 319; x_wconf 70' lang='lat' dir='ltr'>dat,</span> <span class='ocrx_word' id='word_1_38' title='bbox 323 298 370 314; x_wconf 76' lang='lat' dir='ltr'>rw(-</span> <span class='ocrx_word' id='word_1_39' title='bbox 386 288 497 321; x_wconf 68' lang='lat' dir='ltr'>despero</span> <span class='ocrx_word' id='word_1_40' title='bbox 513 295 568 312; x_wconf 80' lang='lat' dir='ltr'>rein</span> <span class='ocrx_word' id='word_1_41' title='bbox 584 290 608 311; x_wconf 73' lang='lat' dir='ltr'>ct</span> <span class='ocrx_word' id='word_1_42' title='bbox 624 286 681 311; x_wconf 64' lang='lat' dir='ltr'>sim·</span> <span class='ocrx_word' id='word_1_43' title='bbox 699 295 739 311; x_wconf 77' lang='lat' dir='ltr'>me</span> <span class='ocrx_word' id='word_1_44' title='bbox 757 291 781 311; x_wconf 73' lang='lat' dir='ltr'>et</span> <span class='ocrx_word' id='word_1_45' title='bbox 793 286 914 312; x_wconf 79' lang='lat' dir='ltr'>nonnihil</span> <span class='ocrx_word' id='word_1_46' title='bbox 927 295 974 320; x_wconf 87' lang='lat' dir='ltr'>per</span> <span class='ocrx_word' id='word_1_47' title='bbox 985 295 1026 312; x_wconf 86' lang='lat' dir='ltr'>mc</span> <span class='ocrx_word' id='word_1_48' title='bbox 1048 285 1056 327; x_wconf 59' lang='grc' dir='ltr'>ἶ,</span> 
     </span>
     <span class='ocr_line' id='line_1_7' title="bbox 489 323 1055 357; baseline 0 -8"><span class='ocrx_word' id='word_1_49' title='bbox 489 326 512 349; x_wconf 81' lang='lat'>3.</span> <span class='ocrx_word' id='word_1_50' title='bbox 535 324 569 348; x_wconf 84' lang='lat' dir='ltr'>De</span> <span class='ocrx_word' id='word_1_51' title='bbox 584 323 686 348; x_wconf 81' lang='lat' dir='ltr'>ambitu</span> <span class='ocrx_word' id='word_1_52' title='bbox 703 323 828 357; x_wconf 84' lang='lat' dir='ltr'>postulati</span> <span class='ocrx_word' id='word_1_53' title='bbox 845 327 907 349; x_wconf 77' lang='lat' dir='ltr'>sunt</span> <span class='ocrx_word' id='word_1_54' title='bbox 922 332 1024 353; x_wconf 78' lang='lat' dir='ltr'>omnes,</span> <span class='ocrx_word' id='word_1_55' title='bbox 1054 352 1055 355; x_wconf 14' lang='grc' dir='ltr'><strong>Ἰ</strong></span> 
     </span>
    </p>
   </div>
   <div class='ocr_carea' id='block_1_7' title="bbox 237 326 1024 396">
    <p class='ocr_par' dir='ltr' id='par_1_7' title="bbox 237 326 1024 396">
     <span class='ocr_line' id='line_1_8' title="bbox 237 326 438 359; baseline -0.005 -9"><span class='ocrx_word' id='word_1_56' title='bbox 237 326 331 351; x_wconf 67' lang='lat' dir='ltr'>confici</span> <span class='ocrx_word' id='word_1_57' title='bbox 352 334 438 359; x_wconf 68' lang='lat' dir='ltr'>posse.</span> 
     </span>
     <span class='ocr_line' id='line_1_9' title="bbox 237 360 1024 396; baseline 0 -10"><span class='ocrx_word' id='word_1_58' title='bbox 237 363 283 396; x_wconf 79' lang='lat' dir='ltr'>qui</span> <span class='ocrx_word' id='word_1_59' title='bbox 305 361 472 387; x_wconf 76' lang='lat' dir='ltr'>consulatum</span> <span class='ocrx_word' id='word_1_60' title='bbox 494 364 599 394; x_wconf 79' lang='lat' dir='ltr'>petunt:</span> <span class='ocrx_word' id='word_1_61' title='bbox 629 368 642 385; x_wconf 84' lang='lat' dir='ltr'>a</span> <span class='ocrx_word' id='word_1_62' title='bbox 660 360 784 385; x_wconf 82' lang='lat' dir='ltr'>Memmio</span> <span class='ocrx_word' id='word_1_63' title='bbox 799 360 943 390; x_wconf 79' lang='lat' dir='ltr'>Domitius,</span> <span class='ocrx_word' id='word_1_64' title='bbox 965 370 978 386; x_wconf 86' lang='lat' dir='ltr'>a</span> <span class='ocrx_word' id='word_1_65' title='bbox 993 360 1024 393; x_wconf 87' lang='lat' dir='ltr'>Q</span> 
     </span>
    </p>
   </div>
   <div class='ocr_carea' id='block_1_8' title="bbox 237 396 1056 468">
    <p class='ocr_par' dir='ltr' id='par_1_8' title="bbox 237 396 1056 468">
     <span class='ocr_line' id='line_1_10' title="bbox 237 396 1055 428; baseline 0 -5"><span class='ocrx_word' id='word_1_66' title='bbox 237 400 340 428; x_wconf 77' lang='lat' dir='ltr'>Curtio,</span> <span class='ocrx_word' id='word_1_67' title='bbox 369 398 437 424; x_wconf 87' lang='lat' dir='ltr'>bono</span> <span class='ocrx_word' id='word_1_68' title='bbox 459 402 485 423; x_wconf 83' lang='lat' dir='ltr'>et</span> <span class='ocrx_word' id='word_1_69' title='bbox 505 397 609 423; x_wconf 88' lang='lat' dir='ltr'>erudito</span> <span class='ocrx_word' id='word_1_70' title='bbox 629 396 808 428; x_wconf 78' lang='lat' dir='ltr'>adolescente,</span> <span class='ocrx_word' id='word_1_71' title='bbox 833 398 989 428; x_wconf 76' lang='lat' dir='ltr'>Memmius,</span> <span class='ocrx_word' id='word_1_72' title='bbox 1012 407 1024 423; x_wconf 81' lang='lat' dir='ltr'>a</span> <span class='ocrx_word' id='word_1_73' title='bbox 1047 398 1055 419; x_wconf 56' lang='lat' dir='ltr'><em>s</em></span> 
     </span>
     <span class='ocr_line' id='line_1_11' title="bbox 893 435 1056 468; baseline 0.006 -8"><span class='ocrx_word' id='word_1_74' title='bbox 893 435 986 468; x_wconf 74' lang='lat' dir='ltr'>Magna</span> <span class='ocrx_word' id='word_1_75' title='bbox 1000 435 1025 461; x_wconf 89' lang='lat' dir='ltr'>in</span> <span class='ocrx_word' id='word_1_76' title='bbox 1047 444 1056 465; x_wconf 71' lang='grc' dir='ltr'>,ι</span> 
     </span>
    </p>
   </div>
   <div class='ocr_carea' id='block_1_9' title="bbox 235 433 1026 954">
    <p class='ocr_par' dir='ltr' id='par_1_9' title="bbox 235 433 1026 954">
     <span class='ocr_line' id='line_1_12' title="bbox 236 433 946 469; baseline 0.001 -10"><span class='ocrx_word' id='word_1_77' title='bbox 236 437 266 467; x_wconf 83' lang='lat' dir='ltr'>Q.</span> <span class='ocrx_word' id='word_1_78' title='bbox 290 435 415 469; x_wconf 74' lang='lat' dir='ltr'>Pompeio</span> <span class='ocrx_word' id='word_1_79' title='bbox 431 433 562 464; x_wconf 75' lang='lat' dir='ltr'>Messalla,</span> <span class='ocrx_word' id='word_1_80' title='bbox 581 443 594 460; x_wconf 81' lang='lat' dir='ltr'>a</span> <span class='ocrx_word' id='word_1_81' title='bbox 610 434 711 460; x_wconf 86' lang='lat' dir='ltr'>Triario</span> <span class='ocrx_word' id='word_1_82' title='bbox 726 434 852 460; x_wconf 70' lang='lat' dir='ltr'>Scaurus.</span> <span class='ocrx_word' id='word_1_83' title='bbox 943 468 946 469; x_wconf 57' lang='lat'>.</span> 
     </span>
     <span class='ocr_line' id='line_1_13' title="bbox 237 470 1025 507; baseline -0.001 -9"><span class='ocrx_word' id='word_1_84' title='bbox 237 477 307 498; x_wconf 85' lang='lat' dir='ltr'>motu</span> <span class='ocrx_word' id='word_1_85' title='bbox 325 481 365 498; x_wconf 81' lang='lat' dir='ltr'>res</span> <span class='ocrx_word' id='word_1_86' title='bbox 377 476 424 501; x_wconf 77' lang='lat' dir='ltr'>est,</span> <span class='ocrx_word' id='word_1_87' title='bbox 443 475 578 506; x_wconf 83' lang='lat' dir='ltr'>propterea</span> <span class='ocrx_word' id='word_1_88' title='bbox 590 471 661 506; x_wconf 86' lang='lat' dir='ltr'>quod</span> <span class='ocrx_word' id='word_1_89' title='bbox 673 475 717 497; x_wconf 92' lang='lat' dir='ltr'>aut</span> <span class='ocrx_word' id='word_1_90' title='bbox 730 471 868 497; x_wconf 88' lang='lat' dir='ltr'>bominum</span> <span class='ocrx_word' id='word_1_91' title='bbox 879 476 924 498; x_wconf 84' lang='lat' dir='ltr'>aut</span> <span class='ocrx_word' id='word_1_92' title='bbox 936 470 1025 507; x_wconf 75' lang='lat' dir='ltr'>legum</span> 
     </span>
     <span class='ocr_line' id='line_1_14' title="bbox 237 507 1023 543; baseline 0 -8"><span class='ocrx_word' id='word_1_93' title='bbox 237 510 359 535; x_wconf 71' lang='lat' dir='ltr'>interitus</span> <span class='ocrx_word' id='word_1_94' title='bbox 369 508 528 534; x_wconf 79' lang='lat' dir='ltr'>ostenditur.</span> <span class='ocrx_word' id='word_1_95' title='bbox 559 508 644 543; x_wconf 89' lang='lat' dir='ltr'>Opera</span> <span class='ocrx_word' id='word_1_96' title='bbox 655 507 742 539; x_wconf 83' lang='lat' dir='ltr'>datur,</span> <span class='ocrx_word' id='word_1_97' title='bbox 756 513 784 535; x_wconf 90' lang='lat' dir='ltr'>ut</span> <span class='ocrx_word' id='word_1_98' title='bbox 797 508 895 535; x_wconf 78' lang='lat' dir='ltr'>iudicia</span> <span class='ocrx_word' id='word_1_99' title='bbox 907 518 939 535; x_wconf 87' lang='lat' dir='ltr'>ne</span> <span class='ocrx_word' id='word_1_100' title='bbox 952 510 1023 535; x_wconf 82' lang='lat' dir='ltr'>liant.</span> 
     </span>
     <span class='ocr_line' id='line_1_15' title="bbox 236 545 1026 581; baseline 0.001 -10"><span class='ocrx_word' id='word_1_101' title='bbox 236 547 286 572; x_wconf 76' lang='lat' dir='ltr'>Res</span> <span class='ocrx_word' id='word_1_102' title='bbox 303 546 409 572; x_wconf 91' lang='lat' dir='ltr'>videtur</span> <span class='ocrx_word' id='word_1_103' title='bbox 427 550 546 580; x_wconf 85' lang='lat' dir='ltr'>spectaro</span> <span class='ocrx_word' id='word_1_104' title='bbox 562 545 594 571; x_wconf 91' lang='lat' dir='ltr'>ad</span> <span class='ocrx_word' id='word_1_105' title='bbox 607 546 799 581; x_wconf 72' lang='lat' dir='ltr'>interregnum.</span> <span class='ocrx_word' id='word_1_106' title='bbox 839 546 970 572; x_wconf 78' lang='lat' dir='ltr'>Consules</span> <span class='ocrx_word' id='word_1_107' title='bbox 981 556 1026 572; x_wconf 89' lang='lat' dir='ltr'>co-</span> 
     </span>
     <span class='ocr_line' id='line_1_16' title="bbox 237 582 1026 617; baseline 0 -8"><span class='ocrx_word' id='word_1_108' title='bbox 237 584 309 609; x_wconf 83' lang='lat' dir='ltr'>mitia</span> <span class='ocrx_word' id='word_1_109' title='bbox 332 583 429 609; x_wconf 85' lang='lat' dir='ltr'>babere</span> <span class='ocrx_word' id='word_1_110' title='bbox 444 583 571 617; x_wconf 87' lang='lat' dir='ltr'>cupiunt:</span> <span class='ocrx_word' id='word_1_111' title='bbox 595 583 632 609; x_wconf 86' lang='lat' dir='ltr'>rci</span> <span class='ocrx_word' id='word_1_112' title='bbox 649 582 755 613; x_wconf 81' lang='lat' dir='ltr'>nolunt.</span> <span class='ocrx_word' id='word_1_113' title='bbox 773 588 798 609; x_wconf 83' lang='lat' dir='ltr'>et</span> <span class='ocrx_word' id='word_1_114' title='bbox 813 584 930 609; x_wconf 80' lang='lat' dir='ltr'>maxime</span> <span class='ocrx_word' id='word_1_115' title='bbox 942 584 1026 609; x_wconf 76' lang='lat' dir='ltr'>Mem·</span> 
     </span>
     <span class='ocr_line' id='line_1_17' title="bbox 236 619 1026 655; baseline 0.001 -9"><span class='ocrx_word' id='word_1_116' title='bbox 236 621 316 651; x_wconf 83' lang='lat' dir='ltr'>mius,</span> <span class='ocrx_word' id='word_1_117' title='bbox 334 620 405 655; x_wconf 91' lang='lat' dir='ltr'>quod</span> <span class='ocrx_word' id='word_1_118' title='bbox 422 620 542 647; x_wconf 79' lang='lat' dir='ltr'>Caesaris</span> <span class='ocrx_word' id='word_1_119' title='bbox 557 619 674 646; x_wconf 87' lang='lat' dir='ltr'>adventu</span> <span class='ocrx_word' id='word_1_120' title='bbox 689 625 816 655; x_wconf 85' lang='lat' dir='ltr'>speratse</span> <span class='ocrx_word' id='word_1_121' title='bbox 831 620 949 646; x_wconf 89' lang='lat' dir='ltr'>futurum</span> <span class='ocrx_word' id='word_1_122' title='bbox 962 629 1026 647; x_wconf 93' lang='lat' dir='ltr'>con-</span> 
     </span>
     <span class='ocr_line' id='line_1_18' title="bbox 235 657 1024 684; baseline 0.001 -1"><span class='ocrx_word' id='word_1_123' title='bbox 235 657 332 683; x_wconf 81' lang='lat' dir='ltr'>sulem.</span> <span class='ocrx_word' id='word_1_124' title='bbox 373 657 425 683; x_wconf 91' lang='lat' dir='ltr'>Sed</span> <span class='ocrx_word' id='word_1_125' title='bbox 437 658 535 683; x_wconf 89' lang='lat' dir='ltr'>mirum</span> <span class='ocrx_word' id='word_1_126' title='bbox 547 657 572 683; x_wconf 86' lang='lat' dir='ltr'>in</span> <span class='ocrx_word' id='word_1_127' title='bbox 586 657 694 683; x_wconf 91' lang='lat' dir='ltr'>modum</span> <span class='ocrx_word' id='word_1_128' title='bbox 711 659 785 684; x_wconf 90' lang='lat' dir='ltr'>iacet.</span> <span class='ocrx_word' id='word_1_129' title='bbox 822 658 952 684; x_wconf 84' lang='lat' dir='ltr'>Domitius</span> <span class='ocrx_word' id='word_1_130' title='bbox 963 667 1024 684; x_wconf 91' lang='lat' dir='ltr'>cum</span> 
     </span>
     <span class='ocr_line' id='line_1_19' title="bbox 236 694 1022 722; baseline 0.001 -2"><span class='ocrx_word' id='word_1_131' title='bbox 236 694 357 721; x_wconf 73' lang='lat' dir='ltr'>Messalla</span> <span class='ocrx_word' id='word_1_132' title='bbox 373 699 462 721; x_wconf 82' lang='lat' dir='ltr'>certus</span> <span class='ocrx_word' id='word_1_133' title='bbox 477 703 536 721; x_wconf 85' lang='lat' dir='ltr'>esse</span> <span class='ocrx_word' id='word_1_134' title='bbox 552 694 704 721; x_wconf 88' lang='lat' dir='ltr'>videbatur.</span> <span class='ocrx_word' id='word_1_135' title='bbox 743 694 860 721; x_wconf 80' lang='lat' dir='ltr'>Scaurus</span> <span class='ocrx_word' id='word_1_136' title='bbox 876 695 1022 722; x_wconf 79' lang='lat' dir='ltr'>refrixerat.</span> 
     </span>
     <span class='ocr_line' id='line_1_20' title="bbox 236 731 1024 768; baseline 0 -10"><span class='ocrx_word' id='word_1_137' title='bbox 236 733 339 766; x_wconf 72' lang='lat' dir='ltr'>Appius</span> <span class='ocrx_word' id='word_1_138' title='bbox 355 733 412 758; x_wconf 88' lang='lat' dir='ltr'>sine</span> <span class='ocrx_word' id='word_1_139' title='bbox 430 731 487 768; x_wconf 85' lang='lat' dir='ltr'>lege</span> <span class='ocrx_word' id='word_1_140' title='bbox 502 732 602 758; x_wconf 86' lang='lat' dir='ltr'>curiata</span> <span class='ocrx_word' id='word_1_141' title='bbox 618 732 756 758; x_wconf 84' lang='lat' dir='ltr'>confirmat</span> <span class='ocrx_word' id='word_1_142' title='bbox 769 740 798 758; x_wconf 88' lang='lat' dir='ltr'>se</span> <span class='ocrx_word' id='word_1_143' title='bbox 814 732 925 759; x_wconf 83' lang='lat' dir='ltr'>Lentulo</span> <span class='ocrx_word' id='word_1_144' title='bbox 937 738 1024 759; x_wconf 87' lang='lat' dir='ltr'>nostro</span> 
     </span>
     <span class='ocr_line' id='line_1_21' title="bbox 236 769 1024 804; baseline 0 -9"><span class='ocrx_word' id='word_1_145' title='bbox 236 778 438 795; x_wconf 81' lang='lat' dir='ltr'>successurum:</span> <span class='ocrx_word' id='word_1_146' title='bbox 475 769 521 804; x_wconf 89' lang='lat' dir='ltr'>qui</span> <span class='ocrx_word' id='word_1_147' title='bbox 542 769 652 804; x_wconf 89' lang='lat' dir='ltr'>quidem</span> <span class='ocrx_word' id='word_1_148' title='bbox 675 769 804 796; x_wconf 83' lang='lat' dir='ltr'>mirificus</span> <span class='ocrx_word' id='word_1_149' title='bbox 824 769 869 795; x_wconf 88' lang='lat' dir='ltr'>illo</span> <span class='ocrx_word' id='word_1_150' title='bbox 884 769 927 796; x_wconf 88' lang='lat' dir='ltr'>die</span> <span class='ocrx_word' id='word_1_151' title='bbox 942 769 1024 804; x_wconf 88' lang='lat' dir='ltr'>(quod</span> 
     </span>
     <span class='ocr_line' id='line_1_22' title="bbox 236 806 1024 841; baseline 0 -8"><span class='ocrx_word' id='word_1_152' title='bbox 236 815 318 841; x_wconf 87' lang='lat' dir='ltr'>paene</span> <span class='ocrx_word' id='word_1_153' title='bbox 334 806 468 841; x_wconf 86' lang='lat' dir='ltr'>praeterii)</span> <span class='ocrx_word' id='word_1_154' title='bbox 489 806 539 833; x_wconf 87' lang='lat' dir='ltr'>fuit</span> <span class='ocrx_word' id='word_1_155' title='bbox 557 807 583 833; x_wconf 92' lang='lat' dir='ltr'>in</span> <span class='ocrx_word' id='word_1_156' title='bbox 599 806 760 833; x_wconf 85' lang='lat' dir='ltr'>Gabinium.-</span> <span class='ocrx_word' id='word_1_157' title='bbox 789 807 925 833; x_wconf 86' lang='lat' dir='ltr'>accusavit</span> <span class='ocrx_word' id='word_1_158' title='bbox 941 808 1024 833; x_wconf 86' lang='lat' dir='ltr'>maie-</span> 
     </span>
     <span class='ocr_line' id='line_1_23' title="bbox 235 843 1024 878; baseline 0.001 -9"><span class='ocrx_word' id='word_1_159' title='bbox 235 845 323 876; x_wconf 87' lang='lat' dir='ltr'>statis;</span> <span class='ocrx_word' id='word_1_160' title='bbox 347 844 453 870; x_wconf 91' lang='lat' dir='ltr'>nomina</span> <span class='ocrx_word' id='word_1_161' title='bbox 465 843 534 874; x_wconf 81' lang='lat' dir='ltr'>data.</span> <span class='ocrx_word' id='word_1_162' title='bbox 547 852 632 878; x_wconf 89' lang='lat' dir='ltr'>quum</span> <span class='ocrx_word' id='word_1_163' title='bbox 645 843 689 870; x_wconf 88' lang='lat' dir='ltr'>ille</span> <span class='ocrx_word' id='word_1_164' title='bbox 701 844 814 870; x_wconf 91' lang='lat' dir='ltr'>verbum</span> <span class='ocrx_word' id='word_1_165' title='bbox 826 844 941 870; x_wconf 91' lang='lat' dir='ltr'>nullum.</span> <span class='ocrx_word' id='word_1_166' title='bbox 973 845 1024 870; x_wconf 84' lang='lat' dir='ltr'>lla-</span> 
     </span>
     <span class='ocr_line' id='line_1_24' title="bbox 235 880 1024 917; baseline 0.001 -10"><span class='ocrx_word' id='word_1_167' title='bbox 235 881 283 907; x_wconf 89' lang='lat' dir='ltr'>bes</span> <span class='ocrx_word' id='word_1_168' title='bbox 297 880 421 907; x_wconf 80' lang='lat' dir='ltr'>forensia.</span> <span class='ocrx_word' id='word_1_169' title='bbox 450 881 525 907; x_wconf 87' lang='lat' dir='ltr'>Domi</span> <span class='ocrx_word' id='word_1_170' title='bbox 537 885 615 912; x_wconf 81' lang='lat' dir='ltr'>recte,</span> <span class='ocrx_word' id='word_1_171' title='bbox 629 881 723 916; x_wconf 83' lang='lat' dir='ltr'>etipsa</span> <span class='ocrx_word' id='word_1_172' title='bbox 734 881 831 908; x_wconf 91' lang='lat' dir='ltr'>domus</span> <span class='ocrx_word' id='word_1_173' title='bbox 845 891 859 908; x_wconf 90' lang='lat' dir='ltr'>a</span> <span class='ocrx_word' id='word_1_174' title='bbox 873 881 1024 917; x_wconf 88' lang='lat' dir='ltr'>redempto-</span> 
     </span>
     <span class='ocr_line' id='line_1_25' title="bbox 235 918 815 954; baseline 0 -10"><span class='ocrx_word' id='word_1_175' title='bbox 235 918 310 944; x_wconf 90' lang='lat' dir='ltr'>ribus</span> <span class='ocrx_word' id='word_1_176' title='bbox 323 922 447 945; x_wconf 81' lang='lat' dir='ltr'>tractatur</span> <span class='ocrx_word' id='word_1_177' title='bbox 457 927 509 944; x_wconf 94' lang='lat' dir='ltr'>non</span> <span class='ocrx_word' id='word_1_178' title='bbox 521 918 702 954; x_wconf 80' lang='lat' dir='ltr'>indiligenter.</span> <span class='ocrx_word' id='word_1_179' title='bbox 742 918 815 945; x_wconf 89' lang='lat' dir='ltr'>Vale.</span> 
     </span>
    </p>
   </div>
   <div class='ocr_carea' id='block_1_10' title="bbox 235 987 1024 1083">
    <p class='ocr_par' dir='ltr' id='par_1_10' title="bbox 235 987 1024 1083">
     <span class='ocr_line' id='line_1_26' title="bbox 287 987 1023 1009; baseline 0 -1"><span class='ocrx_word' id='word_1_180' title='bbox 287 987 327 1008; x_wconf 84' lang='grc' dir='ltr'>ΙΙΙ.</span> <span class='ocrx_word' id='word_1_181' title='bbox 344 988 361 1008; x_wconf 76' lang='grc' dir='ltr'><strong>Δ</strong></span> <span class='ocrx_word' id='word_1_182' title='bbox 369 988 420 1008; x_wconf 76' lang='lat' dir='ltr'>Ro.</span> <span class='ocrx_word' id='word_1_183' title='bbox 443 988 476 1008; x_wconf 86' lang='lat' dir='ltr'>De</span> <span class='ocrx_word' id='word_1_184' title='bbox 485 988 549 1008; x_wconf 75' lang='lat' dir='ltr'>rehu·</span> <span class='ocrx_word' id='word_1_185' title='bbox 559 987 687 1008; x_wconf 67' lang='lat' dir='ltr'>‹lanne-ticin</span> <span class='ocrx_word' id='word_1_186' title='bbox 697 987 815 1008; x_wconf 79' lang='lat' dir='ltr'>nonnulla:</span> <span class='ocrx_word' id='word_1_187' title='bbox 842 987 979 1009; x_wconf 68' lang='lat' dir='ltr'>comitiorum</span> <span class='ocrx_word' id='word_1_188' title='bbox 990 987 1023 1008; x_wconf 81' lang='lat' dir='ltr'>di-</span> 
     </span>
     <span class='ocr_line' id='line_1_27' title="bbox 235 1022 1022 1047; baseline 0 -4"><span class='ocrx_word' id='word_1_189' title='bbox 235 1022 343 1043; x_wconf 71' lang='lat' dir='ltr'>latione-2</span> <span class='ocrx_word' id='word_1_190' title='bbox 365 1022 474 1043; x_wconf 70' lang='lat' dir='ltr'>Gabinius</span> <span class='ocrx_word' id='word_1_191' title='bbox 489 1023 516 1042; x_wconf 79' lang='lat' dir='ltr'>de</span> <span class='ocrx_word' id='word_1_192' title='bbox 525 1022 607 1043; x_wconf 73' lang='lat' dir='ltr'>ambitu</span> <span class='ocrx_word' id='word_1_193' title='bbox 617 1029 678 1043; x_wconf 71' lang='lat' dir='ltr'>reus:</span> <span class='ocrx_word' id='word_1_194' title='bbox 697 1026 717 1043; x_wconf 83' lang='lat' dir='ltr'>et</span> <span class='ocrx_word' id='word_1_195' title='bbox 729 1023 843 1044; x_wconf 73' lang='lat' dir='ltr'>Ciceroni·</span> <span class='ocrx_word' id='word_1_196' title='bbox 854 1024 880 1047; x_wconf 73' lang='lat' dir='ltr'>Q.</span> <span class='ocrx_word' id='word_1_197' title='bbox 891 1023 933 1043; x_wconf 82' lang='lat' dir='ltr'>filii</span> <span class='ocrx_word' id='word_1_198' title='bbox 942 1023 964 1043; x_wconf 84' lang='lat' dir='ltr'>in</span> <span class='ocrx_word' id='word_1_199' title='bbox 975 1023 1022 1043; x_wconf 75' lang='lat' dir='ltr'>rhe-</span> 
     </span>
     <span class='ocr_line' id='line_1_28' title="bbox 235 1057 1024 1083; baseline 0.001 -6"><span class='ocrx_word' id='word_1_200' title='bbox 235 1061 282 1078; x_wconf 79' lang='lat' dir='ltr'>tore</span> <span class='ocrx_word' id='word_1_201' title='bbox 292 1057 400 1078; x_wconf 76' lang='lat' dir='ltr'>audiendo</span> <span class='ocrx_word' id='word_1_202' title='bbox 410 1057 535 1082; x_wconf 69' lang='lat' dir='ltr'>diligentia.</span> <span class='ocrx_word' id='word_1_203' title='bbox 562 1060 648 1080; x_wconf 70' lang='lat' dir='ltr'>(Rom-w.</span> <span class='ocrx_word' id='word_1_204' title='bbox 660 1060 750 1080; x_wconf 69' lang='lat' dir='ltr'>nummu,</span> <span class='ocrx_word' id='word_1_205' title='bbox 759 1060 810 1083; x_wconf 77' lang='lat' dir='ltr'>App.</span> <span class='ocrx_word' id='word_1_206' title='bbox 822 1061 902 1078; x_wconf 70' lang='lat' dir='ltr'>Pulchro</span> <span class='ocrx_word' id='word_1_207' title='bbox 913 1068 957 1078; x_wconf 68' lang='lat' dir='ltr'>ems.</span> <span class='ocrx_word' id='word_1_208' title='bbox 970 1062 1024 1082; x_wconf 72' lang='grc' dir='ltr'>τοο.)</span> 
     </span>
    </p>
   </div>
   <div class='ocr_carea' id='block_1_11' title="bbox 229 1102 1024 2254">
    <p class='ocr_par' dir='ltr' id='par_1_11' title="bbox 353 1102 909 1135">
     <span class='ocr_line' id='line_1_29' title="bbox 353 1102 909 1135; baseline 0.002 -6"><span class='ocrx_word' id='word_1_209' title='bbox 353 1103 388 1129; x_wconf 86' lang='grc' dir='ltr'>Μ.</span> <span class='ocrx_word' id='word_1_210' title='bbox 415 1102 558 1129; x_wconf 79' lang='lat' dir='ltr'>CICERO</span> <span class='ocrx_word' id='word_1_211' title='bbox 584 1102 610 1129; x_wconf 85' lang='lat' dir='ltr'>S.</span> <span class='ocrx_word' id='word_1_212' title='bbox 635 1103 666 1130; x_wconf 88' lang='lat' dir='ltr'>D.</span> <span class='ocrx_word' id='word_1_213' title='bbox 693 1102 725 1135; x_wconf 90' lang='lat' dir='ltr'>Q.</span> <span class='ocrx_word' id='word_1_214' title='bbox 754 1103 909 1130; x_wconf 77' lang='lat' dir='ltr'>FRATRI.</span> 
     </span>
    </p>

    <p class='ocr_par' dir='ltr' id='par_1_12' title="bbox 229 1135 1024 2254">
     <span class='ocr_line' id='line_1_30' title="bbox 292 1135 1023 1176; baseline 0 -10"><span class='ocrx_word' id='word_1_215' title='bbox 292 1142 314 1166; x_wconf 81' lang='lat' dir='ltr'>t.</span> <span class='ocrx_word' id='word_1_216' title='bbox 331 1135 549 1175; x_wconf 86' lang='lat' dir='ltr'>Occupationum</span> <span class='ocrx_word' id='word_1_217' title='bbox 561 1148 680 1166; x_wconf 82' lang='lat' dir='ltr'>mearum</span> <span class='ocrx_word' id='word_1_218' title='bbox 693 1140 741 1166; x_wconf 86' lang='lat' dir='ltr'>tibi</span> <span class='ocrx_word' id='word_1_219' title='bbox 753 1141 862 1176; x_wconf 81' lang='lat' dir='ltr'>signum</span> <span class='ocrx_word' id='word_1_220' title='bbox 873 1141 908 1167; x_wconf 87' lang='lat' dir='ltr'>sit</span> <span class='ocrx_word' id='word_1_221' title='bbox 920 1140 1023 1166; x_wconf 91' lang='lat' dir='ltr'>librarii</span> 
     </span>
     <span class='ocr_line' id='line_1_31' title="bbox 235 1177 1022 1212; baseline 0 -9"><span class='ocrx_word' id='word_1_222' title='bbox 235 1186 340 1204; x_wconf 86' lang='lat' dir='ltr'>manus.</span> <span class='ocrx_word' id='word_1_223' title='bbox 381 1178 454 1203; x_wconf 88' lang='lat' dir='ltr'>Diem</span> <span class='ocrx_word' id='word_1_224' title='bbox 470 1178 536 1203; x_wconf 88' lang='lat' dir='ltr'>scito</span> <span class='ocrx_word' id='word_1_225' title='bbox 551 1185 609 1203; x_wconf 87' lang='lat' dir='ltr'>esse</span> <span class='ocrx_word' id='word_1_226' title='bbox 624 1177 738 1208; x_wconf 86' lang='lat' dir='ltr'>nullum,</span> <span class='ocrx_word' id='word_1_227' title='bbox 751 1186 805 1212; x_wconf 91' lang='lat' dir='ltr'>quo</span> <span class='ocrx_word' id='word_1_228' title='bbox 816 1178 860 1204; x_wconf 91' lang='lat' dir='ltr'>die</span> <span class='ocrx_word' id='word_1_229' title='bbox 872 1186 924 1204; x_wconf 93' lang='lat' dir='ltr'>non</span> <span class='ocrx_word' id='word_1_230' title='bbox 935 1178 1022 1204; x_wconf 89' lang='lat' dir='ltr'>dicam</span> 
     </span>
     <span class='ocr_line' id='line_1_32' title="bbox 234 1214 1024 1250; baseline 0.001 -10"><span class='ocrx_word' id='word_1_231' title='bbox 234 1223 282 1249; x_wconf 91' lang='lat' dir='ltr'>pro</span> <span class='ocrx_word' id='word_1_232' title='bbox 293 1223 346 1241; x_wconf 93' lang='lat' dir='ltr'>reo.</span> <span class='ocrx_word' id='word_1_233' title='bbox 386 1215 432 1245; x_wconf 88' lang='lat' dir='ltr'>Ita,</span> <span class='ocrx_word' id='word_1_234' title='bbox 446 1214 580 1249; x_wconf 88' lang='lat' dir='ltr'>quidquid</span> <span class='ocrx_word' id='word_1_235' title='bbox 595 1214 706 1241; x_wconf 82' lang='lat' dir='ltr'>conficio</span> <span class='ocrx_word' id='word_1_236' title='bbox 720 1219 765 1241; x_wconf 87' lang='lat' dir='ltr'>aut</span> <span class='ocrx_word' id='word_1_237' title='bbox 776 1215 871 1250; x_wconf 86' lang='lat' dir='ltr'>cogito,</span> <span class='ocrx_word' id='word_1_238' title='bbox 888 1215 915 1241; x_wconf 92' lang='lat' dir='ltr'>in</span> <span class='ocrx_word' id='word_1_239' title='bbox 927 1215 1024 1241; x_wconf 89' lang='lat' dir='ltr'>ambu-</span> 
     </span>
     <span class='ocr_line' id='line_1_33' title="bbox 235 1250 1023 1288; baseline 0.001 -11"><span class='ocrx_word' id='word_1_240' title='bbox 235 1252 340 1278; x_wconf 82' lang='lat' dir='ltr'>lationis</span> <span class='ocrx_word' id='word_1_241' title='bbox 361 1250 414 1277; x_wconf 88' lang='lat' dir='ltr'>fere</span> <span class='ocrx_word' id='word_1_242' title='bbox 435 1256 540 1286; x_wconf 88' lang='lat' dir='ltr'>tempus</span> <span class='ocrx_word' id='word_1_243' title='bbox 559 1251 675 1278; x_wconf 80' lang='lat' dir='ltr'>confero.</span> <span class='ocrx_word' id='word_1_244' title='bbox 716 1252 826 1288; x_wconf 80' lang='lat' dir='ltr'>Negotia</span> <span class='ocrx_word' id='word_1_245' title='bbox 843 1257 930 1278; x_wconf 85' lang='lat' dir='ltr'>nostra</span> <span class='ocrx_word' id='word_1_246' title='bbox 944 1253 984 1278; x_wconf 92' lang='lat' dir='ltr'>sic</span> <span class='ocrx_word' id='word_1_247' title='bbox 995 1260 1023 1278; x_wconf 90' lang='lat' dir='ltr'>se</span> 
     </span>
     <span class='ocr_line' id='line_1_34' title="bbox 235 1288 1021 1324; baseline 0.001 -10"><span class='ocrx_word' id='word_1_248' title='bbox 235 1289 347 1315; x_wconf 82' lang='lat' dir='ltr'>habent:</span> <span class='ocrx_word' id='word_1_249' title='bbox 370 1288 515 1315; x_wconf 87' lang='lat' dir='ltr'>domestica</span> <span class='ocrx_word' id='word_1_250' title='bbox 528 1297 598 1319; x_wconf 90' lang='lat' dir='ltr'>vero,</span> <span class='ocrx_word' id='word_1_251' title='bbox 615 1293 643 1315; x_wconf 92' lang='lat' dir='ltr'>ut</span> <span class='ocrx_word' id='word_1_252' title='bbox 653 1288 789 1316; x_wconf 84' lang='lat' dir='ltr'>volumus.</span> <span class='ocrx_word' id='word_1_253' title='bbox 829 1289 923 1316; x_wconf 89' lang='lat' dir='ltr'>Valent</span> <span class='ocrx_word' id='word_1_254' title='bbox 934 1289 1021 1324; x_wconf 88' lang='lat' dir='ltr'>pueri,</span> 
     </span>
     <span class='ocr_line' id='line_1_35' title="bbox 233 1325 1024 1361; baseline 0.001 -9"><span class='ocrx_word' id='word_1_255' title='bbox 233 1325 352 1352; x_wconf 80' lang='lat' dir='ltr'>studiose</span> <span class='ocrx_word' id='word_1_256' title='bbox 373 1325 493 1356; x_wconf 85' lang='lat' dir='ltr'>discunt,</span> <span class='ocrx_word' id='word_1_257' title='bbox 511 1325 654 1361; x_wconf 84' lang='lat' dir='ltr'>diligenter</span> <span class='ocrx_word' id='word_1_258' title='bbox 667 1326 807 1353; x_wconf 79' lang='lat' dir='ltr'>docentur:</span> <span class='ocrx_word' id='word_1_259' title='bbox 839 1331 865 1353; x_wconf 88' lang='lat' dir='ltr'>et</span> <span class='ocrx_word' id='word_1_260' title='bbox 876 1335 932 1357; x_wconf 89' lang='lat' dir='ltr'>nos,</span> <span class='ocrx_word' id='word_1_261' title='bbox 946 1332 971 1353; x_wconf 91' lang='lat' dir='ltr'>et</span> <span class='ocrx_word' id='word_1_262' title='bbox 982 1327 1024 1353; x_wconf 92' lang='lat' dir='ltr'>in-</span> 
     </span>
     <span class='ocr_line' id='line_1_36' title="bbox 234 1362 1024 1399; baseline 0.001 -10"><span class='ocrx_word' id='word_1_263' title='bbox 234 1368 271 1390; x_wconf 90' lang='lat' dir='ltr'>ter</span> <span class='ocrx_word' id='word_1_264' title='bbox 291 1371 320 1389; x_wconf 89' lang='lat' dir='ltr'>se</span> <span class='ocrx_word' id='word_1_265' title='bbox 335 1367 433 1389; x_wconf 87' lang='lat' dir='ltr'>amant.</span> <span class='ocrx_word' id='word_1_266' title='bbox 473 1362 656 1398; x_wconf 81' lang='lat' dir='ltr'>Expolitiones</span> <span class='ocrx_word' id='word_1_267' title='bbox 672 1364 813 1399; x_wconf 91' lang='lat' dir='ltr'>utriusque</span> <span class='ocrx_word' id='word_1_268' title='bbox 829 1369 949 1390; x_wconf 88' lang='lat' dir='ltr'>nostrum</span> <span class='ocrx_word' id='word_1_269' title='bbox 961 1368 1024 1391; x_wconf 89' lang='lat' dir='ltr'>sunt</span> 
     </span>
     <span class='ocr_line' id='line_1_37' title="bbox 233 1400 1023 1435; baseline 0.001 -9"><span class='ocrx_word' id='word_1_270' title='bbox 233 1401 259 1426; x_wconf 94' lang='lat' dir='ltr'>in</span> <span class='ocrx_word' id='word_1_271' title='bbox 281 1400 420 1426; x_wconf 89' lang='lat' dir='ltr'>manibus:</span> <span class='ocrx_word' id='word_1_272' title='bbox 456 1400 504 1426; x_wconf 87' lang='lat' dir='ltr'>sed</span> <span class='ocrx_word' id='word_1_273' title='bbox 523 1405 567 1426; x_wconf 90' lang='lat' dir='ltr'>tua</span> <span class='ocrx_word' id='word_1_274' title='bbox 583 1400 616 1426; x_wconf 93' lang='lat' dir='ltr'>ad</span> <span class='ocrx_word' id='word_1_275' title='bbox 634 1400 780 1435; x_wconf 87' lang='lat' dir='ltr'>perfectum</span> <span class='ocrx_word' id='word_1_276' title='bbox 797 1401 850 1427; x_wconf 88' lang='lat' dir='ltr'>iam</span> <span class='ocrx_word' id='word_1_277' title='bbox 866 1410 908 1428; x_wconf 91' lang='lat' dir='ltr'>res</span> <span class='ocrx_word' id='word_1_278' title='bbox 924 1402 1023 1428; x_wconf 88' lang='lat' dir='ltr'>rustica</span> 
     </span>
     <span class='ocr_line' id='line_1_38' title="bbox 232 1437 1022 1473; baseline 0.003 -10"><span class='ocrx_word' id='word_1_279' title='bbox 232 1437 328 1464; x_wconf 73' lang='lat' dir='ltr'>Arcani</span> <span class='ocrx_word' id='word_1_280' title='bbox 349 1442 375 1464; x_wconf 89' lang='lat' dir='ltr'>et</span> <span class='ocrx_word' id='word_1_281' title='bbox 395 1437 502 1463; x_wconf 86' lang='lat' dir='ltr'>Laterii.</span> <span class='ocrx_word' id='word_1_282' title='bbox 542 1438 678 1464; x_wconf 85' lang='lat' dir='ltr'>Praeterea</span> <span class='ocrx_word' id='word_1_283' title='bbox 698 1437 731 1464; x_wconf 94' lang='lat' dir='ltr'>de</span> <span class='ocrx_word' id='word_1_284' title='bbox 751 1447 821 1473; x_wconf 90' lang='lat' dir='ltr'>aqua</span> <span class='ocrx_word' id='word_1_285' title='bbox 841 1442 867 1465; x_wconf 86' lang='lat' dir='ltr'>et</span> <span class='ocrx_word' id='word_1_286' title='bbox 886 1439 930 1465; x_wconf 81' lang='lat' dir='ltr'>via</span> <span class='ocrx_word' id='word_1_287' title='bbox 954 1438 1022 1465; x_wconf 90' lang='lat' dir='ltr'>nihil</span> 
     </span>
     <span class='ocr_line' id='line_1_39' title="bbox 232 1474 1022 1510; baseline 0.003 -10"><span class='ocrx_word' id='word_1_288' title='bbox 232 1475 400 1510; x_wconf 80' lang='lat' dir='ltr'>praetermisi</span> <span class='ocrx_word' id='word_1_289' title='bbox 420 1474 536 1510; x_wconf 88' lang='lat' dir='ltr'>quadam</span> <span class='ocrx_word' id='word_1_290' title='bbox 558 1474 683 1509; x_wconf 85' lang='lat' dir='ltr'>epistola,</span> <span class='ocrx_word' id='word_1_291' title='bbox 706 1476 772 1510; x_wconf 91' lang='lat' dir='ltr'>quin</span> <span class='ocrx_word' id='word_1_292' title='bbox 793 1475 930 1502; x_wconf 87' lang='lat' dir='ltr'>enucleate</span> <span class='ocrx_word' id='word_1_293' title='bbox 950 1475 982 1502; x_wconf 85' lang='lat' dir='ltr'>ad</span> <span class='ocrx_word' id='word_1_294' title='bbox 998 1480 1022 1502; x_wconf 90' lang='lat' dir='ltr'>te</span> 
     </span>
     <span class='ocr_line' id='line_1_40' title="bbox 231 1511 1023 1549; baseline 0 -11"><span class='ocrx_word' id='word_1_295' title='bbox 231 1512 436 1547; x_wconf 86' lang='lat' dir='ltr'>perscriberem.</span> <span class='ocrx_word' id='word_1_296' title='bbox 478 1511 530 1538; x_wconf 84' lang='lat' dir='ltr'>Sed</span> <span class='ocrx_word' id='word_1_297' title='bbox 551 1521 594 1538; x_wconf 92' lang='lat' dir='ltr'>me</span> <span class='ocrx_word' id='word_1_298' title='bbox 611 1511 656 1538; x_wconf 84' lang='lat' dir='ltr'>illa</span> <span class='ocrx_word' id='word_1_299' title='bbox 675 1521 739 1539; x_wconf 87' lang='lat' dir='ltr'>cura</span> <span class='ocrx_word' id='word_1_300' title='bbox 756 1512 881 1540; x_wconf 87' lang='lat' dir='ltr'>sollicitat</span> <span class='ocrx_word' id='word_1_301' title='bbox 895 1514 1023 1549; x_wconf 81' lang='lat' dir='ltr'>angitque</span> 
     </span>
     <span class='ocr_line' id='line_1_41' title="bbox 231 1549 1023 1585; baseline 0.001 -10"><span class='ocrx_word' id='word_1_302' title='bbox 231 1549 416 1580; x_wconf 85' lang='lat' dir='ltr'>vehementer,</span> <span class='ocrx_word' id='word_1_303' title='bbox 433 1549 506 1584; x_wconf 88' lang='lat' dir='ltr'>quod</span> <span class='ocrx_word' id='word_1_304' title='bbox 520 1549 626 1575; x_wconf 87' lang='lat' dir='ltr'>dierum</span> <span class='ocrx_word' id='word_1_305' title='bbox 641 1550 693 1575; x_wconf 89' lang='lat' dir='ltr'>iam</span> <span class='ocrx_word' id='word_1_306' title='bbox 710 1549 828 1585; x_wconf 88' lang='lat' dir='ltr'>amplius</span> <span class='ocrx_word' id='word_1_307' title='bbox 844 1551 862 1576; x_wconf 93' lang='lat' dir='ltr'>L</span> <span class='ocrx_word' id='word_1_308' title='bbox 883 1550 1023 1577; x_wconf 87' lang='lat' dir='ltr'>intervallo</span> 
     </span>
     <span class='ocr_line' id='line_1_42' title="bbox 231 1586 1024 1619; baseline 0.003 -7"><span class='ocrx_word' id='word_1_309' title='bbox 231 1586 299 1613; x_wconf 89' lang='lat' dir='ltr'>nihil</span> <span class='ocrx_word' id='word_1_310' title='bbox 311 1595 325 1612; x_wconf 92' lang='lat' dir='ltr'>a</span> <span class='ocrx_word' id='word_1_311' title='bbox 337 1591 370 1617; x_wconf 88' lang='lat' dir='ltr'>te,</span> <span class='ocrx_word' id='word_1_312' title='bbox 384 1586 453 1612; x_wconf 86' lang='lat' dir='ltr'>nihil</span> <span class='ocrx_word' id='word_1_313' title='bbox 464 1595 478 1612; x_wconf 91' lang='lat' dir='ltr'>a</span> <span class='ocrx_word' id='word_1_314' title='bbox 490 1586 609 1618; x_wconf 81' lang='lat' dir='ltr'>Caesare,</span> <span class='ocrx_word' id='word_1_315' title='bbox 624 1586 691 1613; x_wconf 90' lang='lat' dir='ltr'>nihil</span> <span class='ocrx_word' id='word_1_316' title='bbox 703 1596 737 1613; x_wconf 89' lang='lat' dir='ltr'>ex</span> <span class='ocrx_word' id='word_1_317' title='bbox 748 1587 807 1614; x_wconf 86' lang='lat' dir='ltr'>istis</span> <span class='ocrx_word' id='word_1_318' title='bbox 819 1587 893 1619; x_wconf 85' lang='lat' dir='ltr'>locis,</span> <span class='ocrx_word' id='word_1_319' title='bbox 902 1596 954 1614; x_wconf 93' lang='lat' dir='ltr'>non</span> <span class='ocrx_word' id='word_1_320' title='bbox 966 1596 1024 1613; x_wconf 91' lang='lat' dir='ltr'>mo-</span> 
     </span>
     <span class='ocr_line' id='line_1_43' title="bbox 231 1623 1022 1659; baseline 0.003 -10"><span class='ocrx_word' id='word_1_321' title='bbox 231 1623 265 1650; x_wconf 93' lang='lat' dir='ltr'>do</span> <span class='ocrx_word' id='word_1_322' title='bbox 286 1623 441 1655; x_wconf 85' lang='lat' dir='ltr'>litterarum,</span> <span class='ocrx_word' id='word_1_323' title='bbox 459 1623 506 1650; x_wconf 88' lang='lat' dir='ltr'>sed</span> <span class='ocrx_word' id='word_1_324' title='bbox 521 1632 554 1650; x_wconf 89' lang='lat' dir='ltr'>ne</span> <span class='ocrx_word' id='word_1_325' title='bbox 569 1624 685 1650; x_wconf 90' lang='lat' dir='ltr'>rumoris</span> <span class='ocrx_word' id='word_1_326' title='bbox 700 1624 811 1659; x_wconf 90' lang='lat' dir='ltr'>quidem</span> <span class='ocrx_word' id='word_1_327' title='bbox 826 1624 940 1651; x_wconf 81' lang='lat' dir='ltr'>affluxit.</span> <span class='ocrx_word' id='word_1_328' title='bbox 981 1625 1022 1650; x_wconf 83' lang='lat' dir='ltr'>Me</span> 
     </span>
     <span class='ocr_line' id='line_1_44' title="bbox 231 1661 1022 1696; baseline 0.001 -9"><span class='ocrx_word' id='word_1_329' title='bbox 231 1665 320 1687; x_wconf 87' lang='lat' dir='ltr'>autem</span> <span class='ocrx_word' id='word_1_330' title='bbox 341 1661 393 1687; x_wconf 92' lang='lat' dir='ltr'>iam</span> <span class='ocrx_word' id='word_1_331' title='bbox 414 1665 440 1687; x_wconf 90' lang='lat' dir='ltr'>et</span> <span class='ocrx_word' id='word_1_332' title='bbox 460 1669 531 1687; x_wconf 89' lang='lat' dir='ltr'>mare</span> <span class='ocrx_word' id='word_1_333' title='bbox 551 1661 621 1688; x_wconf 87' lang='lat' dir='ltr'>istuc</span> <span class='ocrx_word' id='word_1_334' title='bbox 640 1665 667 1688; x_wconf 86' lang='lat' dir='ltr'>et</span> <span class='ocrx_word' id='word_1_335' title='bbox 681 1665 750 1688; x_wconf 87' lang='lat' dir='ltr'>terra</span> <span class='ocrx_word' id='word_1_336' title='bbox 764 1661 902 1688; x_wconf 88' lang='lat' dir='ltr'>sollicitat:</span> <span class='ocrx_word' id='word_1_337' title='bbox 935 1670 1022 1696; x_wconf 91' lang='lat' dir='ltr'>neque</span> 
     </span>
     <span class='ocr_line' id='line_1_45' title="bbox 231 1697 1020 1734; baseline 0 -10"><span class='ocrx_word' id='word_1_338' title='bbox 231 1697 325 1724; x_wconf 88' lang='lat' dir='ltr'>desino</span> <span class='ocrx_word' id='word_1_339' title='bbox 336 1697 375 1733; x_wconf 93' lang='lat' dir='ltr'>(ut</span> <span class='ocrx_word' id='word_1_340' title='bbox 386 1698 414 1724; x_wconf 83' lang='lat' dir='ltr'>fit</span> <span class='ocrx_word' id='word_1_341' title='bbox 423 1698 451 1724; x_wconf 89' lang='lat' dir='ltr'>in</span> <span class='ocrx_word' id='word_1_342' title='bbox 462 1698 560 1733; x_wconf 90' lang='lat' dir='ltr'>amore)</span> <span class='ocrx_word' id='word_1_343' title='bbox 570 1707 608 1729; x_wconf 91' lang='lat' dir='ltr'>ea,</span> <span class='ocrx_word' id='word_1_344' title='bbox 617 1707 686 1733; x_wconf 90' lang='lat' dir='ltr'>quae</span> <span class='ocrx_word' id='word_1_345' title='bbox 697 1699 809 1725; x_wconf 91' lang='lat' dir='ltr'>minime</span> <span class='ocrx_word' id='word_1_346' title='bbox 815 1699 884 1730; x_wconf 90' lang='lat' dir='ltr'>volo,</span> <span class='ocrx_word' id='word_1_347' title='bbox 894 1700 1020 1734; x_wconf 84' lang='lat' dir='ltr'>cogitare.</span> 
     </span>
     <span class='ocr_line' id='line_1_46' title="bbox 231 1734 1022 1771; baseline 0.001 -10"><span class='ocrx_word' id='word_1_348' title='bbox 231 1734 318 1767; x_wconf 87' lang='lat' dir='ltr'>Quare</span> <span class='ocrx_word' id='word_1_349' title='bbox 339 1743 393 1761; x_wconf 91' lang='lat' dir='ltr'>non·</span> <span class='ocrx_word' id='word_1_350' title='bbox 406 1735 532 1770; x_wconf 87' lang='lat' dir='ltr'>equidem</span> <span class='ocrx_word' id='word_1_351' title='bbox 548 1736 602 1761; x_wconf 81' lang='lat' dir='ltr'>iam</span> <span class='ocrx_word' id='word_1_352' title='bbox 618 1740 642 1762; x_wconf 92' lang='lat' dir='ltr'>te</span> <span class='ocrx_word' id='word_1_353' title='bbox 653 1744 725 1771; x_wconf 87' lang='lat' dir='ltr'>rogo,</span> <span class='ocrx_word' id='word_1_354' title='bbox 743 1740 773 1762; x_wconf 93' lang='lat' dir='ltr'>ut</span> <span class='ocrx_word' id='word_1_355' title='bbox 787 1735 820 1762; x_wconf 89' lang='lat' dir='ltr'>ad</span> <span class='ocrx_word' id='word_1_356' title='bbox 836 1745 879 1762; x_wconf 86' lang='lat' dir='ltr'>me</span> <span class='ocrx_word' id='word_1_357' title='bbox 894 1736 926 1762; x_wconf 89' lang='lat' dir='ltr'>de</span> <span class='ocrx_word' id='word_1_358' title='bbox 938 1741 971 1767; x_wconf 88' lang='lat' dir='ltr'>te,</span> <span class='ocrx_word' id='word_1_359' title='bbox 988 1735 1022 1762; x_wconf 92' lang='lat' dir='ltr'>de</span> 
     </span>
     <span class='ocr_line' id='line_1_47' title="bbox 231 1771 1019 1808; baseline 0.001 -10"><span class='ocrx_word' id='word_1_360' title='bbox 231 1771 312 1798; x_wconf 90' lang='lat' dir='ltr'>rebus</span> <span class='ocrx_word' id='word_1_361' title='bbox 331 1773 390 1798; x_wconf 86' lang='lat' dir='ltr'>istis</span> <span class='ocrx_word' id='word_1_362' title='bbox 409 1772 524 1803; x_wconf 85' lang='lat' dir='ltr'>scribas,</span> <span class='ocrx_word' id='word_1_363' title='bbox 546 1772 704 1807; x_wconf 88' lang='lat' dir='ltr'>(numquam</span> <span class='ocrx_word' id='word_1_364' title='bbox 726 1773 812 1804; x_wconf 89' lang='lat' dir='ltr'>enim,</span> <span class='ocrx_word' id='word_1_365' title='bbox 834 1782 920 1808; x_wconf 89' lang='lat' dir='ltr'>quum</span> <span class='ocrx_word' id='word_1_366' title='bbox 935 1777 1019 1807; x_wconf 82' lang='lat' dir='ltr'>potes,</span> 
     </span>
     <span class='ocr_line' id='line_1_48' title="bbox 231 1809 1022 1845; baseline 0.001 -10"><span class='ocrx_word' id='word_1_367' title='bbox 231 1809 446 1845; x_wconf 84' lang='lat' dir='ltr'>praetermittis,)</span> <span class='ocrx_word' id='word_1_368' title='bbox 467 1809 514 1835; x_wconf 88' lang='lat' dir='ltr'>sed</span> <span class='ocrx_word' id='word_1_369' title='bbox 530 1809 580 1835; x_wconf 87' lang='lat' dir='ltr'>hoc</span> <span class='ocrx_word' id='word_1_370' title='bbox 595 1814 619 1836; x_wconf 87' lang='lat' dir='ltr'>te</span> <span class='ocrx_word' id='word_1_371' title='bbox 634 1810 702 1836; x_wconf 89' lang='lat' dir='ltr'>scire</span> <span class='ocrx_word' id='word_1_372' title='bbox 714 1809 788 1841; x_wconf 88' lang='lat' dir='ltr'>volo,</span> <span class='ocrx_word' id='word_1_373' title='bbox 807 1810 875 1836; x_wconf 91' lang='lat' dir='ltr'>nihil</span> <span class='ocrx_word' id='word_1_374' title='bbox 892 1809 946 1836; x_wconf 83' lang='lat' dir='ltr'>fere</span> <span class='ocrx_word' id='word_1_375' title='bbox 960 1818 1022 1836; x_wconf 89' lang='lat' dir='ltr'>um—</span> 
     </span>
     <span class='ocr_line' id='line_1_49' title="bbox 229 1847 1019 1881; baseline 0.001 -9"><span class='ocrx_word' id='word_1_376' title='bbox 229 1854 310 1881; x_wconf 86' lang='lat' dir='ltr'>quam</span> <span class='ocrx_word' id='word_1_377' title='bbox 327 1855 369 1872; x_wconf 92' lang='lat' dir='ltr'>me</span> <span class='ocrx_word' id='word_1_378' title='bbox 384 1847 424 1872; x_wconf 88' lang='lat' dir='ltr'>sic</span> <span class='ocrx_word' id='word_1_379' title='bbox 439 1851 616 1881; x_wconf 85' lang='lat' dir='ltr'>exspectasse,</span> <span class='ocrx_word' id='word_1_380' title='bbox 634 1851 672 1877; x_wconf 92' lang='lat' dir='ltr'>ut,</span> <span class='ocrx_word' id='word_1_381' title='bbox 685 1855 770 1881; x_wconf 91' lang='lat' dir='ltr'>quum</span> <span class='ocrx_word' id='word_1_382' title='bbox 781 1847 846 1873; x_wconf 91' lang='lat' dir='ltr'>haec</span> <span class='ocrx_word' id='word_1_383' title='bbox 857 1847 1019 1878; x_wconf 88' lang='lat' dir='ltr'>scribebam,</span> 
     </span>
     <span class='ocr_line' id='line_1_50' title="bbox 230 1882 1022 1919; baseline 0.001 -10"><span class='ocrx_word' id='word_1_384' title='bbox 230 1882 331 1910; x_wconf 88' lang='lat' dir='ltr'>litteras</span> <span class='ocrx_word' id='word_1_385' title='bbox 347 1887 416 1910; x_wconf 87' lang='lat' dir='ltr'>tuas.</span> <span class='ocrx_word' id='word_1_386' title='bbox 456 1885 482 1910; x_wconf 75' lang='lat'>2.</span> <span class='ocrx_word' id='word_1_387' title='bbox 504 1884 580 1910; x_wconf 91' lang='lat' dir='ltr'>Nunc</span> <span class='ocrx_word' id='word_1_388' title='bbox 594 1892 724 1919; x_wconf 83' lang='lat' dir='ltr'>cognosce</span> <span class='ocrx_word' id='word_1_389' title='bbox 735 1892 774 1915; x_wconf 81' lang='lat' dir='ltr'>ea,</span> <span class='ocrx_word' id='word_1_390' title='bbox 787 1892 856 1919; x_wconf 90' lang='lat' dir='ltr'>quae</span> <span class='ocrx_word' id='word_1_391' title='bbox 867 1889 930 1910; x_wconf 91' lang='lat' dir='ltr'>sunt</span> <span class='ocrx_word' id='word_1_392' title='bbox 941 1885 968 1910; x_wconf 95' lang='lat' dir='ltr'>in</span> <span class='ocrx_word' id='word_1_393' title='bbox 980 1893 1022 1911; x_wconf 87' lang='lat' dir='ltr'>re-</span> 
     </span>
     <span class='ocr_line' id='line_1_51' title="bbox 230 1919 1022 1956; baseline 0.003 -10"><span class='ocrx_word' id='word_1_394' title='bbox 230 1919 349 1955; x_wconf 86' lang='lat' dir='ltr'>publica.</span> <span class='ocrx_word' id='word_1_395' title='bbox 389 1920 563 1947; x_wconf 88' lang='lat' dir='ltr'>Comitiorum</span> <span class='ocrx_word' id='word_1_396' title='bbox 579 1920 699 1955; x_wconf 82' lang='lat' dir='ltr'>quotidie</span> <span class='ocrx_word' id='word_1_397' title='bbox 709 1921 810 1956; x_wconf 81' lang='lat' dir='ltr'>singuli</span> <span class='ocrx_word' id='word_1_398' title='bbox 822 1921 880 1947; x_wconf 89' lang='lat' dir='ltr'>dies</span> <span class='ocrx_word' id='word_1_399' title='bbox 892 1921 1022 1948; x_wconf 91' lang='lat' dir='ltr'>tolluntur</span> 
     </span>
     <span class='ocr_line' id='line_1_52' title="bbox 229 1957 1018 1993; baseline 0.003 -10"><span class='ocrx_word' id='word_1_400' title='bbox 229 1957 488 1988; x_wconf 87' lang='lat' dir='ltr'>obnuntiationibus,</span> <span class='ocrx_word' id='word_1_401' title='bbox 498 1966 593 1993; x_wconf 85' lang='lat' dir='ltr'>magna</span> <span class='ocrx_word' id='word_1_402' title='bbox 605 1957 740 1984; x_wconf 90' lang='lat' dir='ltr'>voluntate</span> <span class='ocrx_word' id='word_1_403' title='bbox 746 1958 876 1985; x_wconf 91' lang='lat' dir='ltr'>bonorum</span> <span class='ocrx_word' id='word_1_404' title='bbox 882 1959 1004 1985; x_wconf 90' lang='lat' dir='ltr'>omnium</span> <span class='ocrx_word' id='word_1_405' title='bbox 1013 1969 1018 1986; x_wconf 75' lang='grc' dir='ltr'><strong><em>ε</em></strong></span> 
     </span>
     <span class='ocr_line' id='line_1_53' title="bbox 230 1994 1021 2031; baseline 0.001 -10"><span class='ocrx_word' id='word_1_406' title='bbox 230 1999 300 2021; x_wconf 83' lang='lat' dir='ltr'>tauta</span> <span class='ocrx_word' id='word_1_407' title='bbox 324 1994 427 2021; x_wconf 87' lang='lat' dir='ltr'>invidia</span> <span class='ocrx_word' id='word_1_408' title='bbox 442 1999 505 2021; x_wconf 86' lang='lat' dir='ltr'>sunt</span> <span class='ocrx_word' id='word_1_409' title='bbox 519 1994 643 2021; x_wconf 90' lang='lat' dir='ltr'>consules</span> <span class='ocrx_word' id='word_1_410' title='bbox 658 2000 766 2030; x_wconf 88' lang='lat' dir='ltr'>propter</span> <span class='ocrx_word' id='word_1_411' title='bbox 779 1996 961 2030; x_wconf 88' lang='lat' dir='ltr'>suspicionem</span> <span class='ocrx_word' id='word_1_412' title='bbox 973 2005 1021 2031; x_wconf 91' lang='lat' dir='ltr'>pa-</span> 
     </span>
     <span class='ocr_line' id='line_1_54' title="bbox 229 2031 1021 2067; baseline 0.003 -9"><span class='ocrx_word' id='word_1_413' title='bbox 229 2036 332 2058; x_wconf 88' lang='lat' dir='ltr'>ctorum</span> <span class='ocrx_word' id='word_1_414' title='bbox 346 2040 360 2058; x_wconf 88' lang='lat' dir='ltr'>a</span> <span class='ocrx_word' id='word_1_415' title='bbox 376 2031 525 2058; x_wconf 87' lang='lat' dir='ltr'>candidatis</span> <span class='ocrx_word' id='word_1_416' title='bbox 539 2033 730 2067; x_wconf 89' lang='lat' dir='ltr'>praemiorum.</span> <span class='ocrx_word' id='word_1_417' title='bbox 771 2032 911 2059; x_wconf 88' lang='lat' dir='ltr'>Candidati</span> <span class='ocrx_word' id='word_1_418' title='bbox 922 2042 1021 2060; x_wconf 91' lang='lat' dir='ltr'>consu-</span> 
     </span>
     <span class='ocr_line' id='line_1_55' title="bbox 231 2069 1018 2104; baseline 0.003 -9"><span class='ocrx_word' id='word_1_419' title='bbox 231 2069 298 2095; x_wconf 88' lang='lat' dir='ltr'>lares</span> <span class='ocrx_word' id='word_1_420' title='bbox 314 2073 452 2104; x_wconf 77' lang='lat' dir='ltr'>quattuor,</span> <span class='ocrx_word' id='word_1_421' title='bbox 474 2078 567 2095; x_wconf 89' lang='lat' dir='ltr'>omnes</span> <span class='ocrx_word' id='word_1_422' title='bbox 589 2070 639 2101; x_wconf 81' lang='lat' dir='ltr'>rei;</span> <span class='ocrx_word' id='word_1_423' title='bbox 667 2078 777 2096; x_wconf 86' lang='lat' dir='ltr'>caussae</span> <span class='ocrx_word' id='word_1_424' title='bbox 798 2075 861 2096; x_wconf 87' lang='lat' dir='ltr'>sunt</span> <span class='ocrx_word' id='word_1_425' title='bbox 878 2070 1018 2097; x_wconf 82' lang='lat' dir='ltr'>difficiles:</span> 
     </span>
     <span class='ocr_line' id='line_1_56' title="bbox 229 2106 1022 2142; baseline 0.004 -10"><span class='ocrx_word' id='word_1_426' title='bbox 229 2106 277 2132; x_wconf 89' lang='lat' dir='ltr'>sed</span> <span class='ocrx_word' id='word_1_427' title='bbox 298 2107 439 2137; x_wconf 80' lang='lat' dir='ltr'>enitemur,</span> <span class='ocrx_word' id='word_1_428' title='bbox 457 2111 486 2132; x_wconf 90' lang='lat' dir='ltr'>ut</span> <span class='ocrx_word' id='word_1_429' title='bbox 500 2106 623 2133; x_wconf 82' lang='lat' dir='ltr'>Messalla</span> <span class='ocrx_word' id='word_1_430' title='bbox 638 2111 727 2133; x_wconf 90' lang='lat' dir='ltr'>noster</span> <span class='ocrx_word' id='word_1_431' title='bbox 737 2107 830 2133; x_wconf 85' lang='lat' dir='ltr'>salvus</span> <span class='ocrx_word' id='word_1_432' title='bbox 841 2108 884 2139; x_wconf 88' lang='lat' dir='ltr'>sit,</span> <span class='ocrx_word' id='word_1_433' title='bbox 898 2108 970 2142; x_wconf 90' lang='lat' dir='ltr'>quod</span> <span class='ocrx_word' id='word_1_434' title='bbox 981 2113 1022 2135; x_wconf 90' lang='lat' dir='ltr'>est</span> 
     </span>
     <span class='ocr_line' id='line_1_57' title="bbox 229 2143 1022 2178; baseline 0.004 -9"><span class='ocrx_word' id='word_1_435' title='bbox 229 2143 309 2170; x_wconf 90' lang='lat' dir='ltr'>etiam</span> <span class='ocrx_word' id='word_1_436' title='bbox 328 2152 390 2169; x_wconf 89' lang='lat' dir='ltr'>cum</span> <span class='ocrx_word' id='word_1_437' title='bbox 415 2143 580 2178; x_wconf 90' lang='lat' dir='ltr'>reliquorum</span> <span class='ocrx_word' id='word_1_438' title='bbox 603 2143 689 2170; x_wconf 82' lang='lat' dir='ltr'>salute</span> <span class='ocrx_word' id='word_1_439' title='bbox 709 2145 892 2171; x_wconf 88' lang='lat' dir='ltr'>coniunctum.</span> <span class='ocrx_word' id='word_1_440' title='bbox 937 2145 1022 2172; x_wconf 89' lang='lat' dir='ltr'>Gabi—</span> 
     </span>
     <span class='ocr_line' id='line_1_58' title="bbox 229 2180 1021 2218; baseline 0.003 -11"><span class='ocrx_word' id='word_1_441' title='bbox 229 2181 304 2207; x_wconf 88' lang='lat' dir='ltr'>nium</span> <span class='ocrx_word' id='word_1_442' title='bbox 318 2180 352 2207; x_wconf 92' lang='lat' dir='ltr'>de</span> <span class='ocrx_word' id='word_1_443' title='bbox 362 2180 466 2207; x_wconf 87' lang='lat' dir='ltr'>ambitu</span> <span class='ocrx_word' id='word_1_444' title='bbox 477 2189 552 2207; x_wconf 90' lang='lat' dir='ltr'>reum</span> <span class='ocrx_word' id='word_1_445' title='bbox 564 2180 626 2208; x_wconf 86' lang='lat' dir='ltr'>fecit</span> <span class='ocrx_word' id='word_1_446' title='bbox 636 2182 664 2207; x_wconf 85' lang='lat' dir='ltr'>P.</span> <span class='ocrx_word' id='word_1_447' title='bbox 676 2181 758 2212; x_wconf 81' lang='lat' dir='ltr'>Sulla,</span> <span class='ocrx_word' id='word_1_448' title='bbox 767 2182 954 2209; x_wconf 85' lang='lat' dir='ltr'>subscribente</span> <span class='ocrx_word' id='word_1_449' title='bbox 964 2183 1021 2218; x_wconf 91' lang='lat' dir='ltr'>pri-</span> 
     </span>
     <span class='ocr_line' id='line_1_59' title="bbox 229 2217 1020 2254; baseline 0.004 -10"><span class='ocrx_word' id='word_1_450' title='bbox 229 2219 312 2254; x_wconf 85' lang='lat' dir='ltr'>vigno</span> <span class='ocrx_word' id='word_1_451' title='bbox 331 2218 465 2248; x_wconf 86' lang='lat' dir='ltr'>Memmio,</span> <span class='ocrx_word' id='word_1_452' title='bbox 482 2217 560 2245; x_wconf 81' lang='lat' dir='ltr'>fratre</span> <span class='ocrx_word' id='word_1_453' title='bbox 572 2218 687 2245; x_wconf 80' lang='lat' dir='ltr'>Caecilio</span> <span class='ocrx_word' id='word_1_454' title='bbox 698 2219 789 2246; x_wconf 90' lang='lat' dir='ltr'>Sullae</span> <span class='ocrx_word' id='word_1_455' title='bbox 805 2219 870 2246; x_wconf 83' lang='lat' dir='ltr'>filio.</span> <span class='ocrx_word' id='word_1_456' title='bbox 910 2220 1020 2247; x_wconf 85' lang='lat' dir='ltr'>Contra-</span> 
     </span>
    </p>
   </div>
   <div class='ocr_carea' id='block_1_12' title="bbox 228 2254 1049 2294">
    <p class='ocr_par' dir='ltr' id='par_1_13' title="bbox 228 2254 1049 2294">
     <span class='ocr_line' id='line_1_60' title="bbox 228 2254 1049 2294; baseline 0.004 -13"><span class='ocrx_word' id='word_1_457' title='bbox 228 2254 298 2282; x_wconf 85' lang='lat' dir='ltr'>dixit</span> <span class='ocrx_word' id='word_1_458' title='bbox 312 2255 341 2281; x_wconf 91' lang='lat' dir='ltr'>L.</span> <span class='ocrx_word' id='word_1_459' title='bbox 354 2255 518 2290; x_wconf 79' lang='lat' dir='ltr'>Torquatus:</span> <span class='ocrx_word' id='word_1_460' title='bbox 549 2256 731 2291; x_wconf 90' lang='lat' dir='ltr'>omnibusque</span> <span class='ocrx_word' id='word_1_461' title='bbox 748 2256 895 2283; x_wconf 88' lang='lat' dir='ltr'>libentibus</span> <span class='ocrx_word' id='word_1_462' title='bbox 907 2266 958 2284; x_wconf 90' lang='lat' dir='ltr'>non</span> <span class='ocrx_word' id='word_1_463' title='bbox 971 2258 1021 2284; x_wconf 85' lang='lat' dir='ltr'>ob-</span> <span class='ocrx_word' id='word_1_464' title='bbox 1048 2287 1049 2294; x_wconf 14' lang='grc' dir='ltr'>ἵ</span> 
     </span>
    </p>
   </div>
   <div class='ocr_carea' id='block_1_13' title="bbox 228 2292 1020 2697">
    <p class='ocr_par' dir='ltr' id='par_1_14' title="bbox 228 2292 1020 2697">
     <span class='ocr_line' id='line_1_61' title="bbox 228 2292 1019 2328; baseline 0.004 -10"><span class='ocrx_word' id='word_1_465' title='bbox 228 2293 318 2319; x_wconf 85' lang='lat' dir='ltr'>tinuit.</span> <span class='ocrx_word' id='word_1_466' title='bbox 358 2294 384 2319; x_wconf 81' lang='lat'>³.</span> <span class='ocrx_word' id='word_1_467' title='bbox 407 2292 528 2324; x_wconf 86' lang='lat' dir='ltr'>Quaeris,</span> <span class='ocrx_word' id='word_1_468' title='bbox 546 2292 612 2328; x_wconf 91' lang='lat' dir='ltr'>quid</span> <span class='ocrx_word' id='word_1_469' title='bbox 628 2293 672 2320; x_wconf 86' lang='lat' dir='ltr'>fiat</span> <span class='ocrx_word' id='word_1_470' title='bbox 686 2293 720 2320; x_wconf 89' lang='lat' dir='ltr'>de</span> <span class='ocrx_word' id='word_1_471' title='bbox 735 2293 869 2320; x_wconf 74' lang='lat' dir='ltr'>Gabinio?</span> <span class='ocrx_word' id='word_1_472' title='bbox 897 2294 1019 2321; x_wconf 85' lang='lat' dir='ltr'>Sciemus</span> 
     </span>
     <span class='ocr_line' id='line_1_62' title="bbox 228 2329 1020 2367; baseline 0.004 -12"><span class='ocrx_word' id='word_1_473' title='bbox 228 2329 260 2355; x_wconf 88' lang='lat' dir='ltr'>de</span> <span class='ocrx_word' id='word_1_474' title='bbox 272 2330 410 2356; x_wconf 88' lang='lat' dir='ltr'>maiestate</span> <span class='ocrx_word' id='word_1_475' title='bbox 421 2330 522 2356; x_wconf 84' lang='lat' dir='ltr'>triduo:</span> <span class='ocrx_word' id='word_1_476' title='bbox 545 2338 599 2365; x_wconf 90' lang='lat' dir='ltr'>quo</span> <span class='ocrx_word' id='word_1_477' title='bbox 609 2330 721 2366; x_wconf 88' lang='lat' dir='ltr'>quidem</span> <span class='ocrx_word' id='word_1_478' title='bbox 735 2331 763 2357; x_wconf 89' lang='lat' dir='ltr'>in</span> <span class='ocrx_word' id='word_1_479' title='bbox 774 2331 876 2358; x_wconf 89' lang='lat' dir='ltr'>iudicio</span> <span class='ocrx_word' id='word_1_480' title='bbox 885 2330 946 2358; x_wconf 85' lang='lat' dir='ltr'>odio</span> <span class='ocrx_word' id='word_1_481' title='bbox 957 2340 1020 2367; x_wconf 81' lang='lat' dir='ltr'>pre-</span> 
     </span>
     <span class='ocr_line' id='line_1_63' title="bbox 228 2367 1016 2403; baseline 0.004 -11"><span class='ocrx_word' id='word_1_482' title='bbox 228 2367 310 2393; x_wconf 88' lang='lat' dir='ltr'>mitur</span> <span class='ocrx_word' id='word_1_483' title='bbox 329 2367 450 2393; x_wconf 87' lang='lat' dir='ltr'>omnium</span> <span class='ocrx_word' id='word_1_484' title='bbox 466 2375 605 2403; x_wconf 83' lang='lat' dir='ltr'>generum,</span> <span class='ocrx_word' id='word_1_485' title='bbox 622 2369 739 2394; x_wconf 84' lang='lat' dir='ltr'>maxime</span> <span class='ocrx_word' id='word_1_486' title='bbox 755 2369 869 2395; x_wconf 87' lang='lat' dir='ltr'>testibus</span> <span class='ocrx_word' id='word_1_487' title='bbox 883 2369 1016 2396; x_wconf 85' lang='lat' dir='ltr'>caeditur:</span> 
     </span>
     <span class='ocr_line' id='line_1_64' title="bbox 229 2404 1019 2440; baseline 0.005 -11"><span class='ocrx_word' id='word_1_488' title='bbox 229 2404 428 2430; x_wconf 85' lang='lat' dir='ltr'>accusatoribus</span> <span class='ocrx_word' id='word_1_489' title='bbox 448 2404 634 2440; x_wconf 83' lang='lat' dir='ltr'>frigidissimis</span> <span class='ocrx_word' id='word_1_490' title='bbox 657 2405 778 2432; x_wconf 79' lang='lat' dir='ltr'>uritur*:</span> <span class='ocrx_word' id='word_1_491' title='bbox 806 2405 951 2432; x_wconf 89' lang='lat' dir='ltr'>consilium</span> <span class='ocrx_word' id='word_1_492' title='bbox 970 2415 1019 2433; x_wconf 87' lang='lat' dir='ltr'>va-</span> 
     </span>
     <span class='ocr_line' id='line_1_65' title="bbox 228 2440 1016 2478; baseline 0.006 -13"><span class='ocrx_word' id='word_1_493' title='bbox 228 2440 312 2473; x_wconf 84' lang='lat' dir='ltr'>rium;</span> <span class='ocrx_word' id='word_1_494' title='bbox 342 2442 477 2476; x_wconf 86' lang='lat' dir='ltr'>quaesitor</span> <span class='ocrx_word' id='word_1_495' title='bbox 487 2443 578 2477; x_wconf 84' lang='lat' dir='ltr'>gravis</span> <span class='ocrx_word' id='word_1_496' title='bbox 589 2447 615 2468; x_wconf 86' lang='lat' dir='ltr'>et</span> <span class='ocrx_word' id='word_1_497' title='bbox 625 2442 728 2474; x_wconf 84' lang='lat' dir='ltr'>firmus,</span> <span class='ocrx_word' id='word_1_498' title='bbox 740 2442 840 2476; x_wconf 78' lang='lat' dir='ltr'>Alfius;</span> <span class='ocrx_word' id='word_1_499' title='bbox 863 2444 1016 2478; x_wconf 80' lang='lat' dir='ltr'>PompeiuS,</span> 
     </span>
     <span class='ocr_line' id='line_1_66' title="bbox 229 2477 1016 2515; baseline 0.006 -13"><span class='ocrx_word' id='word_1_500' title='bbox 229 2477 374 2504; x_wconf 89' lang='lat' dir='ltr'>vehemens</span> <span class='ocrx_word' id='word_1_501' title='bbox 389 2479 416 2504; x_wconf 91' lang='lat' dir='ltr'>in</span> <span class='ocrx_word' id='word_1_502' title='bbox 431 2479 568 2505; x_wconf 89' lang='lat' dir='ltr'>iudicibus</span> <span class='ocrx_word' id='word_1_503' title='bbox 582 2479 718 2515; x_wconf 81' lang='lat' dir='ltr'>rogandiS.</span> <span class='ocrx_word' id='word_1_504' title='bbox 757 2479 829 2512; x_wconf 87' lang='lat' dir='ltr'>Quid</span> <span class='ocrx_word' id='word_1_505' title='bbox 840 2480 961 2507; x_wconf 87' lang='lat' dir='ltr'>futurum</span> <span class='ocrx_word' id='word_1_506' title='bbox 971 2481 1016 2511; x_wconf 89' lang='lat' dir='ltr'>sit,</span> 
     </span>
     <span class='ocr_line' id='line_1_67' title="bbox 230 2514 1018 2544; baseline 0.008 -6"><span class='ocrx_word' id='word_1_507' title='bbox 230 2515 332 2540; x_wconf 83' lang='lat' dir='ltr'>nescio:</span> <span class='ocrx_word' id='word_1_508' title='bbox 356 2514 444 2541; x_wconf 92' lang='lat' dir='ltr'>locum</span> <span class='ocrx_word' id='word_1_509' title='bbox 455 2521 543 2543; x_wconf 90' lang='lat' dir='ltr'>tamen</span> <span class='ocrx_word' id='word_1_510' title='bbox 555 2515 595 2543; x_wconf 88' lang='lat' dir='ltr'>illi</span> <span class='ocrx_word' id='word_1_511' title='bbox 606 2517 634 2543; x_wconf 86' lang='lat' dir='ltr'>in</span> <span class='ocrx_word' id='word_1_512' title='bbox 645 2517 751 2543; x_wconf 78' lang='lat' dir='ltr'>civitate</span> <span class='ocrx_word' id='word_1_513' title='bbox 763 2525 815 2543; x_wconf 89' lang='lat' dir='ltr'>nou</span> <span class='ocrx_word' id='word_1_514' title='bbox 826 2517 914 2544; x_wconf 91' lang='lat' dir='ltr'>video.</span> <span class='ocrx_word' id='word_1_515' title='bbox 951 2518 1018 2544; x_wconf 86' lang='lat' dir='ltr'>Ani-</span> 
     </span>
     <span class='ocr_line' id='line_1_68' title="bbox 229 2552 1017 2589; baseline 0.009 -15"><span class='ocrx_word' id='word_1_516' title='bbox 229 2558 304 2575; x_wconf 92' lang='lat' dir='ltr'>mum</span> <span class='ocrx_word' id='word_1_517' title='bbox 324 2552 439 2585; x_wconf 83' lang='lat' dir='ltr'>praebeo</span> <span class='ocrx_word' id='word_1_518' title='bbox 460 2553 494 2579; x_wconf 89' lang='lat' dir='ltr'>ad</span> <span class='ocrx_word' id='word_1_519' title='bbox 511 2553 586 2579; x_wconf 88' lang='lat' dir='ltr'>illius</span> <span class='ocrx_word' id='word_1_520' title='bbox 600 2554 748 2589; x_wconf 86' lang='lat' dir='ltr'>perniciem</span> <span class='ocrx_word' id='word_1_521' title='bbox 782 2554 963 2585; x_wconf 84' lang='lat' dir='ltr'>moderatum,</span> <span class='ocrx_word' id='word_1_522' title='bbox 983 2554 1017 2581; x_wconf 91' lang='lat' dir='ltr'>ad</span> 
     </span>
     <span class='ocr_line' id='line_1_69' title="bbox 228 2589 1017 2618; baseline 0.009 -7"><span class='ocrx_word' id='word_1_523' title='bbox 228 2594 317 2612; x_wconf 88' lang='lat' dir='ltr'>rerum</span> <span class='ocrx_word' id='word_1_524' title='bbox 328 2593 453 2615; x_wconf 86' lang='lat' dir='ltr'>eventum</span> <span class='ocrx_word' id='word_1_525' title='bbox 468 2589 647 2617; x_wconf 87' lang='lat' dir='ltr'>lenissimum.</span> <span class='ocrx_word' id='word_1_526' title='bbox 677 2591 701 2617; x_wconf 74' lang='lat'>4.</span> <span class='ocrx_word' id='word_1_527' title='bbox 723 2589 810 2617; x_wconf 83' lang='lat' dir='ltr'>Habes</span> <span class='ocrx_word' id='word_1_528' title='bbox 821 2590 875 2617; x_wconf 88' lang='lat' dir='ltr'>fere</span> <span class='ocrx_word' id='word_1_529' title='bbox 886 2591 919 2617; x_wconf 89' lang='lat' dir='ltr'>de</span> <span class='ocrx_word' id='word_1_530' title='bbox 929 2592 1017 2618; x_wconf 91' lang='lat' dir='ltr'>omni-</span> 
     </span>
     <span class='ocr_line' id='line_1_70' title="bbox 228 2623 1017 2655; baseline 0.008 -6"><span class='ocrx_word' id='word_1_531' title='bbox 228 2623 281 2649; x_wconf 89' lang='lat' dir='ltr'>bus</span> <span class='ocrx_word' id='word_1_532' title='bbox 291 2624 382 2650; x_wconf 86' lang='lat' dir='ltr'>rebus.</span> <span class='ocrx_word' id='word_1_533' title='bbox 421 2626 508 2652; x_wconf 90' lang='lat' dir='ltr'>Unum</span> <span class='ocrx_word' id='word_1_534' title='bbox 521 2627 588 2653; x_wconf 77' lang='lat' dir='ltr'>illud</span> <span class='ocrx_word' id='word_1_535' title='bbox 601 2627 708 2654; x_wconf 87' lang='lat' dir='ltr'>addam.</span> <span class='ocrx_word' id='word_1_536' title='bbox 735 2627 827 2654; x_wconf 89' lang='lat' dir='ltr'>Cicero</span> <span class='ocrx_word' id='word_1_537' title='bbox 841 2633 904 2654; x_wconf 90' lang='lat' dir='ltr'>tuus</span> <span class='ocrx_word' id='word_1_538' title='bbox 915 2633 1017 2655; x_wconf 88' lang='lat' dir='ltr'>noster-</span> 
     </span>
     <span class='ocr_line' id='line_1_71' title="bbox 229 2662 1013 2697; baseline 0.008 -11"><span class='ocrx_word' id='word_1_539' title='bbox 229 2668 282 2696; x_wconf 91' lang='lat' dir='ltr'>que</span> <span class='ocrx_word' id='word_1_540' title='bbox 297 2669 402 2688; x_wconf 90' lang='lat' dir='ltr'>summo</span> <span class='ocrx_word' id='word_1_541' title='bbox 417 2662 507 2690; x_wconf 85' lang='lat' dir='ltr'>studio</span> <span class='ocrx_word' id='word_1_542' title='bbox 520 2669 561 2691; x_wconf 83' lang='lat' dir='ltr'>est</span> <span class='ocrx_word' id='word_1_543' title='bbox 573 2665 681 2692; x_wconf 86' lang='lat' dir='ltr'>Paeonii</span> <span class='ocrx_word' id='word_1_544' title='bbox 696 2665 740 2691; x_wconf 87' lang='lat' dir='ltr'>sui</span> <span class='ocrx_word' id='word_1_545' title='bbox 751 2664 874 2697; x_wconf 82' lang='lat' dir='ltr'>rhetoris,</span> <span class='ocrx_word' id='word_1_546' title='bbox 887 2665 1013 2697; x_wconf 74' lang='lat' dir='ltr'>hominis,</span> 
     </span>
    </p>
   </div>
   <div class='ocr_carea' id='block_1_14' title="bbox 1047 309 1049 391">
    <p class='ocr_par' dir='ltr' id='par_1_15' title="bbox 1047 309 1049 391">
     <span class='ocr_line' id='line_1_72' title="bbox 1047 309 1049 391; baseline 0 0"><span class='ocrx_word' id='word_1_547' title='bbox 1047 309 1049 391; x_wconf 95' lang='lat' dir='ltr'> </span> 
     </span>
    </p>
   </div>
   <div class='ocr_carea' id='block_1_15' title="bbox 1040 1182 1049 2649">
    <p class='ocr_par' dir='ltr' id='par_1_16' title="bbox 1040 1182 1049 2649">
     <span class='ocr_line' id='line_1_73' title="bbox 1040 1182 1049 2649; baseline 0 0"><span class='ocrx_word' id='word_1_548' title='bbox 1040 1182 1049 2649; x_wconf 95' lang='lat' dir='ltr'> </span> 
     </span>
    </p>
   </div>
   <div class='ocr_carea' id='block_1_16' title="bbox 1046 910 1057 2697">
    <p class='ocr_par' dir='ltr' id='par_1_17' title="bbox 1046 910 1057 2697">
     <span class='ocr_line' id='line_1_74' title="bbox 1046 910 1057 2697; baseline 0 0"><span class='ocrx_word' id='word_1_549' title='bbox 1046 910 1057 2697; x_wconf 95' lang='lat' dir='ltr'> </span> 
     </span>
    </p>
   </div>
   <div class='ocr_carea' id='block_1_17' title="bbox 1076 287 1866 722">
    <p class='ocr_par' dir='ltr' id='par_1_18' title="bbox 1076 287 1866 722">
     <span class='ocr_line' id='line_1_75' title="bbox 1079 287 1865 323; baseline 0.005 -11"><span class='ocrx_word' id='word_1_550' title='bbox 1079 296 1129 312; x_wconf 87' lang='lat' dir='ltr'>uon</span> <span class='ocrx_word' id='word_1_551' title='bbox 1152 287 1266 321; x_wconf 55' lang='lat' dir='ltr'>ignoras</span> <span class='ocrx_word' id='word_1_552' title='bbox 1311 287 1397 319; x_wconf 83' lang='lat' dir='ltr'>Quare</span> <span class='ocrx_word' id='word_1_553' title='bbox 1419 296 1504 322; x_wconf 83' lang='lat' dir='ltr'>neque</span> <span class='ocrx_word' id='word_1_554' title='bbox 1524 298 1573 321; x_wconf 68' lang='lat' dir='ltr'>ego</span> <span class='ocrx_word' id='word_1_555' title='bbox 1590 289 1712 323; x_wconf 81' lang='lat' dir='ltr'>impediri</span> <span class='ocrx_word' id='word_1_556' title='bbox 1729 290 1865 316; x_wconf 72' lang='lat' dir='ltr'>Ciceronis</span> 
     </span>
     <span class='ocr_line' id='line_1_76' title="bbox 1079 324 1865 361; baseline 0.005 -12"><span class='ocrx_word' id='word_1_557' title='bbox 1079 324 1127 349; x_wconf 82' lang='lat' dir='ltr'>iter</span> <span class='ocrx_word' id='word_1_558' title='bbox 1147 328 1226 358; x_wconf 77' lang='lat' dir='ltr'>atque</span> <span class='ocrx_word' id='word_1_559' title='bbox 1243 324 1315 350; x_wconf 83' lang='lat' dir='ltr'>illam</span> <span class='ocrx_word' id='word_1_560' title='bbox 1327 324 1498 358; x_wconf 67' lang='lat' dir='ltr'>‹linc-iptinnm</span> <span class='ocrx_word' id='word_1_561' title='bbox 1513 325 1579 354; x_wconf 79' lang='lat' dir='ltr'>volo,</span> <span class='ocrx_word' id='word_1_562' title='bbox 1597 327 1689 360; x_wconf 73' lang='lat' dir='ltr'>etipse</span> <span class='ocrx_word' id='word_1_563' title='bbox 1702 328 1865 361; x_wconf 69' lang='lat' dir='ltr'>puermagia</span> 
     </span>
     <span class='ocr_line' id='line_1_77' title="bbox 1079 360 1863 395; baseline 0.006 -10"><span class='ocrx_word' id='word_1_564' title='bbox 1079 360 1124 386; x_wconf 92' lang='lat' dir='ltr'>illo</span> <span class='ocrx_word' id='word_1_565' title='bbox 1147 360 1334 387; x_wconf 84' lang='lat' dir='ltr'>declamatorio</span> <span class='ocrx_word' id='word_1_566' title='bbox 1357 370 1453 395; x_wconf 67' lang='lat' dir='ltr'>genere</span> <span class='ocrx_word' id='word_1_567' title='bbox 1474 362 1536 388; x_wconf 70' lang='lat' dir='ltr'>dut-i</span> <span class='ocrx_word' id='word_1_568' title='bbox 1557 368 1581 388; x_wconf 86' lang='lat' dir='ltr'>et</span> <span class='ocrx_word' id='word_1_569' title='bbox 1601 362 1725 389; x_wconf 80' lang='lat' dir='ltr'>delectari</span> <span class='ocrx_word' id='word_1_570' title='bbox 1748 364 1863 390; x_wconf 72' lang='lat' dir='ltr'>videtur.</span> 
     </span>
     <span class='ocr_line' id='line_1_78' title="bbox 1079 398 1864 434; baseline 0.005 -11"><span class='ocrx_word' id='word_1_571' title='bbox 1079 398 1104 423; x_wconf 87' lang='lat' dir='ltr'>In</span> <span class='ocrx_word' id='word_1_572' title='bbox 1121 406 1175 432; x_wconf 83' lang='lat' dir='ltr'>quo</span> <span class='ocrx_word' id='word_1_573' title='bbox 1190 399 1316 432; x_wconf 80' lang='lat' dir='ltr'>quoniam</span> <span class='ocrx_word' id='word_1_574' title='bbox 1334 399 1384 432; x_wconf 73' lang='lat' dir='ltr'>ipsi</span> <span class='ocrx_word' id='word_1_575' title='bbox 1401 407 1508 433; x_wconf 83' lang='lat' dir='ltr'>quoque</span> <span class='ocrx_word' id='word_1_576' title='bbox 1520 398 1630 429; x_wconf 79' lang='lat' dir='ltr'>fuimus,</span> <span class='ocrx_word' id='word_1_577' title='bbox 1645 402 1776 434; x_wconf 78' lang='lat' dir='ltr'>patiamur</span> <span class='ocrx_word' id='word_1_578' title='bbox 1789 401 1864 427; x_wconf 87' lang='lat' dir='ltr'>illum</span> 
     </span>
     <span class='ocr_line' id='line_1_79' title="bbox 1078 436 1865 471; baseline 0.005 -11"><span class='ocrx_word' id='word_1_579' title='bbox 1078 436 1114 460; x_wconf 89' lang='lat' dir='ltr'>ire</span> <span class='ocrx_word' id='word_1_580' title='bbox 1132 436 1228 460; x_wconf 83' lang='lat' dir='ltr'>nostris</span> <span class='ocrx_word' id='word_1_581' title='bbox 1241 436 1395 467; x_wconf 71' lang='lat' dir='ltr'>ium-ribus,</span> <span class='ocrx_word' id='word_1_582' title='bbox 1416 436 1508 462; x_wconf 83' lang='lat' dir='ltr'>eodem</span> <span class='ocrx_word' id='word_1_583' title='bbox 1520 437 1591 462; x_wconf 76' lang='lat' dir='ltr'>enim</span> <span class='ocrx_word' id='word_1_584' title='bbox 1604 443 1794 471; x_wconf 77' lang='lat' dir='ltr'>perventurum</span> <span class='ocrx_word' id='word_1_585' title='bbox 1807 447 1865 464; x_wconf 67' lang='lat' dir='ltr'>esse</span> 
     </span>
     <span class='ocr_line' id='line_1_80' title="bbox 1076 472 1866 509; baseline 0.005 -12"><span class='ocrx_word' id='word_1_586' title='bbox 1076 472 1248 499; x_wconf 80' lang='lat' dir='ltr'>confidimus.</span> <span class='ocrx_word' id='word_1_587' title='bbox 1283 473 1334 498; x_wconf 86' lang='lat' dir='ltr'>Sed</span> <span class='ocrx_word' id='word_1_588' title='bbox 1347 478 1443 503; x_wconf 85' lang='lat' dir='ltr'>tamen,</span> <span class='ocrx_word' id='word_1_589' title='bbox 1456 474 1479 499; x_wconf 77' lang='lat' dir='ltr'>si</span> <span class='ocrx_word' id='word_1_590' title='bbox 1494 473 1634 499; x_wconf 73' lang='lat' dir='ltr'>nobiscum</span> <span class='ocrx_word' id='word_1_591' title='bbox 1645 482 1706 500; x_wconf 90' lang='lat' dir='ltr'>eum</span> <span class='ocrx_word' id='word_1_592' title='bbox 1719 483 1764 500; x_wconf 74' lang='lat' dir='ltr'>rus</span> <span class='ocrx_word' id='word_1_593' title='bbox 1775 475 1866 509; x_wconf 84' lang='lat' dir='ltr'>aliquo</span> 
     </span>
     <span class='ocr_line' id='line_1_81' title="bbox 1077 509 1865 539; baseline 0.005 -6"><span class='ocrx_word' id='word_1_594' title='bbox 1077 509 1265 539; x_wconf 80' lang='lat' dir='ltr'>eduxerimus,</span> <span class='ocrx_word' id='word_1_595' title='bbox 1289 510 1314 536; x_wconf 95' lang='lat' dir='ltr'>in</span> <span class='ocrx_word' id='word_1_596' title='bbox 1333 510 1400 536; x_wconf 87' lang='lat' dir='ltr'>hanc</span> <span class='ocrx_word' id='word_1_597' title='bbox 1415 515 1530 536; x_wconf 84' lang='lat' dir='ltr'>nostram</span> <span class='ocrx_word' id='word_1_598' title='bbox 1549 511 1676 537; x_wconf 85' lang='lat' dir='ltr'>rationem</span> <span class='ocrx_word' id='word_1_599' title='bbox 1691 511 1865 538; x_wconf 80' lang='lat' dir='ltr'>consuetudi-</span> 
     </span>
     <span class='ocr_line' id='line_1_82' title="bbox 1077 547 1866 584; baseline 0.004 -13"><span class='ocrx_word' id='word_1_600' title='bbox 1077 555 1193 581; x_wconf 79' lang='lat' dir='ltr'>nemque</span> <span class='ocrx_word' id='word_1_601' title='bbox 1215 547 1385 573; x_wconf 81' lang='lat' dir='ltr'>inducemus.</span> <span class='ocrx_word' id='word_1_602' title='bbox 1426 548 1519 583; x_wconf 67' lang='lat' dir='ltr'>Magna</span> <span class='ocrx_word' id='word_1_603' title='bbox 1536 549 1607 573; x_wconf 88' lang='lat' dir='ltr'>enim</span> <span class='ocrx_word' id='word_1_604' title='bbox 1620 548 1697 574; x_wconf 83' lang='lat' dir='ltr'>nobis</span> <span class='ocrx_word' id='word_1_605' title='bbox 1709 554 1757 574; x_wconf 88' lang='lat' dir='ltr'>ate</span> <span class='ocrx_word' id='word_1_606' title='bbox 1769 557 1866 584; x_wconf 89' lang='lat' dir='ltr'>propo-</span> 
     </span>
     <span class='ocr_line' id='line_1_83' title="bbox 1077 584 1865 621; baseline 0.003 -12"><span class='ocrx_word' id='word_1_607' title='bbox 1077 584 1126 609; x_wconf 80' lang='lat' dir='ltr'>sita</span> <span class='ocrx_word' id='word_1_608' title='bbox 1149 592 1249 610; x_wconf 83' lang='lat' dir='ltr'>merces</span> <span class='ocrx_word' id='word_1_609' title='bbox 1267 589 1319 615; x_wconf 83' lang='lat' dir='ltr'>est,</span> <span class='ocrx_word' id='word_1_610' title='bbox 1337 593 1418 619; x_wconf 82' lang='lat' dir='ltr'>quam</span> <span class='ocrx_word' id='word_1_611' title='bbox 1435 590 1504 611; x_wconf 88' lang='lat' dir='ltr'>certe</span> <span class='ocrx_word' id='word_1_612' title='bbox 1521 590 1607 611; x_wconf 79' lang='lat' dir='ltr'>nostra</span> <span class='ocrx_word' id='word_1_613' title='bbox 1624 585 1702 620; x_wconf 82' lang='lat' dir='ltr'>culpa</span> <span class='ocrx_word' id='word_1_614' title='bbox 1717 594 1865 621; x_wconf 76' lang='lat' dir='ltr'>numquam</span> 
     </span>
     <span class='ocr_line' id='line_1_84' title="bbox 1077 621 1866 658; baseline 0.004 -12"><span class='ocrx_word' id='word_1_615' title='bbox 1077 621 1167 647; x_wconf 85' lang='lat' dir='ltr'>minus</span> <span class='ocrx_word' id='word_1_616' title='bbox 1185 630 1370 656; x_wconf 73' lang='lat' dir='ltr'>assequemur.</span> <span class='ocrx_word' id='word_1_617' title='bbox 1410 622 1515 654; x_wconf 89' lang='lat' dir='ltr'>Quibus</span> <span class='ocrx_word' id='word_1_618' title='bbox 1532 622 1558 648; x_wconf 86' lang='lat' dir='ltr'>in</span> <span class='ocrx_word' id='word_1_619' title='bbox 1575 622 1639 648; x_wconf 79' lang='lat' dir='ltr'>locis</span> <span class='ocrx_word' id='word_1_620' title='bbox 1650 627 1737 658; x_wconf 83' lang='lat' dir='ltr'>etqua</span> <span class='ocrx_word' id='word_1_621' title='bbox 1750 631 1797 657; x_wconf 83' lang='lat' dir='ltr'>spe</span> <span class='ocrx_word' id='word_1_622' title='bbox 1808 622 1866 649; x_wconf 86' lang='lat' dir='ltr'>hie-</span> 
     </span>
     <span class='ocr_line' id='line_1_85' title="bbox 1076 658 1866 720; baseline 0.004 -37"><span class='ocrx_word' id='word_1_623' title='bbox 1076 663 1197 720; x_wconf 62' lang='lat' dir='ltr'>&#39;maturus</span> <span class='ocrx_word' id='word_1_624' title='bbox 1213 660 1260 689; x_wconf 82' lang='lat' dir='ltr'>sis,</span> <span class='ocrx_word' id='word_1_625' title='bbox 1278 658 1311 685; x_wconf 87' lang='lat' dir='ltr'>ad</span> <span class='ocrx_word' id='word_1_626' title='bbox 1328 668 1369 685; x_wconf 90' lang='lat' dir='ltr'>me</span> <span class='ocrx_word' id='word_1_627' title='bbox 1384 667 1466 694; x_wconf 84' lang='lat' dir='ltr'>quam</span> <span class='ocrx_word' id='word_1_628' title='bbox 1482 659 1689 695; x_wconf 81' lang='lat' dir='ltr'>diligentissime</span> <span class='ocrx_word' id='word_1_629' title='bbox 1705 659 1807 686; x_wconf 74' lang='lat' dir='ltr'>scribas</span> <span class='ocrx_word' id='word_1_630' title='bbox 1820 668 1866 686; x_wconf 77' lang='lat' dir='ltr'>ve—</span> 
     </span>
     <span class='ocr_line' id='line_1_86' title="bbox 1087 695 1247 722; baseline 0.006 -1"><span class='ocrx_word' id='word_1_631' title='bbox 1087 696 1133 722; x_wconf 91' lang='lat' dir='ltr'>im.</span> <span class='ocrx_word' id='word_1_632' title='bbox 1174 695 1247 722; x_wconf 86' lang='lat' dir='ltr'>Vale.</span> 
     </span>
    </p>
   </div>
   <div class='ocr_carea' id='block_1_18' title="bbox 1367 746 1420 752">
    <p class='ocr_par' dir='ltr' id='par_1_19' title="bbox 1367 746 1420 752">
     <span class='ocr_line' id='line_1_87' title="bbox 1367 746 1420 752; baseline 0 0"><span class='ocrx_word' id='word_1_633' title='bbox 1367 746 1420 752; x_wconf 95' lang='lat' dir='ltr'> </span> 
     </span>
    </p>
   </div>
   <div class='ocr_carea' id='block_1_19' title="bbox 1449 748 1573 752">
    <p class='ocr_par' dir='ltr' id='par_1_20' title="bbox 1449 748 1573 752">
     <span class='ocr_line' id='line_1_88' title="bbox 1449 748 1573 752; baseline 0 0"><span class='ocrx_word' id='word_1_634' title='bbox 1449 748 1573 752; x_wconf 95' lang='lat' dir='ltr'> </span> 
     </span>
    </p>
   </div>
   <div class='ocr_carea' id='block_1_20' title="bbox 1075 768 1864 899">
    <p class='ocr_par' dir='ltr' id='par_1_21' title="bbox 1075 768 1864 899">
     <span class='ocr_line' id='line_1_89' title="bbox 1127 768 1864 797; baseline 0.003 -8"><span class='ocrx_word' id='word_1_635' title='bbox 1127 769 1165 789; x_wconf 80' lang='lat' dir='ltr'>tv.</span> <span class='ocrx_word' id='word_1_636' title='bbox 1181 769 1199 789; x_wconf 77' lang='lat' dir='ltr'>A</span> <span class='ocrx_word' id='word_1_637' title='bbox 1207 769 1258 789; x_wconf 78' lang='lat' dir='ltr'>tto.</span> <span class='ocrx_word' id='word_1_638' title='bbox 1273 769 1307 789; x_wconf 82' lang='lat' dir='ltr'>De</span> <span class='ocrx_word' id='word_1_639' title='bbox 1314 768 1409 789; x_wconf 77' lang='lat' dir='ltr'>Gabinio</span> <span class='ocrx_word' id='word_1_640' title='bbox 1421 769 1521 790; x_wconf 80' lang='grc' dir='ltr'>ιΙιιοΙιιιυ</span> <span class='ocrx_word' id='word_1_641' title='bbox 1532 769 1648 796; x_wconf 68' lang='lat' dir='ltr'>perscribit</span> <span class='ocrx_word' id='word_1_642' title='bbox 1656 773 1684 794; x_wconf 79' lang='lat' dir='ltr'>et.</span> <span class='ocrx_word' id='word_1_643' title='bbox 1696 776 1762 797; x_wconf 75' lang='lat' dir='ltr'>quare</span> <span class='ocrx_word' id='word_1_644' title='bbox 1771 776 1864 791; x_wconf 72' lang='lat' dir='ltr'>necen-</span> 
     </span>
     <span class='ocr_line' id='line_1_90' title="bbox 1076 804 1864 828; baseline 0.003 -4"><span class='ocrx_word' id='word_1_645' title='bbox 1076 804 1192 828; x_wconf 70' lang='lat' dir='ltr'>accusarit,</span> <span class='ocrx_word' id='word_1_646' title='bbox 1212 811 1251 824; x_wconf 74' lang='lat' dir='ltr'>nee</span> <span class='ocrx_word' id='word_1_647' title='bbox 1265 804 1397 828; x_wconf 78' lang='lat' dir='ltr'>defenderit,</span> <span class='ocrx_word' id='word_1_648' title='bbox 1412 805 1449 824; x_wconf 80' lang='lat' dir='ltr'>aed</span> <span class='ocrx_word' id='word_1_649' title='bbox 1465 808 1547 824; x_wconf 76' lang='lat' dir='ltr'>tantum</span> <span class='ocrx_word' id='word_1_650' title='bbox 1563 805 1712 825; x_wconf 67' lang='lat' dir='ltr'>testimonium</span> <span class='ocrx_word' id='word_1_651' title='bbox 1731 810 1808 826; x_wconf 72' lang='lat' dir='ltr'>contr·</span> <span class='ocrx_word' id='word_1_652' title='bbox 1817 812 1864 826; x_wconf 73' lang='lat' dir='ltr'>eu-</span> 
     </span>
     <span class='ocr_line' id='line_1_91' title="bbox 1075 838 1782 865; baseline 0.001 -6"><span class='ocrx_word' id='word_1_653' title='bbox 1075 838 1166 863; x_wconf 76' lang='lat' dir='ltr'>dixerit,</span> <span class='ocrx_word' id='word_1_654' title='bbox 1178 839 1286 859; x_wconf 67' lang='lat' dir='ltr'>ostendit:</span> <span class='ocrx_word' id='word_1_655' title='bbox 1302 839 1361 860; x_wconf 71' lang='lat' dir='ltr'>addit</span> <span class='ocrx_word' id='word_1_656' title='bbox 1372 840 1398 860; x_wconf 81' lang='lat' dir='ltr'>«le</span> <span class='ocrx_word' id='word_1_657' title='bbox 1409 839 1510 860; x_wconf 75' lang='lat' dir='ltr'>=enitm=</span> <span class='ocrx_word' id='word_1_658' title='bbox 1521 840 1597 865; x_wconf 78' lang='lat' dir='ltr'>Quinti</span> <span class='ocrx_word' id='word_1_659' title='bbox 1608 844 1628 860; x_wconf 79' lang='lat' dir='ltr'>et</span> <span class='ocrx_word' id='word_1_660' title='bbox 1640 839 1782 860; x_wconf 57' lang='lat' dir='ltr'>bibliotheca.</span> 
     </span>
     <span class='ocr_line' id='line_1_92' title="bbox 1280 876 1656 899; baseline 0 -5"><span class='ocrx_word' id='word_1_661' title='bbox 1280 877 1380 898; x_wconf 71' lang='lat' dir='ltr'>(Domina,</span> <span class='ocrx_word' id='word_1_662' title='bbox 1390 877 1442 899; x_wconf 77' lang='lat' dir='ltr'>App.</span> <span class='ocrx_word' id='word_1_663' title='bbox 1453 876 1534 894; x_wconf 76' lang='lat' dir='ltr'>Puldm·</span> <span class='ocrx_word' id='word_1_664' title='bbox 1544 883 1589 894; x_wconf 71' lang='lat' dir='ltr'>(uu.</span> <span class='ocrx_word' id='word_1_665' title='bbox 1602 879 1656 897; x_wconf 80' lang='lat'>700.)</span> 
     </span>
    </p>
   </div>
   <div class='ocr_carea' id='block_1_21' title="bbox 1066 919 1866 2697">
    <p class='ocr_par' dir='ltr' id='par_1_22' title="bbox 1202 919 1736 952">
     <span class='ocr_line' id='line_1_93' title="bbox 1202 919 1736 952; baseline 0.002 -7"><span class='ocrx_word' id='word_1_666' title='bbox 1202 919 1237 945; x_wconf 84' lang='lat' dir='ltr'>M.</span> <span class='ocrx_word' id='word_1_667' title='bbox 1260 919 1402 946; x_wconf 79' lang='lat' dir='ltr'>CICERO</span> <span class='ocrx_word' id='word_1_668' title='bbox 1427 919 1454 946; x_wconf 91' lang='lat' dir='ltr'>S.</span> <span class='ocrx_word' id='word_1_669' title='bbox 1476 920 1506 946; x_wconf 92' lang='lat' dir='ltr'>D.</span> <span class='ocrx_word' id='word_1_670' title='bbox 1529 919 1560 952; x_wconf 92' lang='lat' dir='ltr'>Q.</span> <span class='ocrx_word' id='word_1_671' title='bbox 1583 919 1736 946; x_wconf 73' lang='lat' dir='ltr'>FRATRI.</span> 
     </span>
    </p>

    <p class='ocr_par' dir='ltr' id='par_1_23' title="bbox 1066 952 1866 2697">
     <span class='ocr_line' id='line_1_94' title="bbox 1133 952 1865 983; baseline 0.001 -2"><span class='ocrx_word' id='word_1_672' title='bbox 1133 957 1155 982; x_wconf 85' lang='lat' dir='ltr'>l.</span> <span class='ocrx_word' id='word_1_673' title='bbox 1177 952 1314 982; x_wconf 88' lang='lat' dir='ltr'>Gabinius</span> <span class='ocrx_word' id='word_1_674' title='bbox 1330 956 1469 983; x_wconf 82' lang='lat' dir='ltr'>absolutus</span> <span class='ocrx_word' id='word_1_675' title='bbox 1485 962 1534 982; x_wconf 83' lang='lat' dir='ltr'>est.</span> <span class='ocrx_word' id='word_1_676' title='bbox 1574 956 1690 983; x_wconf 87' lang='lat' dir='ltr'>Omnino</span> <span class='ocrx_word' id='word_1_677' title='bbox 1706 956 1773 983; x_wconf 88' lang='lat' dir='ltr'>nibil</span> <span class='ocrx_word' id='word_1_678' title='bbox 1785 965 1865 982; x_wconf 81' lang='lat' dir='ltr'>accu-</span> 
     </span>
     <span class='ocr_line' id='line_1_95' title="bbox 1075 993 1864 1028; baseline 0.001 -9"><span class='ocrx_word' id='word_1_679' title='bbox 1075 997 1159 1019; x_wconf 82' lang='lat' dir='ltr'>satore</span> <span class='ocrx_word' id='word_1_680' title='bbox 1167 993 1782 1028; x_wconf 76' lang='lat' dir='ltr'>Lentulosubscriptoribusqueeiusinfantius2</span> <span class='ocrx_word' id='word_1_681' title='bbox 1796 993 1864 1020; x_wconf 87' lang='lat' dir='ltr'>nihil</span> 
     </span>
     <span class='ocr_line' id='line_1_96' title="bbox 1075 1029 1865 1057; baseline 0 -1"><span class='ocrx_word' id='word_1_682' title='bbox 1075 1029 1121 1056; x_wconf 92' lang='lat' dir='ltr'>illo</span> <span class='ocrx_word' id='word_1_683' title='bbox 1136 1030 1248 1056; x_wconf 85' lang='lat' dir='ltr'>consilio</span> <span class='ocrx_word' id='word_1_684' title='bbox 1263 1031 1410 1057; x_wconf 83' lang='lat' dir='ltr'>sordidius.</span> <span class='ocrx_word' id='word_1_685' title='bbox 1459 1031 1510 1057; x_wconf 78' lang='lat' dir='ltr'>Sed</span> <span class='ocrx_word' id='word_1_686' title='bbox 1527 1036 1613 1057; x_wconf 82' lang='lat' dir='ltr'>tamen</span> <span class='ocrx_word' id='word_1_687' title='bbox 1630 1032 1681 1057; x_wconf 80' lang='lat' dir='ltr'>nisi</span> <span class='ocrx_word' id='word_1_688' title='bbox 1698 1031 1865 1057; x_wconf 83' lang='lat' dir='ltr'>incredibilis</span> 
     </span>
     <span class='ocr_line' id='line_1_97' title="bbox 1075 1068 1866 1102; baseline 0.001 -9"><span class='ocrx_word' id='word_1_689' title='bbox 1075 1068 1216 1098; x_wconf 88' lang='lat' dir='ltr'>contentio,</span> <span class='ocrx_word' id='word_1_690' title='bbox 1235 1072 1260 1094; x_wconf 90' lang='lat' dir='ltr'>et</span> <span class='ocrx_word' id='word_1_691' title='bbox 1275 1076 1367 1102; x_wconf 86' lang='lat' dir='ltr'>preces</span> <span class='ocrx_word' id='word_1_692' title='bbox 1379 1068 1507 1102; x_wconf 82' lang='lat' dir='ltr'>Pompeii,</span> <span class='ocrx_word' id='word_1_693' title='bbox 1524 1068 1669 1094; x_wconf 74' lang='lat' dir='ltr'>dictaturae</span> <span class='ocrx_word' id='word_1_694' title='bbox 1681 1069 1760 1094; x_wconf 88' lang='lat' dir='ltr'>etiam</span> <span class='ocrx_word' id='word_1_695' title='bbox 1775 1076 1866 1094; x_wconf 87' lang='lat' dir='ltr'>rumor</span> 
     </span>
     <span class='ocr_line' id='line_1_98' title="bbox 1075 1104 1866 1139; baseline 0.001 -9"><span class='ocrx_word' id='word_1_696' title='bbox 1075 1104 1171 1139; x_wconf 89' lang='lat' dir='ltr'>plenus</span> <span class='ocrx_word' id='word_1_697' title='bbox 1193 1105 1295 1131; x_wconf 87' lang='lat' dir='ltr'>timoris</span> <span class='ocrx_word' id='word_1_698' title='bbox 1315 1104 1422 1135; x_wconf 84' lang='lat' dir='ltr'>fuisset.</span> <span class='ocrx_word' id='word_1_699' title='bbox 1446 1106 1498 1139; x_wconf 84' lang='lat' dir='ltr'>ipsi</span> <span class='ocrx_word' id='word_1_700' title='bbox 1516 1104 1626 1131; x_wconf 84' lang='lat' dir='ltr'>Lentulo</span> <span class='ocrx_word' id='word_1_701' title='bbox 1643 1114 1694 1131; x_wconf 91' lang='lat' dir='ltr'>non</span> <span class='ocrx_word' id='word_1_702' title='bbox 1711 1104 1866 1139; x_wconf 86' lang='lat' dir='ltr'>respondis-</span> 
     </span>
     <span class='ocr_line' id='line_1_99' title="bbox 1075 1142 1866 1177; baseline 0.001 -10"><span class='ocrx_word' id='word_1_703' title='bbox 1075 1146 1127 1172; x_wconf 89' lang='lat' dir='ltr'>set,</span> <span class='ocrx_word' id='word_1_704' title='bbox 1150 1142 1197 1176; x_wconf 85' lang='lat' dir='ltr'>qui</span> <span class='ocrx_word' id='word_1_705' title='bbox 1213 1146 1300 1168; x_wconf 90' lang='lat' dir='ltr'>tamen</span> <span class='ocrx_word' id='word_1_706' title='bbox 1318 1142 1363 1168; x_wconf 94' lang='lat' dir='ltr'>illo</span> <span class='ocrx_word' id='word_1_707' title='bbox 1378 1147 1543 1173; x_wconf 86' lang='lat' dir='ltr'>accusatore,</span> <span class='ocrx_word' id='word_1_708' title='bbox 1562 1142 1660 1177; x_wconf 90' lang='lat' dir='ltr'>illoque</span> <span class='ocrx_word' id='word_1_709' title='bbox 1675 1142 1788 1168; x_wconf 87' lang='lat' dir='ltr'>consilio</span> <span class='ocrx_word' id='word_1_710' title='bbox 1803 1150 1866 1168; x_wconf 84' lang='lat' dir='ltr'>sen-</span> 
     </span>
     <span class='ocr_line' id='line_1_100' title="bbox 1075 1179 1862 1214; baseline 0.001 -10"><span class='ocrx_word' id='word_1_711' title='bbox 1075 1179 1166 1205; x_wconf 85' lang='lat' dir='ltr'>tentiis</span> <span class='ocrx_word' id='word_1_712' title='bbox 1186 1179 1378 1205; x_wconf 90' lang='lat' dir='ltr'>condemnatus</span> <span class='ocrx_word' id='word_1_713' title='bbox 1398 1179 1433 1205; x_wconf 90' lang='lat' dir='ltr'>sit</span> <span class='ocrx_word' id='word_1_714' title='bbox 1452 1187 1544 1209; x_wconf 67' lang='lat' dir='ltr'>xxxii,</span> <span class='ocrx_word' id='word_1_715' title='bbox 1557 1187 1642 1214; x_wconf 90' lang='lat' dir='ltr'>quum</span> <span class='ocrx_word' id='word_1_716' title='bbox 1658 1187 1713 1205; x_wconf 69' lang='lat' dir='ltr'>Lxx</span> <span class='ocrx_word' id='word_1_717' title='bbox 1729 1179 1862 1206; x_wconf 85' lang='lat' dir='ltr'>tulissent.</span> 
     </span>
     <span class='ocr_line' id='line_1_101' title="bbox 1074 1215 1866 1252; baseline 0 -10"><span class='ocrx_word' id='word_1_718' title='bbox 1074 1216 1121 1242; x_wconf 87' lang='lat' dir='ltr'>Est</span> <span class='ocrx_word' id='word_1_719' title='bbox 1131 1217 1240 1242; x_wconf 91' lang='lat' dir='ltr'>omnino</span> <span class='ocrx_word' id='word_1_720' title='bbox 1252 1221 1304 1242; x_wconf 89' lang='lat' dir='ltr'>tam</span> <span class='ocrx_word' id='word_1_721' title='bbox 1315 1217 1391 1252; x_wconf 82' lang='lat' dir='ltr'>gravi</span> <span class='ocrx_word' id='word_1_722' title='bbox 1404 1215 1472 1243; x_wconf 88' lang='lat' dir='ltr'>fama</span> <span class='ocrx_word' id='word_1_723' title='bbox 1487 1216 1536 1243; x_wconf 85' lang='lat' dir='ltr'>hoc</span> <span class='ocrx_word' id='word_1_724' title='bbox 1548 1216 1689 1247; x_wconf 82' lang='lat' dir='ltr'>iudicium,</span> <span class='ocrx_word' id='word_1_725' title='bbox 1703 1221 1731 1242; x_wconf 92' lang='lat' dir='ltr'>ut</span> <span class='ocrx_word' id='word_1_726' title='bbox 1744 1216 1866 1242; x_wconf 80' lang='lat' dir='ltr'>videatur</span> 
     </span>
     <span class='ocr_line' id='line_1_102' title="bbox 1075 1253 1866 1288; baseline 0 -9"><span class='ocrx_word' id='word_1_727' title='bbox 1075 1253 1188 1288; x_wconf 90' lang='lat' dir='ltr'>reliquis</span> <span class='ocrx_word' id='word_1_728' title='bbox 1203 1253 1313 1280; x_wconf 88' lang='lat' dir='ltr'>iudiciis</span> <span class='ocrx_word' id='word_1_729' title='bbox 1324 1254 1468 1288; x_wconf 88' lang='lat' dir='ltr'>periturus,</span> <span class='ocrx_word' id='word_1_730' title='bbox 1481 1258 1507 1280; x_wconf 88' lang='lat' dir='ltr'>et</span> <span class='ocrx_word' id='word_1_731' title='bbox 1517 1254 1633 1280; x_wconf 73' lang='lat' dir='ltr'>maxime</span> <span class='ocrx_word' id='word_1_732' title='bbox 1645 1253 1677 1279; x_wconf 91' lang='lat' dir='ltr'>de</span> <span class='ocrx_word' id='word_1_733' title='bbox 1688 1254 1812 1288; x_wconf 90' lang='lat' dir='ltr'>pecuniis</span> <span class='ocrx_word' id='word_1_734' title='bbox 1823 1262 1866 1280; x_wconf 84' lang='lat' dir='ltr'>re-</span> 
     </span>
     <span class='ocr_line' id='line_1_103' title="bbox 1074 1289 1862 1325; baseline 0 -9"><span class='ocrx_word' id='word_1_735' title='bbox 1074 1290 1211 1325; x_wconf 87' lang='lat' dir='ltr'>petundis.</span> <span class='ocrx_word' id='word_1_736' title='bbox 1268 1289 1321 1317; x_wconf 86' lang='lat' dir='ltr'>Sed</span> <span class='ocrx_word' id='word_1_737' title='bbox 1346 1290 1422 1317; x_wconf 84' lang='lat' dir='ltr'>vides</span> <span class='ocrx_word' id='word_1_738' title='bbox 1447 1291 1549 1317; x_wconf 90' lang='lat' dir='ltr'>nullam</span> <span class='ocrx_word' id='word_1_739' title='bbox 1573 1299 1631 1316; x_wconf 88' lang='lat' dir='ltr'>esse</span> <span class='ocrx_word' id='word_1_740' title='bbox 1656 1290 1862 1325; x_wconf 86' lang='lat' dir='ltr'>rempublicam,</span> 
     </span>
     <span class='ocr_line' id='line_1_104' title="bbox 1075 1327 1865 1358; baseline 0 -4"><span class='ocrx_word' id='word_1_741' title='bbox 1075 1327 1180 1354; x_wconf 90' lang='lat' dir='ltr'>nullum</span> <span class='ocrx_word' id='word_1_742' title='bbox 1201 1328 1332 1358; x_wconf 77' lang='lat' dir='ltr'>senatum,</span> <span class='ocrx_word' id='word_1_743' title='bbox 1349 1327 1422 1354; x_wconf 91' lang='lat' dir='ltr'>nulla</span> <span class='ocrx_word' id='word_1_744' title='bbox 1439 1328 1548 1358; x_wconf 89' lang='lat' dir='ltr'>iudicia,</span> <span class='ocrx_word' id='word_1_745' title='bbox 1567 1327 1668 1354; x_wconf 88' lang='lat' dir='ltr'>nullam</span> <span class='ocrx_word' id='word_1_746' title='bbox 1684 1328 1711 1354; x_wconf 91' lang='lat' dir='ltr'>in</span> <span class='ocrx_word' id='word_1_747' title='bbox 1727 1327 1802 1354; x_wconf 90' lang='lat' dir='ltr'>nullo</span> <span class='ocrx_word' id='word_1_748' title='bbox 1817 1336 1865 1354; x_wconf 90' lang='lat' dir='ltr'>no—</span> 
     </span>
     <span class='ocr_line' id='line_1_105' title="bbox 1075 1364 1865 1401; baseline 0 -10"><span class='ocrx_word' id='word_1_749' title='bbox 1075 1369 1161 1391; x_wconf 91' lang='lat' dir='ltr'>strum</span> <span class='ocrx_word' id='word_1_750' title='bbox 1181 1365 1349 1401; x_wconf 83' lang='lat' dir='ltr'>dignitatem.</span> <span class='ocrx_word' id='word_1_751' title='bbox 1390 1364 1461 1397; x_wconf 90' lang='lat' dir='ltr'>Quid</span> <span class='ocrx_word' id='word_1_752' title='bbox 1481 1365 1557 1400; x_wconf 89' lang='lat' dir='ltr'>plura</span> <span class='ocrx_word' id='word_1_753' title='bbox 1573 1365 1605 1391; x_wconf 92' lang='lat' dir='ltr'>de</span> <span class='ocrx_word' id='word_1_754' title='bbox 1624 1364 1780 1391; x_wconf 74' lang='lat' dir='ltr'>iudicibus‘.&gt;</span> <span class='ocrx_word' id='word_1_755' title='bbox 1808 1365 1865 1391; x_wconf 89' lang='lat' dir='ltr'>Duo</span> 
     </span>
     <span class='ocr_line' id='line_1_106' title="bbox 1075 1402 1865 1437; baseline 0 -9"><span class='ocrx_word' id='word_1_756' title='bbox 1075 1403 1200 1437; x_wconf 89' lang='lat' dir='ltr'>praetorii</span> <span class='ocrx_word' id='word_1_757' title='bbox 1219 1402 1355 1432; x_wconf 90' lang='lat' dir='ltr'>sederunt,</span> <span class='ocrx_word' id='word_1_758' title='bbox 1370 1403 1502 1429; x_wconf 90' lang='lat' dir='ltr'>Domitius</span> <span class='ocrx_word' id='word_1_759' title='bbox 1517 1402 1655 1432; x_wconf 76' lang='lat' dir='ltr'>Calvinus,</span> <span class='ocrx_word' id='word_1_760' title='bbox 1677 1403 1700 1428; x_wconf 89' lang='lat' dir='ltr'>is</span> <span class='ocrx_word' id='word_1_761' title='bbox 1714 1407 1802 1437; x_wconf 84' lang='lat' dir='ltr'>aperte</span> <span class='ocrx_word' id='word_1_762' title='bbox 1817 1402 1865 1428; x_wconf 90' lang='lat' dir='ltr'>ab-</span> 
     </span>
     <span class='ocr_line' id='line_1_107' title="bbox 1074 1439 1865 1474; baseline 0 -9"><span class='ocrx_word' id='word_1_763' title='bbox 1074 1439 1164 1470; x_wconf 89' lang='lat' dir='ltr'>solvit,</span> <span class='ocrx_word' id='word_1_764' title='bbox 1181 1444 1209 1466; x_wconf 89' lang='lat' dir='ltr'>ut</span> <span class='ocrx_word' id='word_1_765' title='bbox 1219 1448 1312 1466; x_wconf 89' lang='lat' dir='ltr'>omnes</span> <span class='ocrx_word' id='word_1_766' title='bbox 1323 1439 1453 1470; x_wconf 82' lang='lat' dir='ltr'>viderent,</span> <span class='ocrx_word' id='word_1_767' title='bbox 1467 1444 1492 1466; x_wconf 89' lang='lat' dir='ltr'>et</span> <span class='ocrx_word' id='word_1_768' title='bbox 1503 1439 1573 1470; x_wconf 87' lang='lat' dir='ltr'>Cato,</span> <span class='ocrx_word' id='word_1_769' title='bbox 1586 1440 1618 1470; x_wconf 77' lang='lat' dir='ltr'>is,</span> <span class='ocrx_word' id='word_1_770' title='bbox 1627 1439 1768 1474; x_wconf 90' lang='lat' dir='ltr'>diremptis</span> <span class='ocrx_word' id='word_1_771' title='bbox 1780 1439 1865 1466; x_wconf 88' lang='lat' dir='ltr'>tabel-</span> 
     </span>
     <span class='ocr_line' id='line_1_108' title="bbox 1076 1476 1865 1511; baseline 0 -8"><span class='ocrx_word' id='word_1_772' title='bbox 1076 1476 1118 1507; x_wconf 89' lang='lat' dir='ltr'>lis,</span> <span class='ocrx_word' id='word_1_773' title='bbox 1141 1476 1174 1503; x_wconf 90' lang='lat' dir='ltr'>de</span> <span class='ocrx_word' id='word_1_774' title='bbox 1189 1476 1290 1503; x_wconf 91' lang='lat' dir='ltr'>circulo</span> <span class='ocrx_word' id='word_1_775' title='bbox 1305 1485 1333 1503; x_wconf 92' lang='lat' dir='ltr'>se</span> <span class='ocrx_word' id='word_1_776' title='bbox 1348 1476 1481 1503; x_wconf 81' lang='lat' dir='ltr'>subduxit</span> <span class='ocrx_word' id='word_1_777' title='bbox 1496 1481 1522 1503; x_wconf 91' lang='lat' dir='ltr'>et</span> <span class='ocrx_word' id='word_1_778' title='bbox 1535 1477 1661 1511; x_wconf 82' lang='lat' dir='ltr'>Pompeio</span> <span class='ocrx_word' id='word_1_779' title='bbox 1676 1477 1780 1511; x_wconf 84' lang='lat' dir='ltr'>primus</span> <span class='ocrx_word' id='word_1_780' title='bbox 1794 1485 1865 1503; x_wconf 86' lang='lat' dir='ltr'>nun-</span> 
     </span>
     <span class='ocr_line' id='line_1_109' title="bbox 1074 1513 1864 1548; baseline 0 -8"><span class='ocrx_word' id='word_1_781' title='bbox 1074 1515 1161 1540; x_wconf 88' lang='lat' dir='ltr'>tiavit.</span> <span class='ocrx_word' id='word_1_782' title='bbox 1201 1515 1226 1540; x_wconf 77' lang='lat'>2.</span> <span class='ocrx_word' id='word_1_783' title='bbox 1247 1514 1331 1540; x_wconf 81' lang='lat' dir='ltr'>Aiunt</span> <span class='ocrx_word' id='word_1_784' title='bbox 1341 1513 1474 1545; x_wconf 87' lang='lat' dir='ltr'>nonnulli,</span> <span class='ocrx_word' id='word_1_785' title='bbox 1492 1513 1626 1540; x_wconf 88' lang='lat' dir='ltr'>Salustius</span> <span class='ocrx_word' id='word_1_786' title='bbox 1642 1515 1720 1545; x_wconf 87' lang='lat' dir='ltr'>item,</span> <span class='ocrx_word' id='word_1_787' title='bbox 1732 1522 1774 1540; x_wconf 91' lang='lat' dir='ltr'>me</span> <span class='ocrx_word' id='word_1_788' title='bbox 1785 1522 1864 1548; x_wconf 90' lang='lat' dir='ltr'>opor-</span> 
     </span>
     <span class='ocr_line' id='line_1_110' title="bbox 1075 1550 1866 1587; baseline 0 -10"><span class='ocrx_word' id='word_1_789' title='bbox 1075 1551 1158 1577; x_wconf 89' lang='lat' dir='ltr'>tuisse</span> <span class='ocrx_word' id='word_1_790' title='bbox 1179 1559 1315 1577; x_wconf 85' lang='lat' dir='ltr'>accusare.</span> <span class='ocrx_word' id='word_1_791' title='bbox 1368 1552 1404 1578; x_wconf 94' lang='lat' dir='ltr'>Iis</span> <span class='ocrx_word' id='word_1_792' title='bbox 1426 1559 1475 1587; x_wconf 83' lang='lat' dir='ltr'>ego</span> <span class='ocrx_word' id='word_1_793' title='bbox 1495 1551 1634 1577; x_wconf 87' lang='lat' dir='ltr'>iudicibus</span> <span class='ocrx_word' id='word_1_794' title='bbox 1653 1550 1866 1577; x_wconf 75' lang='lat' dir='ltr'>committerem?</span> 
     </span>
     <span class='ocr_line' id='line_1_111' title="bbox 1073 1587 1864 1624; baseline 0 -10"><span class='ocrx_word' id='word_1_795' title='bbox 1073 1588 1145 1620; x_wconf 91' lang='lat' dir='ltr'>Quid</span> <span class='ocrx_word' id='word_1_796' title='bbox 1161 1596 1257 1619; x_wconf 87' lang='lat' dir='ltr'>essem,</span> <span class='ocrx_word' id='word_1_797' title='bbox 1274 1589 1298 1614; x_wconf 90' lang='lat' dir='ltr'>si</span> <span class='ocrx_word' id='word_1_798' title='bbox 1314 1596 1355 1614; x_wconf 92' lang='lat' dir='ltr'>me</span> <span class='ocrx_word' id='word_1_799' title='bbox 1367 1593 1460 1624; x_wconf 86' lang='lat' dir='ltr'>agente</span> <span class='ocrx_word' id='word_1_800' title='bbox 1472 1593 1542 1614; x_wconf 86' lang='lat' dir='ltr'>esset</span> <span class='ocrx_word' id='word_1_801' title='bbox 1552 1587 1678 1623; x_wconf 68' lang='lat' dir='ltr'>elapsus‘.&gt;</span> <span class='ocrx_word' id='word_1_802' title='bbox 1696 1588 1747 1614; x_wconf 88' lang='lat' dir='ltr'>Sed</span> <span class='ocrx_word' id='word_1_803' title='bbox 1759 1596 1801 1614; x_wconf 92' lang='lat' dir='ltr'>me</span> <span class='ocrx_word' id='word_1_804' title='bbox 1812 1587 1864 1614; x_wconf 86' lang='lat' dir='ltr'>alia</span> 
     </span>
     <span class='ocr_line' id='line_1_112' title="bbox 1074 1625 1865 1660; baseline 0.001 -10"><span class='ocrx_word' id='word_1_805' title='bbox 1074 1629 1224 1651; x_wconf 88' lang='lat' dir='ltr'>moverunt.</span> <span class='ocrx_word' id='word_1_806' title='bbox 1264 1625 1322 1652; x_wconf 86' lang='lat' dir='ltr'>Non</span> <span class='ocrx_word' id='word_1_807' title='bbox 1337 1630 1457 1659; x_wconf 84' lang='lat' dir='ltr'>putasset</span> <span class='ocrx_word' id='word_1_808' title='bbox 1470 1626 1524 1651; x_wconf 92' lang='lat' dir='ltr'>sibi</span> <span class='ocrx_word' id='word_1_809' title='bbox 1536 1626 1678 1660; x_wconf 83' lang='lat' dir='ltr'>Pompeius</span> <span class='ocrx_word' id='word_1_810' title='bbox 1692 1625 1725 1651; x_wconf 92' lang='lat' dir='ltr'>de</span> <span class='ocrx_word' id='word_1_811' title='bbox 1736 1625 1810 1651; x_wconf 89' lang='lat' dir='ltr'>illius</span> <span class='ocrx_word' id='word_1_812' title='bbox 1820 1634 1865 1652; x_wconf 85' lang='lat' dir='ltr'>sa·-</span> 
     </span>
     <span class='ocr_line' id='line_1_113' title="bbox 1074 1661 1864 1697; baseline 0 -9"><span class='ocrx_word' id='word_1_813' title='bbox 1074 1661 1137 1693; x_wconf 76' lang='lat' dir='ltr'>late,</span> <span class='ocrx_word' id='word_1_814' title='bbox 1155 1662 1203 1688; x_wconf 92' lang='lat' dir='ltr'>sed</span> <span class='ocrx_word' id='word_1_815' title='bbox 1218 1661 1251 1688; x_wconf 90' lang='lat' dir='ltr'>de</span> <span class='ocrx_word' id='word_1_816' title='bbox 1266 1670 1314 1688; x_wconf 92' lang='lat' dir='ltr'>sua</span> <span class='ocrx_word' id='word_1_817' title='bbox 1329 1662 1459 1697; x_wconf 84' lang='lat' dir='ltr'>dignitate</span> <span class='ocrx_word' id='word_1_818' title='bbox 1473 1671 1579 1689; x_wconf 87' lang='lat' dir='ltr'>mecum</span> <span class='ocrx_word' id='word_1_819' title='bbox 1591 1671 1649 1689; x_wconf 92' lang='lat' dir='ltr'>esse</span> <span class='ocrx_word' id='word_1_820' title='bbox 1660 1667 1807 1689; x_wconf 84' lang='lat' dir='ltr'>certamen:</span> <span class='ocrx_word' id='word_1_821' title='bbox 1835 1663 1864 1689; x_wconf 88' lang='lat' dir='ltr'>in</span> 
     </span>
     <span class='ocr_line' id='line_1_114' title="bbox 1073 1699 1863 1726; baseline 0 -1"><span class='ocrx_word' id='word_1_822' title='bbox 1073 1699 1171 1726; x_wconf 92' lang='lat' dir='ltr'>Urbem</span> <span class='ocrx_word' id='word_1_823' title='bbox 1192 1699 1341 1725; x_wconf 84' lang='lat' dir='ltr'>introisset:</span> <span class='ocrx_word' id='word_1_824' title='bbox 1368 1699 1402 1725; x_wconf 84' lang='lat' dir='ltr'>ad</span> <span class='ocrx_word' id='word_1_825' title='bbox 1417 1700 1573 1726; x_wconf 89' lang='lat' dir='ltr'>inimicitias</span> <span class='ocrx_word' id='word_1_826' title='bbox 1589 1708 1631 1725; x_wconf 89' lang='lat' dir='ltr'>res</span> <span class='ocrx_word' id='word_1_827' title='bbox 1647 1700 1778 1725; x_wconf 83' lang='lat' dir='ltr'>venisset:</span> <span class='ocrx_word' id='word_1_828' title='bbox 1800 1707 1863 1726; x_wconf 89' lang='lat' dir='ltr'>cum</span> 
     </span>
     <span class='ocr_line' id='line_1_115' title="bbox 1072 1735 1862 1771; baseline 0.001 -9"><span class='ocrx_word' id='word_1_829' title='bbox 1072 1736 1219 1762; x_wconf 75' lang='lat' dir='ltr'>Aesernino</span> <span class='ocrx_word' id='word_1_830' title='bbox 1239 1736 1358 1763; x_wconf 78' lang='lat' dir='ltr'>Samnite</span> <span class='ocrx_word' id='word_1_831' title='bbox 1378 1735 1538 1763; x_wconf 85' lang='lat' dir='ltr'>Pacidianus</span> <span class='ocrx_word' id='word_1_832' title='bbox 1557 1741 1726 1771; x_wconf 86' lang='lat' dir='ltr'>comparatus</span> <span class='ocrx_word' id='word_1_833' title='bbox 1746 1735 1862 1768; x_wconf 78' lang='lat' dir='ltr'>viderer,</span> 
     </span>
     <span class='ocr_line' id='line_1_116' title="bbox 1073 1772 1864 1800; baseline 0 -1"><span class='ocrx_word' id='word_1_834' title='bbox 1073 1773 1221 1800; x_wconf 91' lang='lat' dir='ltr'>auriculam</span> <span class='ocrx_word' id='word_1_835' title='bbox 1238 1772 1347 1799; x_wconf 91' lang='lat' dir='ltr'>fortasse</span> <span class='ocrx_word' id='word_1_836' title='bbox 1361 1773 1498 1800; x_wconf 90' lang='lat' dir='ltr'>mordicus</span> <span class='ocrx_word' id='word_1_837' title='bbox 1513 1773 1679 1800; x_wconf 83' lang='lat' dir='ltr'>abstulisset.</span> <span class='ocrx_word' id='word_1_838' title='bbox 1719 1773 1786 1800; x_wconf 92' lang='lat' dir='ltr'>Cum</span> <span class='ocrx_word' id='word_1_839' title='bbox 1802 1772 1864 1800; x_wconf 90' lang='lat' dir='ltr'>Clo-</span> 
     </span>
     <span class='ocr_line' id='line_1_117' title="bbox 1072 1810 1863 1846; baseline 0 -10"><span class='ocrx_word' id='word_1_840' title='bbox 1072 1810 1117 1837; x_wconf 90' lang='lat' dir='ltr'>dio</span> <span class='ocrx_word' id='word_1_841' title='bbox 1140 1810 1251 1845; x_wconf 90' lang='lat' dir='ltr'>quidem</span> <span class='ocrx_word' id='word_1_842' title='bbox 1271 1815 1340 1836; x_wconf 84' lang='lat' dir='ltr'>certe</span> <span class='ocrx_word' id='word_1_843' title='bbox 1362 1810 1485 1837; x_wconf 87' lang='lat' dir='ltr'>rediisset</span> <span class='ocrx_word' id='word_1_844' title='bbox 1503 1811 1531 1837; x_wconf 91' lang='lat' dir='ltr'>in</span> <span class='ocrx_word' id='word_1_845' title='bbox 1551 1811 1674 1846; x_wconf 82' lang='lat' dir='ltr'>gratiam.</span> <span class='ocrx_word' id='word_1_846' title='bbox 1723 1810 1780 1846; x_wconf 84' lang='lat' dir='ltr'>Ego</span> <span class='ocrx_word' id='word_1_847' title='bbox 1800 1819 1863 1837; x_wconf 84' lang='lat' dir='ltr'>vero</span> 
     </span>
     <span class='ocr_line' id='line_1_118' title="bbox 1073 1847 1864 1882; baseline 0.001 -9"><span class='ocrx_word' id='word_1_848' title='bbox 1073 1856 1163 1874; x_wconf 84' lang='lat' dir='ltr'>meum</span> <span class='ocrx_word' id='word_1_849' title='bbox 1179 1847 1322 1873; x_wconf 88' lang='lat' dir='ltr'>consilium</span> <span class='ocrx_word' id='word_1_850' title='bbox 1338 1847 1543 1882; x_wconf 73' lang='lat' dir='ltr'>(si‘praesertim</span> <span class='ocrx_word' id='word_1_851' title='bbox 1557 1853 1585 1874; x_wconf 90' lang='lat' dir='ltr'>tu</span> <span class='ocrx_word' id='word_1_852' title='bbox 1597 1856 1649 1874; x_wconf 92' lang='lat' dir='ltr'>non</span> <span class='ocrx_word' id='word_1_853' title='bbox 1659 1847 1805 1882; x_wconf 86' lang='lat' dir='ltr'>improbas)</span> <span class='ocrx_word' id='word_1_854' title='bbox 1816 1855 1864 1874; x_wconf 85' lang='lat' dir='ltr'>ve-</span> 
     </span>
     <span class='ocr_line' id='line_1_119' title="bbox 1072 1884 1863 1920; baseline 0 -9"><span class='ocrx_word' id='word_1_855' title='bbox 1072 1885 1211 1911; x_wconf 84' lang='lat' dir='ltr'>hementer</span> <span class='ocrx_word' id='word_1_856' title='bbox 1231 1884 1358 1919; x_wconf 91' lang='lat' dir='ltr'>approbo.</span> <span class='ocrx_word' id='word_1_857' title='bbox 1399 1884 1459 1915; x_wconf 84' lang='lat' dir='ltr'>Ille,</span> <span class='ocrx_word' id='word_1_858' title='bbox 1482 1893 1567 1920; x_wconf 88' lang='lat' dir='ltr'>quum</span> <span class='ocrx_word' id='word_1_859' title='bbox 1587 1894 1602 1911; x_wconf 89' lang='lat' dir='ltr'>a</span> <span class='ocrx_word' id='word_1_860' title='bbox 1620 1893 1662 1911; x_wconf 93' lang='lat' dir='ltr'>me</span> <span class='ocrx_word' id='word_1_861' title='bbox 1677 1884 1863 1920; x_wconf 85' lang='lat' dir='ltr'>singularibus</span> 
     </span>
     <span class='ocr_line' id='line_1_120' title="bbox 1072 1921 1864 1958; baseline 0 -10"><span class='ocrx_word' id='word_1_862' title='bbox 1072 1923 1139 1948; x_wconf 92' lang='lat' dir='ltr'>meis</span> <span class='ocrx_word' id='word_1_863' title='bbox 1153 1922 1251 1948; x_wconf 89' lang='lat' dir='ltr'>studiis</span> <span class='ocrx_word' id='word_1_864' title='bbox 1262 1927 1371 1948; x_wconf 89' lang='lat' dir='ltr'>ornatus</span> <span class='ocrx_word' id='word_1_865' title='bbox 1381 1927 1459 1953; x_wconf 89' lang='lat' dir='ltr'>esset,</span> <span class='ocrx_word' id='word_1_866' title='bbox 1473 1930 1613 1957; x_wconf 90' lang='lat' dir='ltr'>quumque</span> <span class='ocrx_word' id='word_1_867' title='bbox 1624 1930 1673 1958; x_wconf 85' lang='lat' dir='ltr'>ego</span> <span class='ocrx_word' id='word_1_868' title='bbox 1684 1921 1724 1948; x_wconf 91' lang='lat' dir='ltr'>illi</span> <span class='ocrx_word' id='word_1_869' title='bbox 1736 1921 1804 1948; x_wconf 86' lang='lat' dir='ltr'>nihil</span> <span class='ocrx_word' id='word_1_870' title='bbox 1815 1921 1864 1948; x_wconf 82' lang='lat' dir='ltr'>de·-</span> 
     </span>
     <span class='ocr_line' id='line_1_121' title="bbox 1072 1958 1863 1994; baseline 0 -9"><span class='ocrx_word' id='word_1_871' title='bbox 1072 1959 1172 1990; x_wconf 85' lang='lat' dir='ltr'>berem,</span> <span class='ocrx_word' id='word_1_872' title='bbox 1196 1959 1241 1985; x_wconf 86' lang='lat' dir='ltr'>ille</span> <span class='ocrx_word' id='word_1_873' title='bbox 1257 1959 1325 1985; x_wconf 87' lang='lat' dir='ltr'>mihi</span> <span class='ocrx_word' id='word_1_874' title='bbox 1340 1960 1439 1990; x_wconf 89' lang='lat' dir='ltr'>omnia,</span> <span class='ocrx_word' id='word_1_875' title='bbox 1457 1964 1545 1986; x_wconf 88' lang='lat' dir='ltr'>tamen</span> <span class='ocrx_word' id='word_1_876' title='bbox 1561 1960 1589 1985; x_wconf 88' lang='lat' dir='ltr'>in</span> <span class='ocrx_word' id='word_1_877' title='bbox 1604 1958 1743 1994; x_wconf 84' lang='lat' dir='ltr'>republica</span> <span class='ocrx_word' id='word_1_878' title='bbox 1754 1967 1797 1985; x_wconf 92' lang='lat' dir='ltr'>me</span> <span class='ocrx_word' id='word_1_879' title='bbox 1808 1967 1822 1985; x_wconf 86' lang='lat' dir='ltr'>a</span> <span class='ocrx_word' id='word_1_880' title='bbox 1833 1967 1863 1986; x_wconf 91' lang='lat' dir='ltr'>se</span> 
     </span>
     <span class='ocr_line' id='line_1_122' title="bbox 1071 1996 1864 2032; baseline -0.001 -9"><span class='ocrx_word' id='word_1_881' title='bbox 1071 1997 1275 2023; x_wconf 85' lang='lat' dir='ltr'>dissentientem</span> <span class='ocrx_word' id='word_1_882' title='bbox 1291 2005 1343 2023; x_wconf 91' lang='lat' dir='ltr'>non</span> <span class='ocrx_word' id='word_1_883' title='bbox 1359 1996 1429 2027; x_wconf 86' lang='lat' dir='ltr'>tulit,</span> <span class='ocrx_word' id='word_1_884' title='bbox 1443 1996 1521 2032; x_wconf 86' lang='lat' dir='ltr'>(nihil</span> <span class='ocrx_word' id='word_1_885' title='bbox 1532 1996 1619 2023; x_wconf 87' lang='lat' dir='ltr'>dicam</span> <span class='ocrx_word' id='word_1_886' title='bbox 1630 1996 1763 2032; x_wconf 78' lang='lat' dir='ltr'>gravius.)</span> <span class='ocrx_word' id='word_1_887' title='bbox 1775 2000 1800 2022; x_wconf 89' lang='lat' dir='ltr'>et</span> <span class='ocrx_word' id='word_1_888' title='bbox 1810 1996 1864 2023; x_wconf 91' lang='lat' dir='ltr'>mi-</span> 
     </span>
     <span class='ocr_line' id='line_1_123' title="bbox 1072 2032 1861 2069; baseline -0.001 -9"><span class='ocrx_word' id='word_1_889' title='bbox 1072 2043 1124 2060; x_wconf 93' lang='lat' dir='ltr'>nus</span> <span class='ocrx_word' id='word_1_890' title='bbox 1139 2038 1232 2068; x_wconf 88' lang='lat' dir='ltr'>potens</span> <span class='ocrx_word' id='word_1_891' title='bbox 1247 2042 1278 2060; x_wconf 93' lang='lat' dir='ltr'>eo</span> <span class='ocrx_word' id='word_1_892' title='bbox 1294 2038 1421 2069; x_wconf 87' lang='lat' dir='ltr'>tempore,</span> <span class='ocrx_word' id='word_1_893' title='bbox 1438 2033 1505 2069; x_wconf 87' lang='lat' dir='ltr'>quid</span> <span class='ocrx_word' id='word_1_894' title='bbox 1518 2034 1545 2060; x_wconf 92' lang='lat' dir='ltr'>in</span> <span class='ocrx_word' id='word_1_895' title='bbox 1557 2042 1600 2060; x_wconf 91' lang='lat' dir='ltr'>me</span> <span class='ocrx_word' id='word_1_896' title='bbox 1611 2032 1747 2060; x_wconf 85' lang='lat' dir='ltr'>florentem</span> <span class='ocrx_word' id='word_1_897' title='bbox 1760 2038 1861 2068; x_wconf 84' lang='lat' dir='ltr'>posset.</span> 
     </span>
     <span class='ocr_line' id='line_1_124' title="bbox 1071 2069 1863 2106; baseline -0.001 -9"><span class='ocrx_word' id='word_1_898' title='bbox 1071 2071 1198 2098; x_wconf 87' lang='lat' dir='ltr'>ostendit.</span> <span class='ocrx_word' id='word_1_899' title='bbox 1238 2072 1324 2102; x_wconf 89' lang='lat' dir='ltr'>Nunc,</span> <span class='ocrx_word' id='word_1_900' title='bbox 1347 2079 1433 2106; x_wconf 90' lang='lat' dir='ltr'>quum</span> <span class='ocrx_word' id='word_1_901' title='bbox 1447 2079 1497 2106; x_wconf 89' lang='lat' dir='ltr'>ego</span> <span class='ocrx_word' id='word_1_902' title='bbox 1511 2079 1545 2097; x_wconf 88' lang='lat' dir='ltr'>ne</span> <span class='ocrx_word' id='word_1_903' title='bbox 1559 2079 1651 2097; x_wconf 88' lang='lat' dir='ltr'>curem</span> <span class='ocrx_word' id='word_1_904' title='bbox 1666 2069 1777 2105; x_wconf 91' lang='lat' dir='ltr'>quidem</span> <span class='ocrx_word' id='word_1_905' title='bbox 1790 2069 1863 2097; x_wconf 91' lang='lat' dir='ltr'>mul-</span> 
     </span>
     <span class='ocr_line' id='line_1_125' title="bbox 1071 2107 1863 2143; baseline -0.001 -9"><span class='ocrx_word' id='word_1_906' title='bbox 1071 2113 1128 2135; x_wconf 91' lang='lat' dir='ltr'>tum</span> <span class='ocrx_word' id='word_1_907' title='bbox 1140 2116 1227 2143; x_wconf 86' lang='lat' dir='ltr'>posse,</span> <span class='ocrx_word' id='word_1_908' title='bbox 1241 2117 1283 2134; x_wconf 90' lang='lat' dir='ltr'>res</span> <span class='ocrx_word' id='word_1_909' title='bbox 1293 2108 1404 2143; x_wconf 89' lang='lat' dir='ltr'>quidem</span> <span class='ocrx_word' id='word_1_910' title='bbox 1413 2108 1523 2143; x_wconf 87' lang='lat' dir='ltr'>publica</span> <span class='ocrx_word' id='word_1_911' title='bbox 1533 2112 1603 2134; x_wconf 90' lang='lat' dir='ltr'>certe</span> <span class='ocrx_word' id='word_1_912' title='bbox 1615 2107 1682 2134; x_wconf 90' lang='lat' dir='ltr'>nihil</span> <span class='ocrx_word' id='word_1_913' title='bbox 1689 2108 1782 2142; x_wconf 83' lang='lat' dir='ltr'>possit,</span> <span class='ocrx_word' id='word_1_914' title='bbox 1790 2115 1863 2134; x_wconf 83' lang='lat' dir='ltr'>unus</span> 
     </span>
     <span class='ocr_line' id='line_1_126' title="bbox 1072 2143 1863 2180; baseline -0.003 -8"><span class='ocrx_word' id='word_1_915' title='bbox 1072 2145 1118 2172; x_wconf 89' lang='lat' dir='ltr'>ille</span> <span class='ocrx_word' id='word_1_916' title='bbox 1137 2146 1227 2172; x_wconf 86' lang='lat' dir='ltr'>omnia</span> <span class='ocrx_word' id='word_1_917' title='bbox 1247 2146 1345 2180; x_wconf 89' lang='lat' dir='ltr'>possit,</span> <span class='ocrx_word' id='word_1_918' title='bbox 1367 2154 1430 2171; x_wconf 91' lang='lat' dir='ltr'>cum</span> <span class='ocrx_word' id='word_1_919' title='bbox 1451 2144 1497 2172; x_wconf 94' lang='lat' dir='ltr'>illo</span> <span class='ocrx_word' id='word_1_920' title='bbox 1518 2145 1576 2180; x_wconf 90' lang='lat' dir='ltr'>ipso</span> <span class='ocrx_word' id='word_1_921' title='bbox 1591 2143 1799 2171; x_wconf 76' lang='lat' dir='ltr'>contenderem?</span> <span class='ocrx_word' id='word_1_922' title='bbox 1816 2144 1863 2171; x_wconf 80' lang='lat' dir='ltr'>Sic</span> 
     </span>
     <span class='ocr_line' id='line_1_127' title="bbox 1071 2181 1862 2216; baseline -0.001 -7"><span class='ocrx_word' id='word_1_923' title='bbox 1071 2183 1145 2209; x_wconf 90' lang='lat' dir='ltr'>enim</span> <span class='ocrx_word' id='word_1_924' title='bbox 1160 2182 1314 2209; x_wconf 84' lang='lat' dir='ltr'>faciendum</span> <span class='ocrx_word' id='word_1_925' title='bbox 1330 2182 1436 2209; x_wconf 90' lang='lat' dir='ltr'>fuisset.</span> <span class='ocrx_word' id='word_1_926' title='bbox 1475 2183 1533 2209; x_wconf 89' lang='lat' dir='ltr'>Non</span> <span class='ocrx_word' id='word_1_927' title='bbox 1544 2182 1670 2208; x_wconf 86' lang='lat' dir='ltr'>existimo</span> <span class='ocrx_word' id='word_1_928' title='bbox 1681 2186 1706 2208; x_wconf 85' lang='lat' dir='ltr'>te</span> <span class='ocrx_word' id='word_1_929' title='bbox 1717 2186 1820 2216; x_wconf 76' lang='lat' dir='ltr'>putare,</span> <span class='ocrx_word' id='word_1_930' title='bbox 1833 2181 1862 2208; x_wconf 86' lang='lat' dir='ltr'>id</span> 
     </span>
     <span class='ocr_line' id='line_1_128' title="bbox 1071 2218 1863 2255; baseline -0.003 -9"><span class='ocrx_word' id='word_1_931' title='bbox 1071 2220 1139 2246; x_wconf 88' lang='lat' dir='ltr'>mihi</span> <span class='ocrx_word' id='word_1_932' title='bbox 1158 2219 1364 2255; x_wconf 88' lang='lat' dir='ltr'>suscipiendum</span> <span class='ocrx_word' id='word_1_933' title='bbox 1379 2219 1474 2246; x_wconf 89' lang='lat' dir='ltr'>fuisse.</span> <span class='ocrx_word' id='word_1_934' title='bbox 1518 2221 1543 2246; x_wconf 84' lang='lat'>3.</span> <span class='ocrx_word' id='word_1_935' title='bbox 1571 2219 1749 2250; x_wconf 82' lang='lat' dir='ltr'>Alterutrum,</span> <span class='ocrx_word' id='word_1_936' title='bbox 1772 2218 1863 2254; x_wconf 84' lang='lat' dir='ltr'>inquit</span> 
     </span>
     <span class='ocr_line' id='line_1_129' title="bbox 1072 2256 1862 2291; baseline -0.003 -8"><span class='ocrx_word' id='word_1_937' title='bbox 1072 2257 1143 2284; x_wconf 88' lang='lat' dir='ltr'>idem</span> <span class='ocrx_word' id='word_1_938' title='bbox 1155 2257 1299 2288; x_wconf 88' lang='lat' dir='ltr'>Salustius,</span> <span class='ocrx_word' id='word_1_939' title='bbox 1312 2256 1494 2283; x_wconf 86' lang='lat' dir='ltr'>defendisses:</span> <span class='ocrx_word' id='word_1_940' title='bbox 1522 2256 1604 2291; x_wconf 89' lang='lat' dir='ltr'>idque</span> <span class='ocrx_word' id='word_1_941' title='bbox 1615 2256 1742 2290; x_wconf 87' lang='lat' dir='ltr'>Pompeio</span> <span class='ocrx_word' id='word_1_942' title='bbox 1751 2260 1862 2282; x_wconf 82' lang='lat' dir='ltr'>conten-</span> 
     </span>
     <span class='ocr_line' id='line_1_130' title="bbox 1070 2292 1862 2328; baseline -0.004 -7"><span class='ocrx_word' id='word_1_943' title='bbox 1070 2295 1144 2321; x_wconf 88' lang='lat' dir='ltr'>denti</span> <span class='ocrx_word' id='word_1_944' title='bbox 1161 2294 1293 2320; x_wconf 89' lang='lat' dir='ltr'>dedisses.</span> <span class='ocrx_word' id='word_1_945' title='bbox 1332 2294 1439 2320; x_wconf 87' lang='lat' dir='ltr'>Etenim</span> <span class='ocrx_word' id='word_1_946' title='bbox 1453 2293 1626 2320; x_wconf 86' lang='lat' dir='ltr'>vehementer</span> <span class='ocrx_word' id='word_1_947' title='bbox 1639 2292 1740 2319; x_wconf 89' lang='lat' dir='ltr'>orabat.</span> <span class='ocrx_word' id='word_1_948' title='bbox 1780 2292 1862 2328; x_wconf 86' lang='lat' dir='ltr'>Lepi-</span> 
     </span>
     <span class='ocr_line' id='line_1_131' title="bbox 1069 2329 1863 2365; baseline -0.004 -7"><span class='ocrx_word' id='word_1_949' title='bbox 1069 2332 1135 2358; x_wconf 91' lang='lat' dir='ltr'>dum</span> <span class='ocrx_word' id='word_1_950' title='bbox 1155 2332 1273 2358; x_wconf 80' lang='lat' dir='ltr'>amicum</span> <span class='ocrx_word' id='word_1_951' title='bbox 1289 2330 1451 2361; x_wconf 78' lang='lat' dir='ltr'>Salustium.</span> <span class='ocrx_word' id='word_1_952' title='bbox 1469 2331 1517 2365; x_wconf 88' lang='lat' dir='ltr'>qui</span> <span class='ocrx_word' id='word_1_953' title='bbox 1531 2330 1599 2357; x_wconf 88' lang='lat' dir='ltr'>mihi</span> <span class='ocrx_word' id='word_1_954' title='bbox 1614 2329 1769 2356; x_wconf 86' lang='lat' dir='ltr'>inimicitias</span> <span class='ocrx_word' id='word_1_955' title='bbox 1784 2333 1863 2364; x_wconf 81' lang='lat' dir='ltr'>putet</span> 
     </span>
     <span class='ocr_line' id='line_1_132' title="bbox 1068 2366 1862 2404; baseline -0.004 -9"><span class='ocrx_word' id='word_1_956' title='bbox 1068 2368 1234 2404; x_wconf 82' lang='lat' dir='ltr'>periculosas</span> <span class='ocrx_word' id='word_1_957' title='bbox 1249 2368 1406 2395; x_wconf 86' lang='lat' dir='ltr'>subeundas</span> <span class='ocrx_word' id='word_1_958' title='bbox 1417 2367 1502 2394; x_wconf 82' lang='lat' dir='ltr'>fuisse</span> <span class='ocrx_word' id='word_1_959' title='bbox 1513 2372 1559 2394; x_wconf 89' lang='lat' dir='ltr'>aut</span> <span class='ocrx_word' id='word_1_960' title='bbox 1569 2366 1708 2393; x_wconf 90' lang='lat' dir='ltr'>infamiam</span> <span class='ocrx_word' id='word_1_961' title='bbox 1718 2367 1862 2401; x_wconf 82' lang='lat' dir='ltr'>sempiter-</span> 
     </span>
     <span class='ocr_line' id='line_1_133' title="bbox 1069 2403 1861 2442; baseline -0.005 -9"><span class='ocrx_word' id='word_1_962' title='bbox 1069 2406 1145 2433; x_wconf 87' lang='lat' dir='ltr'>nam!</span> <span class='ocrx_word' id='word_1_963' title='bbox 1185 2406 1243 2442; x_wconf 86' lang='lat' dir='ltr'>Ego</span> <span class='ocrx_word' id='word_1_964' title='bbox 1253 2414 1316 2432; x_wconf 84' lang='lat' dir='ltr'>vero</span> <span class='ocrx_word' id='word_1_965' title='bbox 1331 2405 1382 2432; x_wconf 84' lang='lat' dir='ltr'>hac</span> <span class='ocrx_word' id='word_1_966' title='bbox 1396 2405 1577 2431; x_wconf 82' lang='lat' dir='ltr'>mediocritate</span> <span class='ocrx_word' id='word_1_967' title='bbox 1592 2403 1723 2430; x_wconf 77' lang='lat' dir='ltr'>delector:</span> <span class='ocrx_word' id='word_1_968' title='bbox 1749 2411 1780 2429; x_wconf 89' lang='lat' dir='ltr'>ac</span> <span class='ocrx_word' id='word_1_969' title='bbox 1790 2403 1861 2430; x_wconf 85' lang='lat' dir='ltr'>mihi</span> 
     </span>
     <span class='ocr_line' id='line_1_134' title="bbox 1069 2441 1860 2477; baseline -0.004 -8"><span class='ocrx_word' id='word_1_970' title='bbox 1069 2443 1142 2470; x_wconf 83' lang='lat' dir='ltr'>illud</span> <span class='ocrx_word' id='word_1_971' title='bbox 1149 2443 1299 2470; x_wconf 90' lang='lat' dir='ltr'>iucundum</span> <span class='ocrx_word' id='word_1_972' title='bbox 1309 2447 1358 2473; x_wconf 83' lang='lat' dir='ltr'>est,</span> <span class='ocrx_word' id='word_1_973' title='bbox 1375 2442 1458 2477; x_wconf 80' lang='lat' dir='ltr'>quod,</span> <span class='ocrx_word' id='word_1_974' title='bbox 1470 2449 1555 2477; x_wconf 89' lang='lat' dir='ltr'>quum</span> <span class='ocrx_word' id='word_1_975' title='bbox 1567 2441 1750 2467; x_wconf 89' lang='lat' dir='ltr'>testimonium</span> <span class='ocrx_word' id='word_1_976' title='bbox 1761 2449 1860 2467; x_wconf 86' lang='lat' dir='ltr'>secun-</span> 
     </span>
     <span class='ocr_line' id='line_1_135' title="bbox 1069 2478 1859 2515; baseline -0.004 -9"><span class='ocrx_word' id='word_1_977' title='bbox 1069 2480 1134 2507; x_wconf 92' lang='lat' dir='ltr'>dum</span> <span class='ocrx_word' id='word_1_978' title='bbox 1154 2480 1235 2506; x_wconf 85' lang='lat' dir='ltr'>fidem</span> <span class='ocrx_word' id='word_1_979' title='bbox 1251 2485 1276 2506; x_wconf 89' lang='lat' dir='ltr'>et</span> <span class='ocrx_word' id='word_1_980' title='bbox 1291 2479 1449 2515; x_wconf 84' lang='lat' dir='ltr'>religionem</span> <span class='ocrx_word' id='word_1_981' title='bbox 1462 2478 1623 2515; x_wconf 82' lang='lat' dir='ltr'>gravissime</span> <span class='ocrx_word' id='word_1_982' title='bbox 1638 2478 1778 2508; x_wconf 83' lang='lat' dir='ltr'>dixissem,</span> <span class='ocrx_word' id='word_1_983' title='bbox 1796 2485 1859 2503; x_wconf 85' lang='lat' dir='ltr'>reus</span> 
     </span>
     <span class='ocr_line' id='line_1_136' title="bbox 1068 2514 1860 2549; baseline -0.005 -5"><span class='ocrx_word' id='word_1_984' title='bbox 1068 2517 1147 2549; x_wconf 86' lang='lat' dir='ltr'>dixit,</span> <span class='ocrx_word' id='word_1_985' title='bbox 1167 2518 1192 2544; x_wconf 92' lang='lat' dir='ltr'>si</span> <span class='ocrx_word' id='word_1_986' title='bbox 1207 2518 1235 2544; x_wconf 90' lang='lat' dir='ltr'>in</span> <span class='ocrx_word' id='word_1_987' title='bbox 1249 2517 1358 2543; x_wconf 84' lang='lat' dir='ltr'>civitate</span> <span class='ocrx_word' id='word_1_988' title='bbox 1376 2516 1497 2542; x_wconf 85' lang='lat' dir='ltr'>licuisset</span> <span class='ocrx_word' id='word_1_989' title='bbox 1510 2515 1565 2541; x_wconf 89' lang='lat' dir='ltr'>sibi</span> <span class='ocrx_word' id='word_1_990' title='bbox 1578 2523 1647 2546; x_wconf 85' lang='lat' dir='ltr'>esse,</span> <span class='ocrx_word' id='word_1_991' title='bbox 1660 2514 1729 2541; x_wconf 90' lang='lat' dir='ltr'>mihi</span> <span class='ocrx_word' id='word_1_992' title='bbox 1739 2522 1769 2540; x_wconf 89' lang='lat' dir='ltr'>se</span> <span class='ocrx_word' id='word_1_993' title='bbox 1779 2514 1860 2540; x_wconf 86' lang='lat' dir='ltr'>satis-</span> 
     </span>
     <span class='ocr_line' id='line_1_137' title="bbox 1068 2551 1858 2589; baseline -0.005 -8"><span class='ocrx_word' id='word_1_994' title='bbox 1068 2554 1210 2585; x_wconf 84' lang='lat' dir='ltr'>facturum,</span> <span class='ocrx_word' id='word_1_995' title='bbox 1228 2562 1316 2589; x_wconf 90' lang='lat' dir='ltr'>neque</span> <span class='ocrx_word' id='word_1_996' title='bbox 1332 2562 1374 2580; x_wconf 88' lang='lat' dir='ltr'>me</span> <span class='ocrx_word' id='word_1_997' title='bbox 1389 2553 1539 2588; x_wconf 82' lang='lat' dir='ltr'>quidquam</span> <span class='ocrx_word' id='word_1_998' title='bbox 1550 2552 1733 2587; x_wconf 85' lang='lat' dir='ltr'>interrogavit.</span> <span class='ocrx_word' id='word_1_999' title='bbox 1770 2551 1794 2577; x_wconf 66' lang='lat'>4.</span> <span class='ocrx_word' id='word_1_1000' title='bbox 1821 2551 1858 2577; x_wconf 83' lang='lat' dir='ltr'>De</span> 
     </span>
     <span class='ocr_line' id='line_1_138' title="bbox 1067 2587 1858 2626; baseline -0.005 -8"><span class='ocrx_word' id='word_1_1001' title='bbox 1067 2592 1202 2622; x_wconf 81' lang='lat' dir='ltr'>versibus,</span> <span class='ocrx_word' id='word_1_1002' title='bbox 1215 2600 1283 2626; x_wconf 91' lang='lat' dir='ltr'>quos</span> <span class='ocrx_word' id='word_1_1003' title='bbox 1293 2591 1343 2617; x_wconf 91' lang='lat' dir='ltr'>tibi</span> <span class='ocrx_word' id='word_1_1004' title='bbox 1354 2599 1368 2617; x_wconf 88' lang='lat' dir='ltr'>a</span> <span class='ocrx_word' id='word_1_1005' title='bbox 1381 2598 1423 2616; x_wconf 91' lang='lat' dir='ltr'>me</span> <span class='ocrx_word' id='word_1_1006' title='bbox 1434 2589 1517 2616; x_wconf 87' lang='lat' dir='ltr'>scribi</span> <span class='ocrx_word' id='word_1_1007' title='bbox 1528 2589 1578 2619; x_wconf 90' lang='lat' dir='ltr'>vis,</span> <span class='ocrx_word' id='word_1_1008' title='bbox 1587 2589 1662 2615; x_wconf 88' lang='lat' dir='ltr'>deest</span> <span class='ocrx_word' id='word_1_1009' title='bbox 1673 2587 1858 2623; x_wconf 78' lang='lat' dir='ltr'>mihiquidem</span> 
     </span>
     <span class='ocr_line' id='line_1_139' title="bbox 1066 2626 1858 2663; baseline -0.005 -8"><span class='ocrx_word' id='word_1_1010' title='bbox 1066 2637 1155 2663; x_wconf 88' lang='lat' dir='ltr'>opera,</span> <span class='ocrx_word' id='word_1_1011' title='bbox 1168 2637 1237 2663; x_wconf 91' lang='lat' dir='ltr'>quae</span> <span class='ocrx_word' id='word_1_1012' title='bbox 1248 2637 1300 2655; x_wconf 92' lang='lat' dir='ltr'>non</span> <span class='ocrx_word' id='word_1_1013' title='bbox 1312 2627 1390 2654; x_wconf 91' lang='lat' dir='ltr'>modo</span> <span class='ocrx_word' id='word_1_1014' title='bbox 1401 2632 1516 2662; x_wconf 89' lang='lat' dir='ltr'>tempus,</span> <span class='ocrx_word' id='word_1_1015' title='bbox 1529 2626 1577 2653; x_wconf 88' lang='lat' dir='ltr'>sed</span> <span class='ocrx_word' id='word_1_1016' title='bbox 1587 2626 1668 2653; x_wconf 90' lang='lat' dir='ltr'>etiam</span> <span class='ocrx_word' id='word_1_1017' title='bbox 1678 2626 1799 2652; x_wconf 84' lang='lat' dir='ltr'>animum</span> <span class='ocrx_word' id='word_1_1018' title='bbox 1809 2633 1858 2651; x_wconf 84' lang='lat' dir='ltr'>va-</span> 
     </span>
     <span class='ocr_line' id='line_1_140' title="bbox 1067 2662 1858 2697; baseline -0.004 -5"><span class='ocrx_word' id='word_1_1019' title='bbox 1067 2674 1151 2692; x_wconf 85' lang='lat' dir='ltr'>cuum</span> <span class='ocrx_word' id='word_1_1020' title='bbox 1169 2665 1202 2692; x_wconf 89' lang='lat' dir='ltr'>ab</span> <span class='ocrx_word' id='word_1_1021' title='bbox 1222 2666 1296 2692; x_wconf 91' lang='lat' dir='ltr'>omni</span> <span class='ocrx_word' id='word_1_1022' title='bbox 1315 2672 1378 2691; x_wconf 84' lang='lat' dir='ltr'>cura</span> <span class='ocrx_word' id='word_1_1023' title='bbox 1399 2664 1545 2697; x_wconf 69' lang='lat' dir='ltr'>desider-³23</span> <span class='ocrx_word' id='word_1_1024' title='bbox 1567 2662 1616 2690; x_wconf 88' lang='lat' dir='ltr'>sed</span> <span class='ocrx_word' id='word_1_1025' title='bbox 1631 2663 1707 2690; x_wconf 81' lang='lat' dir='ltr'>abest</span> <span class='ocrx_word' id='word_1_1026' title='bbox 1721 2662 1802 2689; x_wconf 81' lang='lat' dir='ltr'>etiam</span> <span class='ocrx_word' id='word_1_1027' title='bbox 1816 2663 1858 2689; x_wconf 73' lang='grc' dir='ltr'>ἐν·</span> 
     </span>
    </p>
   </div>
  </div>
 </body>
</html>
