1941 3052
373 133 699 160 EP1STOL.in[J).[
722 133 773 159 AD
802 132 1006 158 ATTICL'M
1038 131 1401 157 Lln.x[1.Er.21—
1423 132 1463 156 32.

99 205 238 236 faciebam,
251 203 298 230 sed
310 205 413 230 mitius.
454 205 516 231 Erat
526 205 608 235 enim,
622 204 669 231 ubi
681 204 889 238 acquiescerem.

99 244 175 270 Nunc
190 242 269 277 plane
284 250 332 268 nec
348 250 397 277 ego
414 242 528 272 victum,
552 250 600 268 nec
616 242 698 268 vitam
715 241 789 267 illam
805 240 892 267 colere

98 288 223 315 possum:
244 280 331 305 necin
343 287 372 305 ea
387 288 427 309 re,
443 279 511 314 quid
522 279 582 305 aliis
594 279 731 309 videatur,
749 278 817 305 mihi
827 283 892 312 puto

97 317 258 343 curandum.
298 317 356 342 Mea
372 317 440 342 mihi
454 317 618 342 conscientia
633 316 720 351 pluris
735 321 788 346 est,
810 323 891 350 quam

97 355 220 381 omnium
231 362 328 380 sermo.
355 353 431 386 Quod
447 362 489 380 me
501 355 558 388 ipse
569 362 617 388 per
629 353 730 379 litteras
741 352 892 379 consolatus

99 401 173 418 sum:
190 400 242 418 non
254 392 371 426 poenitet
382 400 434 421 me,
447 395 580 426 quantum
591 390 761 425 profecerim.
791 390 893 416 Maero-

100 438 155 455 rem
167 429 268 455 minui:
287 428 404 455 dolorem
417 437 467 454 nec
478 429 566 462 potui,
581 437 643 459 nec,
661 428 684 453 si
696 436 817 462 possem,
837 426 893 452 vel-

99 466 162 492 lem.
202 468 226 492 3.
249 466 284 492 De
301 466 416 495 Triario,
439 465 507 491 bene
527 466 709 500 interpretaris
729 464 893 491 voluntatem

99 512 196 530 meam.
237 503 277 529 Tu
288 512 351 529 vero
361 502 439 533 nihil,
452 503 506 528 nisi
516 507 546 529 ut
556 502 597 528 illi
609 502 707 529 volent.
738 502 805 528 Amo
816 500 893 527 illum

99 546 251 567 mortuum:
263 545 333 567 tutor
344 549 404 566 sum
418 539 524 566 liberis:
538 544 617 566 totam
629 538 841 574 domumdiligo.
858 538 894 564 De

98 578 263 605 Castriciano
275 578 393 613 negotio,
407 578 430 603 si
441 576 587 603 Castricius
599 585 646 611 pro
658 576 801 611 mancipiis
812 583 895 610 pecu-

100 616 172 642 niam
184 615 304 649 accipere
317 615 399 645 volet,
421 622 534 648 eamque
550 614 576 640 ei
587 614 669 644 solvi,
687 618 715 640 ut
729 621 800 639 nunc
811 612 895 638 solvi-

100 658 155 685 tur,
171 657 240 679 certe
252 651 319 678 nihil
331 656 372 678 est
382 652 560 677 commodius.
600 652 646 677 Sin
657 655 747 677 autem
759 651 794 676 ita
806 654 894 676 actum

99 695 147 720 est,
156 695 186 716 ut
197 690 254 724 ipsa
266 690 400 723 mancipia
412 688 565 719 abduceret,
575 697 627 714 non
639 688 707 713 mihi
718 687 826 713 videtur
836 695 895 712 esse

99 736 227 762 aequum.
259 727 344 761 Rogas
356 727 428 752 enim
439 734 491 755 me,
507 730 537 752 ut
548 726 596 752 tibi
608 725 734 755 scribam,
748 724 815 759 quid
827 724 895 749 mihi

101 765 236 791 videatur:
260 763 320 790 nolo
336 764 408 789 enim
430 763 529 798 negotii
545 762 675 794 Quintum
691 761 799 788 fratrem
813 761 896 796 quid-

99 811 180 837 quam
194 801 304 827 habere:
318 800 390 835 quod
400 800 493 826 videor
504 800 572 826 mihi
583 799 749 826 intellexisse
760 799 812 825 tibi
823 798 895 824 idem

101 839 196 865 videri.
223 837 367 868 Publilius,
380 838 404 863 si
415 838 616 872 aequinoctium
628 841 775 871 exspectat,
789 840 818 862 ut
829 836 897 862 scri-

101 877 142 902 bis
154 875 279 902 Aledium
294 875 396 905 dicere,
414 875 591 910 navigaturus
608 874 724 900 videtur.
764 873 832 899 Mihi
847 882 897 899 au-

100 919 153 940 tem
164 913 276 943 dixerat,
290 920 338 946 per
348 911 478 938 Siciliam.
519 912 613 938 Utrum
622 932 628 943 ,
641 916 667 938 et
677 911 798 946 quando,
813 910 895 936 velim

99 952 176 977 scire.
217 950 250 976 Et
261 949 342 975 velim
354 949 512 984 aliquando,
530 958 615 984 quum
630 950 680 975 erit
689 953 766 975 tuum
777 957 897 974 commo-

99 988 178 1018 dum,
198 986 342 1014 Lentulum
358 995 472 1022 puerum
488 987 574 1018 visas,
597 987 677 1021 eique
692 986 725 1012 de
740 986 893 1020 mancipiis,

99 1034 168 1060 quae
183 1025 231 1051 tibi
249 1024 398 1055 videbitur,
415 1024 555 1051 attribuas.
596 1024 679 1051 Piliae
695 1028 721 1050 et
736 1023 837 1050 Atticae
853 1032 897 1049 sa—

100 1062 191 1089 lutem.

157 1142 173 1160 λ
181 1140 242 1160 XIX.
273 1143 369 1163 (Admau,
379 1141 457 1159 Caesare
468 1142 500 1160 lv.
511 1147 548 1159 eos.
560 1147 575 1159 s.
587 1142 630 1159 coll.
642 1142 697 1162 709.)

288 1192 455 1220 CICERO
487 1192 654 1219 ATTICO
684 1192 709 1218 S.

158 1242 181 1266 t.
203 1236 303 1270 Silius,
317 1243 347 1265 ut
357 1239 464 1269 scribis,
478 1238 568 1265 hodie.
608 1238 672 1265 Cras
684 1240 780 1274 igitur,
794 1237 836 1264 vel
849 1246 897 1272 po-

101 1279 157 1304 tius
168 1286 256 1312 quum
268 1277 377 1312 poteris,
386 1276 498 1307 scribes,
507 1277 531 1302 si
543 1276 609 1311 quid
617 1277 675 1307 erit,
685 1285 770 1311 quum
783 1275 895 1302 videris.

100 1316 154 1342 Nec
165 1323 214 1350 ego
225 1315 336 1341 Brutum
348 1315 416 1344 vito,
435 1322 483 1340 nec
495 1318 581 1340 tamen
595 1313 628 1340 ab
640 1322 670 1340 eo
682 1313 842 1340 levationem
854 1312 898 1339 ul-

101 1352 153 1379 lam
165 1357 304 1387 exspecto:
318 1351 365 1378 sed
377 1356 451 1378 erant
462 1351 694 1382 caussae,curhoc
705 1356 824 1386 tempore
836 1351 897 1376 istic

99 1399 159 1417 esse
171 1389 283 1416 nollem:
301 1398 370 1424 quae
380 1389 404 1415 si
416 1389 572 1419 manebunt,
588 1388 741 1424 quaerenda
753 1389 803 1415 erit
813 1396 897 1414 excu-

100 1428 167 1454 satio
178 1427 211 1453 ad
226 1428 348 1458 Brutum,
363 1432 401 1457 et,
415 1431 444 1453 ut
455 1435 526 1452 nunc
538 1430 589 1456 est,
605 1434 746 1452 mansurae
758 1425 894 1452 videntur.

99 1467 124 1492 2.
147 1465 182 1491 De
193 1464 286 1495 hortis,
302 1472 411 1499 quaeso.
425 1463 540 1498 explica.
581 1464 667 1498 Caput
679 1463 747 1489 illud
758 1468 807 1494 est,
823 1463 896 1498 quod

99 1503 163 1529 scis.
204 1501 339 1537 Sequitur,
354 1506 383 1528 ut
394 1501 473 1527 ctiam
486 1501 554 1527 mihi
566 1501 618 1535 ipsi
629 1500 760 1536 quiddam
770 1509 839 1536 opus
850 1501 894 1527 sit.

100 1540 154 1566 Nec
170 1539 241 1565 enim
262 1548 320 1565 esse
336 1539 362 1564 in
379 1538 456 1565 turba
471 1546 582 1573 possum
597 1547 646 1565 nec
662 1547 675 1564 a
696 1538 774 1565 vobis
789 1538 894 1564 abesse.

100 1577 169 1603 lluic
185 1585 244 1603 meo
255 1575 367 1603 consilio
379 1575 447 1602 nihil
460 1577 564 1610 reperio
577 1576 626 1602 isto
638 1575 694 1602 loco
705 1576 808 1611 aptius:
827 1575 896 1602 etde

101 1614 150 1641 hac
166 1622 192 1640 re
208 1613 275 1648 quid
291 1614 329 1639 tui
344 1612 450 1639 consilii
462 1613 506 1639 sit.
546 1613 613 1639 Mihi
629 1622 788 1648 persuasum
800 1618 853 1643 est,
872 1617 897 1639 et

100 1660 131 1678 eo
143 1651 242 1686 magis,
260 1650 332 1685 quod
345 1650 416 1676 idem
427 1650 549 1677 intellexi
562 1650 610 1676 tibi
625 1650 724 1682 videri,
744 1659 785 1677 me
796 1650 830 1676 ab
841 1652 897 1685 Op-

99 1690 144 1724 pio
156 1688 267 1715 etBalbo
280 1687 357 1714 valde
367 1687 456 1723 diligi.
478 1688 545 1714 Cum
559 1688 592 1714 iis
603 1688 797 1719 communices,
810 1696 897 1722 quan-

100 1731 126 1753 to
141 1734 234 1761 opere,
251 1730 277 1751 et
290 1734 373 1760 quare
390 1725 472 1752 velim
489 1725 591 1752 hortos:
608 1725 655 1751 sed
672 1725 699 1751 id
716 1726 750 1752 ita
763 1734 854 1760 posse,
873 1726 896 1751 si

99 1763 259 1798 expediatur
274 1762 342 1789 illud
358 1762 550 1796 Faberianum3
574 1763 662 1789 sintne
678 1763 761 1798 igitur
774 1767 896 1789 auctores

101 1800 198 1832 futuri,
215 1801 238 1826 si
254 1808 308 1835 qua
318 1800 398 1826 etiam
411 1800 511 1827 iactura
522 1799 642 1827 facienda
654 1801 689 1827 sit
701 1801 728 1826 in
741 1809 897 1835 repraesen-

100 1837 194 1869 tando,
211 1837 300 1872 quoad
315 1842 429 1872 possunt
439 1837 552 1864 adduci:
575 1837 670 1873 (totum
681 1838 754 1864 enim
769 1837 837 1864 illud
849 1837 897 1864 de-

99 1880 235 1910 speratum
244 1875 263 1910 3)
273 1875 390 1910 denique
402 1874 546 1910 intelliges,
555 1875 653 1910 ecquid
662 1875 791 1902 inclinent
801 1875 834 1901 ad
847 1875 896 1901 hoc

101 1921 191 1938 meum
203 1912 348 1938 consilium
359 1912 555 1938 adiuvandum.
577 1912 683 1947 Siquid
694 1913 752 1944 erit,
767 1921 895 1948 magnum

100 1955 140 1976 est
154 1949 354 1975 adiumentum:
371 1950 412 1975 sin
425 1950 524 1981 minus,
538 1958 710 1984 quacumque
721 1951 821 1976 ratione
832 1958 897 1976 con-

101 1987 254 2014 tendamus.
294 1986 377 2012 Vetus
398 1985 466 2012 illud
491 1987 641 2022 ἐγγήραμιι,
666 1987 895 2021 quemadmodum

100 2024 244 2058 scripsisti,
258 2022 300 2049 vel
315 2024 437 2057 ἐντάφιον
448 2028 550 2058 putato.
590 2024 625 2050 De
638 2023 683 2050 illo
694 2024 812 2051 Ostiensi
827 2024 895 2050 nihil

101 2066 142 2088 est
161 2060 344 2097 cogitandum.
385 2059 413 2086 Si
435 2060 483 2086 hoc
500 2069 551 2087 non
568 2061 752 2096 assequimur:
775 2070 789 2087 a
806 2062 896 2088 Lamia

102 2107 152 2125 non
166 2103 229 2132 puto
241 2106 332 2133 posse:
348 2098 502 2133 Damasippi
515 2098 709 2132 experiendum
720 2103 770 2125 est.

156 2167 232 2188 xxx.
262 2170 358 2191 (Asuui-e,
369 2169 446 2186 (nemn-
455 2169 486 2186 ΠΙ.
497 2176 535 2186 tus.
546 2176 561 2186 ι.
572 2169 616 2187 toll.
629 2170 683 2191 709⁴)

286 2211 454 2239 CICERO
484 2211 652 2239 ATTICO
681 2211 708 2238 S.

159 2261 182 2285 4.
195 2256 316 2291 Quaero,
328 2257 395 2293 quid
409 2257 442 2284 ad
453 2262 477 2284 te
487 2257 618 2284 scribam:
631 2258 679 2284 sed
694 2258 762 2285 nihil
774 2263 824 2285 est.
847 2258 897 2284 Eu-

101 2297 163 2323 dem
179 2296 310 2331 quotidie.
351 2295 428 2327 Quod
444 2294 587 2322 Lentulum
608 2295 718 2326 invisis,
741 2295 819 2322 valdo
836 2304 898 2331 gra-

102 2338 169 2361 tum.
212 2334 309 2360 Pueros
320 2333 435 2360 attribue
447 2333 480 2363 ei,
497 2337 562 2367 quot
572 2337 598 2359 et
608 2341 676 2367 quos
688 2333 835 2360 videbitur.
862 2333 897 2359 De

100 2370 161 2398 Silii
173 2370 308 2398 voluntate
325 2369 473 2400 vendendi,
491 2375 517 2396 et
532 2369 565 2395 de
580 2378 624 2399 eo,
641 2371 748 2405 quanti,
766 2375 794 2397 tu
811 2371 896 2396 vereri

103 2408 217 2439 videris,
236 2409 354 2443 primum
366 2416 399 2434 ne
411 2407 489 2437 nolit,
507 2406 605 2433 deindo
617 2416 650 2433 ne
662 2408 736 2434 tanti.
776 2408 837 2433 Sica
847 2407 898 2433 ali-

101 2450 153 2472 ter:
170 2445 218 2472 sed
230 2445 279 2472 tibi
291 2446 431 2472 assentior.
471 2444 572 2476 Quare,
591 2449 620 2470 ιιι
631 2445 655 2470 ei
668 2444 782 2479 placuit,
799 2445 897 2479 scripsi

102 2482 135 2509 ad
147 2483 302 2518 Egnatium.
342 2482 418 2515 Quod
429 2481 513 2508 Silius
525 2486 549 2507 te
560 2490 621 2508 cum
633 2481 726 2508 Clodio
739 2481 811 2516 loqui
824 2481 894 2511 vult:

103 2524 178 2554 potes
198 2519 225 2546 id
247 2528 304 2546 mea
326 2520 461 2547 voluntate
484 2519 583 2545 faeere:
606 2518 830 2553 commodiusque
845 2523 895 2549 est,

101 2565 198 2591 quam,
220 2557 293 2592 quod
310 2557 355 2584 ille
370 2566 384 2584 a
401 2566 443 2583 me
458 2557 536 2591 petit,
561 2564 602 2582 me
620 2557 708 2590 ipsum
724 2556 842 2582 scribere
863 2556 896 2582 ad

102 2593 237 2621 Clodium.
277 2596 302 2621 2.
324 2595 360 2621 De
376 2594 519 2629 mancipiis
530 2594 716 2623 Castricianis,
733 2593 897 2619 commodis-

102 2631 203 2658 simum
219 2640 278 2658 esse
292 2632 384 2662 credo,
402 2632 548 2667 transigere
565 2631 721 2665 Egnatium:
742 2630 814 2665 quod
830 2631 897 2656 seri-

103 2669 159 2700 bis,
174 2674 197 2695 te
210 2669 244 2696 ita
256 2668 376 2696 futurum
389 2674 491 2704 putare.
532 2669 598 2695 Cum
610 2668 691 2698 Oria,
707 2676 820 2703 quaeso,
836 2667 897 2694 vide

1688 131 1736 157 9¹5

920 203 922 238 ]
942 207 971 229 ut
982 202 1147 229 conficiatur.
1187 201 1328 234 Quoniam,
1342 206 1372 228 ut
1382 200 1489 231 scribis,
1506 208 1559 226 nox
1569 205 1633 227 erat.
1647 200 1674 226 in
1690 200 1738 227 ho-

921 239 923 271 ζ
943 240 1036 266 dierna
1047 239 1158 274 epistola
1170 238 1247 274 plura
1258 243 1393 274 exspecto.

997 334 1086 355 ΧΧΧΙ.
1115 336 1212 357 (Asturae,
1223 337 1300 352 Caesare
1311 336 1344 352 n'.
1355 341 1392 352 cos.

1132 386 1299 413 CICERO
1329 385 1496 413 ATTICO
1525 385 1552 411 S.

1001 443 1024 466 4.
1047 436 1149 466 Silium
1171 445 1289 467 mutasse
1308 440 1480 469 sententiam,
1501 439 1561 466 Sica
1582 439 1738 465 mirabatur.

944 477 1079 512 Equidem
1092 478 1178 513 magis
1190 477 1370 512 miror,quod,
1384 486 1469 512 quum
1482 477 1508 503 in
1521 476 1607 503 filium
1617 484 1741 502 caussam

945 514 1086 545 conferret,
1095 515 1239 549 quaemihi
1251 523 1302 540 non
1315 514 1540 540 iniustavidetur:
1555 513 1645 548 (habet
1657 514 1738 542 enim,

945 551 1054 586 qualem
1066 552 1150 587 vult3)
1165 553 1204 578 ais
1219 556 1244 578 te
1258 556 1364 586 putare,
1381 552 1404 577 si
1420 551 1606 577 addiderimus
1621 550 1709 581 aliud,
1727 559 1741 576 a

946 598 999 623 quo
1013 589 1137 624 refugiat,
1150 598 1236 623 quum
1248 589 1281 614 ab
1293 589 1351 623 ipso
1362 588 1389 615 id
1400 588 1480 615 suerit
1490 588 1662 618 destinatum,
1676 595 1742 614 ven-

946 626 1077 652 diturum.
1118 628 1143 653 2.
1165 625 1277 658 Quaeris
1289 634 1302 651 a
1314 634 1370 656 me,
1387 626 1460 660 quod
1475 634 1613 652 summum
1625 625 1741 660 pretium

946 664 1116 694 constituam,
1130 668 1155 690 et
1166 668 1297 698 quantum
1308 664 1407 689 anteire
1419 664 1484 689 istos
1497 663 1585 689 hortos
1592 662 1684 688 Drusi:
1698 670 1742 688 ac-

945 701 1016 726 cessi
1037 709 1201 735 numquam:
1224 700 1404 735 Coponianam
1425 699 1517 726 villani
1535 705 1561 726 et
1581 705 1696 726 veterem
1717 704 1741 725 et

947 746 999 763 non
1015 746 1140 773 magnam
1157 738 1232 764 novi:
1251 737 1349 763 silvam
1364 736 1497 768 nobilem,
1521 736 1637 763 fructum
1653 741 1741 763 autem

947 776 1083 801 neutrius:
1101 774 1174 809 quod
1190 779 1278 800 tamen
1294 779 1359 809 puto
1375 783 1423 800 nos
1438 774 1507 800 scire
1517 779 1647 808 oportere.
1689 773 1742 799 Sed

947 812 1016 838 mihi
1032 813 1128 838 utrivis
1145 812 1257 838 istorum
1273 816 1391 846 tempore
1408 812 1494 846 magis
1510 819 1582 841 meo,
1603 819 1684 845 quam
1701 820 1743 836 ra-

948 850 1018 875 tione
1032 849 1193 875 aestimandi
1204 853 1276 875 sunt.
1318 849 1422 875 Possim
1436 853 1525 874 autem
1539 849 1662 882 assequi,
1680 856 1743 874 nee-

947 895 995 917 ne,
1013 891 1042 913 tu
1059 886 1140 912 velim
1157 886 1268 921 cogites.
1308 886 1337 912 Si
1353 887 1426 912 enim
1443 885 1621 912 Faberianum
1643 884 1744 911 vende-

947 932 1014 955 rem,
1027 923 1164 958 explicare
1176 923 1218 949 vel
1229 923 1472 957 repraesentatione
1483 931 1535 949 non
1546 922 1699 949 dubitarem
1711 922 1743 947 de

948 961 1073 992 Silianis,
1091 960 1205 987 simodo
1216 960 1408 991 adduceretur,
1427 964 1456 986 ut
1468 959 1608 986 venderet:
1627 960 1651 985 si
1663 967 1744 985 vena-

1405 341 1419 351 s.
1431 336 1475 352 coll.
1488 336 1543 357 709.)

948 998 987 1025 les
1008 1007 1061 1025 non
1082 998 1205 1029 haberet,
1233 999 1374 1024 transirem
1395 997 1429 1024 ad
1449 998 1578 1027 Drusum,
1605 996 1646 1023 vel
1668 998 1742 1025 tanti,

947 1037 1042 1071 quanti
1052 1036 1183 1071 Egnatius
1199 1035 1278 1062 illum
1294 1034 1364 1061 velle
1375 1035 1426 1062 tibi
1439 1034 1518 1061 dixit.
1559 1035 1654 1069 Magno
1664 1034 1744 1060 etiam

948 1073 1103 1100 adiumento
1124 1073 1203 1100 nobis
1218 1073 1399 1108 Hermogenes
1414 1077 1501 1107 potest
1515 1080 1574 1098 esse
1590 1072 1618 1098 in
1639 1079 1745 1106 reprae-

947 1111 1087 1138 sentando.
1128 1111 1162 1137 At
1172 1115 1200 1137 tu
1212 1110 1327 1137 concede
1340 1110 1422 1140 mihi,
1435 1118 1549 1144 quaeso,
1567 1114 1596 1135 ut
1611 1117 1642 1135 eo
1656 1109 1746 1135 animo

948 1149 1014 1179 sim,
1031 1148 1119 1184 queis
1130 1148 1227 1174 debeat
1237 1156 1309 1179 esse,
1328 1148 1375 1183 qui
1391 1155 1480 1174 emere
1493 1147 1597 1181 cupiat,
1621 1151 1645 1173 et
1657 1151 1745 1172 tamen

948 1187 1036 1213 servio
1049 1187 1084 1213 ita
1093 1186 1236 1220 cupiditati
1247 1191 1273 1212 et
1283 1185 1368 1212 dolori
1380 1193 1453 1216 meo,
1470 1189 1499 1211 ut
1514 1193 1528 1210 a
1544 1189 1568 1210 te
1583 1184 1639 1219 regi
1651 1183 1744 1209 velim.

948 1226 972 1250 3.
995 1224 1125 1259 Egnatius
1138 1224 1206 1249 mihi
1218 1223 1337 1258 scripsit.
1379 1223 1402 1248 Is
1417 1223 1441 1248 si
1456 1221 1524 1257 quid
1541 1226 1629 1248 tecum
1642 1220 1746 1247 locutus

948 1261 1011 1292 erit,
1028 1261 1257 1296 (commodissime
1268 1260 1341 1286 enim
1353 1268 1401 1295 per
1411 1268 1474 1286 eum
1486 1259 1530 1294 agi
1541 1258 1648 1293 potest,)
1659 1258 1693 1284 ad
1704 1267 1745 1284 me

948 1298 1064 1325 scribes:
1078 1304 1103 1325 et
1115 1298 1141 1325 id
1153 1298 1289 1333 agendum
1300 1302 1375 1332 puto.
1411 1298 1478 1323 Nam
1489 1304 1552 1322 cum
1563 1295 1629 1322 Silio
1640 1304 1692 1322 non
1705 1296 1747 1321 vi-

948 1336 999 1363 deo
1013 1336 1109 1363 confici
1125 1344 1213 1370 posse.
1254 1335 1338 1361 Piliae
1353 1339 1378 1361 et
1392 1334 1494 1361 Atticae
1512 1333 1636 1360 salutem.
1677 1333 1746 1359 Ilaec

948 1374 982 1400 ad
993 1379 1017 1400 te
1030 1382 1088 1400 mea
1101 1382 1191 1400 manu.
1233 1372 1308 1403 Vide,
1322 1380 1432 1407 quaeso,
1444 1371 1512 1406 quid
1523 1370 1658 1406 agendum
1669 1371 1713 1397 sit.

1004 1451 1105 1473 XXXII.
1134 1454 1232 1476 (Anum,
1242 1452 1321 1470 (Tamarv
1331 1452 1364 1469 lv.
1374 1458 1412 1469 cus.
1424 1458 1437 1468 ·.

1137 1507 1304 1536 CICERO
1337 1505 1505 1533 ATTICO
1526 1505 1554 1532 S.

1007 1557 1029 1581 t.
1042 1550 1161 1581 Publilia
1174 1554 1207 1580 ad
1220 1563 1261 1580 me
1272 1553 1390 1588 scripsit,
1404 1557 1515 1579 matrem
1526 1559 1603 1577 suam
1615 1550 1746 1586 (cumI‘u-

948 1592 1025 1619 inlio
1036 1592 1109 1627 loqui
1122 1592 1203 1627 retur)
1214 1591 1247 1617 ad
1259 1600 1301 1617 me
1311 1599 1373 1617 cum
1386 1589 1431 1616 illo
1443 1594 1591 1619 venturam,
1605 1593 1669 1614 etse
1682 1596 1743 1614 una.

948 1630 972 1656 si
987 1638 1036 1665 ego
1053 1635 1168 1665 paterer,
1185 1634 1242 1655 orat
1258 1628 1351 1655 multis
1366 1633 1391 1654 et
1406 1626 1580 1662 supplicibus
1595 1625 1700 1655 verbis,
1718 1630 1746 1651 ιιι

950 1667 1039 1699 liceat,
1056 1672 1082 1694 et
1097 1672 1126 1694 ut
1140 1667 1194 1693 sibi
1212 1666 1370 1693 rescribam.
1411 1665 1462 1691 Res
1478 1672 1559 1699 quam
1576 1663 1686 1689 molesta
1700 1663 1744 1691 sit,

949 1704 1036 1731 vides.
1078 1704 1228 1739 Reseripsi,
1247 1712 1289 1730 me
1305 1704 1385 1730 etiam
1405 1702 1516 1738 gravius
1536 1710 1594 1727 esse
1610 1700 1743 1729 affectum,

948 1751 1030 1777 quam
1042 1747 1108 1773 tum,
1122 1751 1207 1777 quum
1221 1740 1259 1767 illi
1270 1740 1416 1770 dixissem,
1435 1748 1476 1765 me
1489 1738 1576 1765 solum
1587 1746 1646 1764 esse
1662 1736 1743 1767 velle,

948 1788 1031 1815 quare
1044 1779 1115 1806 nolle
1131 1788 1173 1805 me
1191 1779 1240 1805 hoc
1255 1783 1372 1812 tempore
1383 1786 1441 1804 eam
1453 1776 1486 1803 ad
1497 1784 1540 1802 me
1553 1776 1653 1802 venire.
1695 1775 1747 1800 I‘u-

949 1817 1079 1849 tabam,si
1094 1816 1162 1844 nihil
1176 1816 1386 1851 rescripsissem,
1395 1814 1469 1841 illam
1480 1822 1543 1840 cum
1556 1818 1638 1839 matre
1651 1817 1748 1838 ventu-

949 1864 1018 1881 ram:
1037 1862 1109 1881 nunc
1124 1863 1175 1881 non
1192 1859 1266 1889 puto.
1307 1852 1459 1887 Apparebat
1470 1852 1556 1881 enim,
1575 1850 1634 1876 illas
1647 1849 1747 1876 litteras

949 1901 1001 1919 non
1013 1900 1072 1918 esse
1085 1892 1182 1927 ipsius.
1209 1891 1278 1917 Illud
1290 1895 1389 1920 autem,
1402 1889 1474 1923 quod
1489 1888 1542 1915 sore
1556 1887 1642 1918 video,
1656 1887 1746 1922 ipsum

948 1929 1009 1957 volo
1025 1930 1123 1960 vitare,
1141 1938 1173 1955 ne
1188 1928 1249 1955 illae
1260 1928 1294 1955 ad
1307 1936 1348 1954 me
1361 1928 1479 1953 veniant.
1520 1926 1552 1952 Et
1564 1934 1615 1952 una
1627 1929 1666 1951 est
1679 1925 1748 1950 vita-

949 1968 993 1998 tio,
1007 1971 1037 1994 ut
1050 1975 1099 2002 ego
1115 1966 1207 1993 nolim.
1248 1965 1300 1993 Sed
1312 1973 1421 1992 necesse
1432 1969 1482 1990 est.
1513 1963 1549 1989 Te
1562 1963 1610 1989 hoc
1623 1970 1693 1988 {lunc
1706 1970 1748 1988 ro-

948 2013 991 2040 go,
1005 2009 1034 2031 ut
1045 2003 1183 2039 explores,
1199 2003 1232 2030 ad
1243 2012 1325 2039 quam
1337 2003 1409 2029 diem
1422 2001 1465 2028 hic
1477 2002 1511 2027 ita
1524 2001 1625 2036 possim
1637 2008 1705 2029 esse,
1720 2003 1747 2025 ut

949 2050 981 2068 ne
993 2042 1140 2076 opprimar.
1182 2041 1261 2076 Ages,
1275 2045 1304 2067 ut
1314 2039 1422 2069 scribis,
1437 2043 1590 2073 temperate.
1634 2038 1655 2063 Ξ.
1672 2037 1746 2063 Cice-

949 2079 1007 2105 roni
1024 2078 1106 2105 velim
1125 2079 1173 2105 hoc
1190 2087 1336 2113 proponas,
1355 2078 1388 2103 ita
1403 2081 1505 2106 tamen,
1524 2076 1546 2101 si
1565 2075 1612 2101 tibi
1631 2083 1681 2100 non
1696 2074 1747 2099 ini-

948 2125 1034 2151 quum
1051 2116 1202 2145 videbitur,
1224 2120 1254 2142 ut
1268 2120 1394 2149 sumptus
1416 2114 1498 2140 huius
1513 2111 1744 2148 peregrinationis,

948 2153 1064 2188 quibus,
1082 2153 1105 2179 si
1119 2153 1217 2179 Romae
1230 2157 1302 2179 esset
1314 2152 1481 2186 domumque
1491 2150 1661 2179 conduceret,
1674 2147 1746 2182 quod

949 2190 1035 2216 facere
1046 2190 1189 2225 cogitabat,
1205 2189 1282 2215 facile
1293 2194 1434 2215 contentus
1450 2187 1557 2213 futurus
1569 2191 1633 2216 erut,
1642 2194 1746 2212 accom-

950 2227 1039 2254 modet
1054 2227 1087 2253 ad
1104 2226 1242 2253 mercedes
1257 2226 1368 2261 Argileti
1385 2230 1410 2252 et
1426 2224 1564 2253 Aventini:
1581 2229 1606 2250 et
1621 2231 1705 2258 quum
1722 2223 1746 2248 ei

950 2265 1135 2299 proposueris,
1154 2264 1211 2298 ipse
1228 2263 1309 2289 velim
1328 2262 1431 2297 reliqua
1446 2261 1597 2290 moderere,
1615 2258 1747 2295 ‹pieniad-

950 2302 1059 2328 modum
1071 2310 1104 2327 ex
1118 2302 1150 2327 iis
1162 2300 1334 2327 mercedibus
1344 2299 1591 2334 siqipediteinusei,
1600 2297 1746 2332 ‹piodopus

949 2340 992 2366 sit.
1035 2338 1188 2368 praestabo,
1215 2346 1263 2364 nec
1287 2337 1428 2367 Bibulum,
1452 2344 1500 2362 nec
1516 2335 1674 2362 Acidinum.
1699 2343 1746 2360 nec

949 2376 1110 2406 Messallam,
1123 2383 1192 2410 quos
1204 2375 1316 2401 Athenis
1328 2374 1431 2401 futuros
1442 2373 1531 2402 audio,
1546 2372 1660 2398 maim-us
1671 2380 1747 2397 sum-

949 2419 1011 2449 ptus
1023 2413 1152 2442 [actui-08,
1170 2421 1251 2447 quam
1266 2411 1338 2447 quod
1350 2420 1383 2437 ex
1394 2412 1434 2437 eis
1449 2409 1620 2436 mercedibus
1632 2410 1747 2444 reeipie-

949 2456 1001 2477 tnr.
1043 2452 1132 2485 Itaque
1145 2450 1226 2476 velim
1241 2449 1346 2479 videas,
1364 2449 1496 2483 primum,
1509 2446 1684 2473 conductores
1698 2447 1745 2481 qui

926 2500 928 2505 ·
949 2489 1011 2516 sint.
1025 2493 1050 2514 et
1061 2488 1168 2522 quanti,
1181 2487 1290 2516 deinde,
1305 2491 1333 2513 ιιι
1344 2487 1392 2515 sit,
1406 2486 1453 2520 qui
1465 2484 1497 2510 nd
1509 2484 1581 2510 diem
1593 2483 1692 2514 solvnt;
1709 2488 1743 2511 et.

948 2525 1015 2560 quid
1028 2525 1129 2554 viatici,
1143 2524 1209 2559 quid
1223 2524 1393 2551 instrumenti
1405 2523 1469 2549 sutis
1481 2523 1524 2548 sit.
1557 2522 1678 2548 lumento
1688 2530 1746 2547 cer-

950 2568 973 2589 te
986 2562 1097 2588 Athenis
1109 2561 1177 2588 nibil
1188 2570 1257 2596 opus
1268 2567 1317 2588 est.
1357 2560 1464 2593 Quibus
1480 2564 1568 2586 :uitem
1586 2559 1612 2585 in
1627 2559 1670 2585 via
1687 2563 1745 2585 utn-

950 2605 1003 2628 tur,
1018 2599 1090 2626 ‹loini
1102 2604 1165 2626 sunt
1175 2599 1266 2634 plura,
1283 2607 1365 2634 quam
1376 2606 1445 2633 opus
1456 2601 1523 2628 erut;
1540 2595 1705 2631 quodetiam
1718 2601 1744 2623 tn

949 2637 1151 2664 animadvertis.

1450 1451 1493 1468 mil⁴
1506 1451 1562 1471 709.)

1464 2715 1510 2739 115
1527 2714 1536 2723 “
