1941 3052
457 105 509 130 DE
543 104 771 131 ORATORE
806 105 893 130 LlB.

59 176 211 210 exceptione
225 174 418 205 excluderetur,
435 184 496 206 ouon
510 184 539 201 ex
554 184 597 201 nes
611 184 634 200 ia
648 184 756 202 iunicum
770 183 846 200 ANTEA

59 223 177 241 vsmssar.
201 214 257 239 ⁴69.
273 212 343 244 Quid
357 221 420 248 ergo
434 212 483 238 hoc
497 212 552 238 fieri
563 213 668 247 turpius
680 217 725 239 aut
735 212 788 238 dici
800 221 847 246 po—

58 256 116 283 test,
142 259 222 287 quam
246 259 317 281 eum,
341 250 388 284 qui
407 250 474 276 hanc
492 258 632 284 personam
646 250 801 284 susceperit,
818 253 847 275 ut

58 290 202 316 amicorum
216 287 408 315 controversias
421 296 584 322 caussasque
598 291 712 319 tueatur,
727 287 848 313 laboran-

58 327 129 354 tibus
156 329 301 356 succurrat,
331 325 417 361 aegris
443 324 587 356 medeatur,
613 324 722 351 afflictos
741 325 844 355 excitet,

58 364 128 390 hunc
151 364 178 389 in
201 363 320 389 minimis
343 363 564 397 tenuissimisque
587 362 667 388 rebus
686 362 721 388 ita
739 361 801 392 labi,
818 365 847 387 ut

58 401 116 427 aliis
131 400 307 431 miserandus,
324 399 383 426 aliis
397 399 549 426 irridendus
563 408 621 425 esse
635 398 775 425 videatur‘?
788 400 844 425 ⁴70.

58 438 188 473 Equidem
211 438 391 472 propinquum
415 441 544 468 nostrum,
564 437 593 462 P.
614 436 748 467 Crassum,
769 436 846 462 illum

57 476 179 506 Divitem,
188 483 273 510 quum
285 474 378 501 multis
392 474 451 501 aliis
465 474 545 501 rebus
556 473 703 508 elegantem
710 473 845 500 hominem

57 517 82 539 et
93 517 225 543 ornatum,
243 517 299 538 tum
314 512 455 547 praecipue
468 512 496 538 in
509 512 559 537 hoc
573 510 735 536 efferendum
750 515 774 536 et
789 510 847 536 lau-

57 549 174 576 dandum
193 553 266 584 puto,
287 549 359 584 quod
380 558 465 584 quum
484 549 512 574 P.
528 547 670 574 Scaevolae
684 547 763 574 frater
776 552 846 574 esset

56 587 151 613 solitus
169 587 193 613 ei
212 595 337 621 persaepe
355 586 442 612 dicere
460 594 546 620 neque
563 584 641 611 illum
660 585 687 611 in
701 585 759 611 iure
773 585 845 611 civili

56 625 120 650 satis
141 623 190 660 [illi
210 623 268 660 arti]
288 623 372 650 facere
391 631 477 657 posse,
494 623 545 649 nisi
559 622 665 648 dicendi
680 623 784 656 copiam
804 632 847 648 as-

55 662 229 696 sumpsisset,
245 661 327 696 (quod
340 660 449 695 quidem
465 660 516 691 hic,
532 660 579 695 qui
595 668 700 685 mecum
714 668 768 686 cos.
784 659 843 691 fuit,

56 698 127 725 1111115
150 700 217 729 01115,
243 702 283 724 est
304 697 488 732 consecutus:)
510 705 596 732 neque
614 705 643 723 se
661 701 721 723 ante
738 706 846 723 caussas

56 736 200 762 amicorum
214 739 323 761 tractare
337 739 416 770 atque
430 743 506 770 agere
519 734 647 768 coepisse,
656 743 737 769 quam
751 735 794 760 ius
808 735 846 760 ci-

56 772 108 800 vile
121 772 266 799 didicisset.
303 773 359 798 471.
379 772 449 804 Quid
468 780 530 799 vero
549 772 594 798 ille
608 772 644 797 M.
660 771 741 798 Cato?
759 780 845 798 nonne

56 814 82 837 et
98 809 247 845 eloquentia
261 814 331 836 tanta
346 809 405 841 fuit,
422 814 549 844 quantam
567 808 613 836 illa
628 814 745 844 tempora
766 814 845 844 atque

55 847 100 874 illa
121 851 191 874 aetas
214 847 242 873 in
265 847 315 873 hac
336 847 442 873 civitate
461 846 528 873 ferre
546 847 690 873 maximam
709 847 803 881 potuit,
820 851 845 873 et

55 885 121 912 iuris
134 884 222 911 civilis
236 885 356 911 omnium
372 884 570 919 peritissimus?
599 884 782 911 Verecundius
797 884 845 910 hac

54 921 87 949 de
110 930 137 948 re
155 921 312 948 iamdudum
332 921 433 957 loquor,
454 922 526 957 quod
549 921 623 948 adest
637 922 678 947 vir
691 922 719 947 in
732 921 845 947 dicendo

54 968 186 990 summuS,
211 968 291 994 quem
310 968 359 995 ego
377 968 461 985 unum
480 964 608 985 oratorem
630 960 746 985 maxime
760 959 846 985 admi—

54 1005 108 1029 ror,
136 996 184 1023 sed
202 1001 288 1023 tamen
306 997 376 1023 idem
396 997 445 1023 hoc
458 1005 564 1031 semper
578 997 620 1022 ius
634 996 713 1022 civile
727 1001 845 1023 contem-

54 1035 115 1069 psit.
151 1035 208 1061 ⁴72.
225 1034 330 1065 Verum,
347 1035 474 1069 quoniam
488 1035 633 1060 sententiae
647 1039 727 1069 atque
740 1034 845 1068 opinio-

55 1071 95 1098 nis
109 1080 182 1097 meae
196 1071 318 1098 voluistis
332 1080 390 1097 esse
404 1072 554 1106 participes,
576 1071 642 1098 nihil
657 1071 795 1098 occultabo
809 1076 842 1102 et,

53 1109 140 1144 quoad
163 1113 261 1144 potero,
287 1109 363 1136 vobis
385 1117 526 1144 exponam,
546 1108 663 1144 quidde
686 1117 794 1144 quaque
817 1117 844 1135 re

53 1147 174 1173 sentiam.

105 1183 252 1211 XXXVIII.
274 1182 382 1210 Antonii
396 1183 561 1210 incredibilis
575 1183 707 1218 quaedam
723 1187 747 1210 et
762 1192 843 1218 prope

52 1220 196 1256 singularis
214 1225 240 1247 et
256 1220 347 1247 divina
362 1221 404 1247 vis
422 1221 523 1257 ingenii
542 1221 660 1252 videtur,
677 1221 781 1247 etiamsi
795 1221 844 1247 hac

52 1258 161 1284 scientia
179 1258 245 1284 iuris
259 1257 357 1284 nudata
371 1258 413 1290 sit,
430 1267 508 1293 posse
521 1267 549 1285 se
564 1258 640 1285 facile
654 1259 748 1285 ceteris
762 1259 843 1285 armis

52 1295 209 1331 prudentiae
231 1296 299 1322 tueri
323 1300 401 1330 atque
421 1295 572 1322 defendere.
602 1295 782 1328 Quamobrem
800 1296 843 1322 hic

52 1333 128 1360 nobis
142 1333 177 1359 sit
190 1337 330 1368 exceptus;
343 1337 443 1359 ceteros
454 1342 516 1360 vero
527 1342 578 1360 non
589 1333 717 1360 dubitabo
725 1334 842 1368 primum
871 1367 872 1370 Ἴ

51 1370 160 1397 inertiae
174 1370 349 1397 condemnare
363 1370 492 1397 sententia
507 1379 573 1402 mea,
590 1375 649 1406 post
663 1371 742 1397 etiam
753 1371 844 1405 impu—

51 1407 163 1434 dentiae.
200 1408 256 1434 ⁴73.
277 1408 343 1434 Nam
361 1407 469 1434 volitare
489 1408 515 1434 in
535 1407 602 1439 foro,
623 1408 731 1434 haerere
745 1408 771 1434 in
785 1409 843 1435 iure

51 1453 80 1472 ac
89 1449 239 1480 praetorum
250 1445 440 1477 tribunalibus,
456 1445 554 1472 iudicia
569 1446 671 1480 privata
686 1454 841 1481 magnarum

52 1490 139 1509 rerum
162 1482 248 1513 obire,
269 1483 297 1508 in
314 1483 415 1518 quihus
435 1491 513 1517 saepe
533 1492 584 1509 non
603 1483 636 1509 de
655 1483 735 1514 sacto,
749 1483 796 1509 sed
810 1483 842 1509 de

51 1520 182 1555 aequitate
199 1528 228 1545 ac
246 1520 303 1546 iure
321 1524 447 1552 certetur,
467 1520 563 1546 iactare
581 1529 609 1546 se
623 1521 650 1547 in
664 1521 767 1547 caussis
781 1529 843 1547 cen·
870 1553 872 1557 ,

51 1556 251 1588 tumviralibus,
280 1557 307 1583 in
329 1557 430 1592 quibus
453 1558 662 1592 usucapionum,
687 1558 839 1589 tutelarum,

50 1594 240 1630 gentilitatum,
262 1595 442 1630 agnationum,
459 1594 634 1626 alluvionum,
650 1595 842 1622 circumluvio-

52 1640 128 1663 num,
149 1640 290 1663 nexorum,
307 1632 514 1667 mancipiorum,
535 1633 679 1667 parietum,
696 1632 839 1665 luminum,

51 1668 260 1701 stillicidiorum,
277 1673 494 1696 testamentorum
513 1674 652 1704 ruptorum
666 1674 712 1696 aut
726 1674 841 1697 ratornm

50 1710 248 1742 ceterarumque
267 1715 356 1733 rerum
369 1707 605 1734 innumerabilium
619 1708 678 1734 iura
692 1712 840 1740 versentur,

49 1751 134 1779 quum
152 1744 272 1775 omnino,
288 1744 354 1779 quid
372 1753 461 1776 snum,
478 1745 543 1780 quid
558 1744 684 1776 alienum,
700 1754 782 1780 quare
796 1745 843 1771 de·

51 1781 130 1816 nique
143 1781 209 1807 civis
223 1785 268 1807 aut
278 1782 443 1817 peregrinus,
459 1790 554 1808 servus
568 1786 613 1808 aut
627 1782 693 1808 liber
706 1783 840 1817 quispiam

50 1818 92 1849 sit,
107 1818 218 1854 ignoret,
234 1818 348 1855 insignis
362 1823 402 1845 est
415 1819 606 1854 impudentiae.
643 1820 697 1846 174.
719 1819 765 1846 llla
782 1829 842 1847 vero

49 1854 191 1882 deridenda
210 1856 356 1891 arrogantia
375 1860 427 1887 est,
447 1857 474 1882 in
494 1857 642 1883 minoribus
662 1857 776 1893 navigiis
797 1867 842 1884 ru-

49 1891 109 1919 dem
123 1901 182 1919 esse
195 1901 223 1919 se
237 1893 363 1924 confiteri,
384 1894 592 1928 quinqueremes
607 1898 652 1921 aut
665 1895 743 1920 etiam
759 1895 842 1921 maio—

49 1937 90 1956 res
112 1930 260 1966 gubernare
278 1930 414 1957 didicisse.
449 1931 487 1957 Tu
507 1931 573 1958 mihi
591 1940 676 1966 quum
691 1932 718 1958 in
741 1932 841 1959 circulo

49 1965 181 2001 decipiare
195 1967 338 1993 adversarii
353 1967 572 2002 stipulatiuncula
583 1973 608 1995 et
617 1977 703 2004 quum
715 1969 840 2005 obsignes

49 2003 159 2030 tabellas
172 2003 276 2030 clientis
290 2005 338 2035 tui,
354 2005 454 2040 quibus
465 2005 490 2031 in
502 2005 606 2032 tabellis
616 2006 643 2032 id
654 2006 689 2032 sit
698 2007 838 2041 scriptum,

48 2048 103 2075 quo
125 2040 170 2067 ille
188 2041 319 2075 capiatur,
340 2050 388 2077 ego
407 2043 454 2068 tibi
475 2042 557 2069 ullam
575 2052 697 2070 caussam
714 2045 839 2070 maiorem

48 2078 263 2104 committendam
278 2078 387 2113 putem?
409 2079 494 2106 Citius
507 2080 612 2106 hercule
623 2080 654 2111 is,
667 2081 712 2116 qni
725 2080 839 2108 duorum

49 2114 209 2142 scalmorum
229 2115 379 2142 naviculam
398 2116 424 2142 in
444 2121 519 2151 portu
535 2118 672 2149 everterit.
693 2119 720 2144 in
734 2118 840 2145 Euxino

48 2157 129 2187 ponto
146 2152 356 2188 Argonautarum
374 2161 467 2180 navem
481 2155 644 2190 gubernarit.
681 2156 737 2181 475.
752 2156 841 2188 Quid?

49 2189 72 2216 si
90 2198 122 2216 ne
140 2198 237 2225 parvae
254 2190 363 2225 quidem
382 2199 491 2218 caussae
509 2196 584 2223 sunt,
601 2192 647 2218 sed
662 2201 740 2228 saepe
754 2194 840 2220 maxi-

49 2234 119 2258 mae,
139 2227 240 2262 quibus
257 2231 371 2253 certatur
387 2227 420 2254 (18
434 2228 492 2254 iure
505 2229 587 2261 civili,
603 2230 674 2264 quod
691 2230 795 2256 tandem
809 2239 838 2257 os

49 2267 89 2290 est
102 2263 175 2291 illius
190 2265 300 2299 patroni,
317 2265 363 2300 qui
378 2264 410 2290 ad
422 2273 465 2291 eas
475 2274 582 2292 caussas
592 2267 649 2293 sine
662 2267 715 2293 ulla
729 2268 837 2294 scientia

50 2300 116 2328 iuris
130 2301 209 2328 audet
222 2301 364 2328 accedere?
401 2302 473 2334 Quae
488 2304 573 2339 potuit
583 2304 665 2339 igitur
675 2313 733 2331 esse
743 2313 837 2331 caussa

51 2338 144 2370 maior,
168 2347 249 2374 quam
271 2339 345 2365 illius
369 2339 480 2365 militis?
504 2340 536 2366 (le
554 2341 632 2367 cuius
651 2346 734 2368 morte
752 2350 837 2377 quum

49 2374 157 2402 domum
176 2375 259 2403 salsus
277 2376 310 2403 ab
329 2377 446 2403 exercitu
466 2378 575 2404 nuntius
593 2379 710 2405 venisset
727 2384 752 2405 et
767 2384 838 2414 pater

49 2411 107 2439 eius
127 2421 154 2439 re
175 2414 272 2439 credita
294 2418 480 2440 testamentum
505 2419 634 2442 mutasset
653 2420 691 2447 et,
714 2425 795 2451 quem
814 2417 837 2443 ei

49 2449 137 2476 visum
151 2455 228 2482 esset,
246 2450 351 2477 fecisset
365 2451 488 2477 heredem
498 2456 622 2487 essetque
633 2453 690 2487 ipse
701 2458 835 2480 mortuus:

49 2493 91 2513 res
108 2486 192 2514 delata
211 2492 250 2514 est
268 2488 300 2514 ad
317 2489 510 2520 centumviros,
531 2498 615 2524 quum
637 2490 714 2516 miles
727 2490 836 2517 domum

49 2524 194 2551 revenisset
216 2525 368 2561 egissetque
388 2525 446 2561 lege
466 2526 491 2552 in
512 2526 683 2553 hereditatem
703 2531 836 2562 paternam

51 2557 214 2596 {testamento
240 2562 351 2589 exheres
381 2561 474 2599 lilins].
509 2564 609 2598 Nempe
636 2565 662 2590 in
689 2573 718 2590 ea
743 2573 836 2591 caussa

48 2598 198 2632 quaesitum
222 2604 262 2626 est
283 2599 316 2627 118
336 2600 394 2627 iure
415 2600 502 2632 civili,
528 2606 650 2636 possetne
669 2606 836 2635 paternorum
858 2614 860 2622 ν

50 2633 176 2663 bonorum
194 2637 305 2664 exheres
323 2645 381 2664 0558
399 2637 483 2669 filius,
500 2647 579 2673 quem
595 2643 668 2673 pater
682 2643 837 2666 testamento
858 2641 860 2664 t

929 106 947 130 1.
983 105 1080 131 CAP.
1116 107 1147 132 35
1179 121 1215 125 —
1236 107 1277 131 40.
1657 110 1689 133 813

899 184 985 210 neque
1008 176 1133 202 heredem
1152 184 1238 210 neque
1256 176 1415 202 exheredem
1434 177 1584 211 scripsisset
1604 179 1691 204 nomi-

899 212 999 238 natim‘?
1024 213 1150 239 XXXlX.
1168 214 1225 239 476.
1240 212 1329 245 Quid?
1354 222 1406 248 qua
1421 213 1452 239 de
1465 215 1570 240 reinter
1580 215 1691 241 Mareel-

898 249 937 276 los
951 254 976 276 et
990 250 1113 277 Claudios
1127 250 1251 285 patricios
1262 251 1420 277 centumviri
1432 251 1591 283 iudicarunt,
1605 260 1689 286 quum

898 288 1013 313 Marcelli
1028 288 1061 313 ab
1073 287 1160 314 liberti
1171 287 1225 314 11110
1235 288 1326 322 stirpe,
1340 287 1444 314 Claudii
1455 289 1558 322 patricii
1569 289 1690 315 eiusdem

898 324 1014 351 hominis
1038 325 1210 351 hereditatem
1232 329 1310 360 gente
1333 325 1365 351 ad
1385 333 1413 351 se
1432 325 1544 351 rediisse
1561 326 1688 357 dicerent,

898 370 984 387 nonne
1002 362 1029 388 in
1048 371 1077 388 ea
1096 371 1190 388 caussa
1208 362 1259 388 fuit
1277 363 1424 388 oratoribus
1443 362 1475 388 de
1490 367 1541 389 toto
1556 364 1647 398 stirpis
1662 373 1691 389 ac

897 399 1052 434 gentilitatis
1068 400 1124 425 iure
1138 399 1300 426 dicendum?
1321 401 1377 426 ⁴77.
1393 399 1482 432 Quid?
1494 400 1567 434 quod
1586 401 1649 427 item
1663 401 1690 427 in

897 437 1082 463 centumvirali
1106 437 1206 463 iudicio
1228 442 1355 463 certatum
1380 446 1438 463 esse
1457 438 1622 472 accepimus,
1643 439 1689 472 qui

897 474 1007 500 Romam
1020 474 1048 500 in
1063 474 1188 500 exsilium
1203 475 1327 505 venisset,
1343 475 1387 500 cui
1401 475 1498 501 Romae
1512 475 1634 501 exsulare
1648 476 1690 501 ius

897 516 979 542 esset,
1000 511 1023 537 si
1036 520 1065 537 se
1079 511 1112 537 ad
1125 511 1242 546 aliquem
1256 512 1334 546 quasi
1347 517 1488 546 patronum
1502 512 1690 547 applicavisset

897 549 1072 583 intestatoque
1096 553 1165 574 esset
1183 553 1317 580 mortuuS,
1339 558 1425 575 nonne
1443 550 1470 575 in
1489 558 1518 575 ea
1535 559 1629 576 caussa
1647 551 1690 576 ius

897 585 1090 620 applicationis,
1106 585 1252 612 obscurum
1267 595 1329 612 sane
1343 591 1368 612 et
1382 587 1511 622 ignotum,
1529 587 1688 621 patefactum

896 624 923 648 in
935 623 1033 649 iudicio
1048 627 1126 657 atque
1137 622 1301 649 illustratum
1313 628 1353 649 est
1363 632 1376 649 a
1387 623 1514 658 patrono?
1530 625 1585 650 ⁴78.
1602 624 1690 657 Quid'?

874 675 875 682 1
898 669 995 694 nuper,
1016 669 1102 694 quum
1121 668 1170 695 ego
1189 660 1218 686 C.
1238 660 1323 693 Sergii
1343 660 1435 687 Oratae
1453 666 1542 687 contra
1557 662 1628 688 hunc
1643 671 1690 688 no-

897 702 981 723 strum
996 697 1140 723 Antonium
1153 697 1252 723 iudicio
1263 694 1364 731 privato
1375 706 1496 724 caussam
1508 698 1686 727 defenderem.

897 743 983 761 nonne
1009 735 1096 760 omnis
1124 739 1212 760 nostra
1235 736 1263 761 in
1286 735 1343 761 iure
1366 740 1468 761 versata
1491 735 1611 762 defensio
1633 736 1690 762 est‘?

896 771 985 803 Quum
1012 772 1082 797 enim
1109 772 1146 798 M.
1173 772 1272 798 Marius
1299 772 1470 798 Gratidianus
1497 773 1574 799 aedes
1597 773 1688 800 Oratae

898 809 1061 835 vendidisset
1084 818 1171 843 neque
1193 810 1293 835 servire
1311 810 1455 844 quamdam
1473 818 1564 836 earum
1582 811 1688 837 aedium

896 847 1034 881 partemin
1047 847 1171 881 mancipii
1184 846 1241 882 lege
1252 847 1373 877 dixisset,
1382 847 1600 879 defendebamus,
1609 849 1689 882 quid-

895 884 962 919 quid
981 884 1076 910 suisset
1094 884 1255 910 incommodi
1274 885 1301 911 in
1321 885 1466 919 mancipio,
1487 885 1514 911 id
1533 886 1554 911 si
1570 886 1690 911 venditor

896 922 990 948 scisset
1003 930 1089 956 neque
1103 921 1270 953 declarasset,
1288 926 1419 956 praestare
1430 922 1536 948 dehere.
1560 924 1615 948 ⁴79.
1632 922 1690 955 Quo

896 959 1005 994 quidem
1029 960 1056 985 in
1079 968 1175 994 genere
1198 958 1336 985 familiaris
1356 964 1444 986 noster
1462 960 1497 985 M.
1516 960 1686 991 Bucculeius,

897 997 975 1023 homo
990 1005 1077 1031 neque
1091 1005 1149 1022 meo
1162 996 1262 1023 iudicio
1276 997 1376 1023 stultus
1390 1001 1414 1023 et
1428 1006 1477 1023 suo
1492 997 1568 1023 valde
1582 998 1689 1032 sapiens

872 1046 874 1054 ι
896 1038 921 1060 et
935 1043 948 1060 a
963 1034 1029 1060 iuris
1043 1034 1133 1060 studio
1147 1043 1199 1060 non
1209 1034 1363 1060 abhorrens.
1377 1034 1458 1060 simili
1471 1033 1509 1070 [in
1522 1033 1559 1070 re]
1572 1035 1688 1069 quodam

896 1071 974 1098 modo
989 1080 1074 1106 nuper
1087 1072 1194 1097 erravit.
1228 1072 1295 1098 Nam
1309 1081 1394 1106 quum
1409 1072 1486 1098 aedes
1496 1072 1526 1098 L.
1539 1072 1614 1099 Fusio
1626 1082 1690 1098 ven—

895 1109 976 1140 deret,
994 1109 1020 1134 in
1032 1109 1165 1143 mancipio
1179 1108 1289 1140 lumina,
1303 1110 1341 1136 uti
1356 1114 1413 1136 tum
1424 1114 1520 1141 essent,
1534 1109 1569 1136 ita
1580 1111 1687 1145 recepit.

896 1146 988 1172 Fufius
1006 1146 1169 1181 simulatque
1187 1146 1318 1173 aedificari
1337 1151 1460 1181 coeptum
1479 1147 1559 1173 estin
1573 1148 1687 1182 quadam

895 1188 968 1218 parte
982 1184 1067 1214 urbis.
1083 1192 1151 1218 quae
1164 1184 1242 1210 modo
1255 1193 1289 1211 ex
1301 1184 1356 1210 illis
1370 1184 1481 1211 aedibus
1495 1186 1613 1219 conspici
1627 1194 1689 1220 pos-

894 1226 943 1253 set,
959 1221 1013 1257 egit
1026 1221 1114 1247 statim
1126 1230 1186 1247 cum
1198 1222 1348 1252 Bucculeio,
1361 1222 1442 1256 quod,
1455 1222 1617 1257 cuicumque
1629 1232 1689 1257 par-

895 1258 991 1285 ticulae
1009 1258 1075 1285 caeli
1094 1258 1257 1290 officeretur,
1279 1259 1403 1294 quamvis
1422 1264 1492 1286 esset
1510 1260 1612 1294 procul,
1629 1270 1689 1286 mu—

894 1297 943 1323 tari
963 1296 1064 1323 lumina
1078 1296 1195 1331 putabat.
1232 1298 1288 1323 180.
1304 1296 1374 1328 Quid
1389 1296 1469 1323 vero‘?
1495 1297 1642 1324 clarissima
1655 1298 1687 1324 Μ’

894 1334 967 1360 Curii
986 1342 1079 1360 caussa
1099 1334 1194 1369 M.que
1213 1334 1323 1368 Coponii
1350 1343 1435 1369 nuper
1452 1334 1524 1369 apud
1538 1336 1689 1361 centumvi-

894 1380 937 1397 ros
963 1380 1017 1406 quo
1039 1380 1171 1398 concursu
1190 1372 1343 1402 hominum,
1360 1380 1414 1407 qua
1432 1373 1628 1407 exspectatione
1642 1373 1689 1399 de-

894 1408 968 1435 fensa
992 1408 1049 1434 est‘?
1082 1418 1166 1443 quum
1189 1408 1220 1441 Q.
1247 1408 1381 1440 Scaevola,
1407 1409 1526 1444 aequalis
1545 1415 1570 1436 et
1588 1410 1687 1444 collega

894 1454 979 1477 meus,
996 1446 1075 1472 homo
1088 1446 1208 1472 omnium
1223 1451 1247 1472 ct
1261 1446 1402 1481 disciplina
1417 1447 1482 1473 iuris
1496 1447 1584 1473 civilis
1599 1448 1689 1473 erudi-

894 1484 1015 1509 tissimus
1034 1488 1059 1509 et
1078 1484 1184 1519 ingenio
1198 1483 1392 1518 prudentiaque
1406 1484 1578 1510 acutissimus
1592 1489 1617 1511 et
1630 1494 1688 1511 ora-

894 1521 964 1546 tione
988 1521 1104 1547 maxime
1128 1521 1235 1547 limatus
1255 1526 1333 1555 atquc
1352 1521 1460 1548 subtilis
1478 1526 1571 1556 atque,
1594 1527 1622 1548 ut
1639 1532 1688 1556 ego

893 1558 966 1584 soleo
987 1558 1088 1588 dicere,
1110 1558 1177 1584 iuris
1197 1559 1341 1592 peritorum
1360 1558 1612 1593 eloquentissimus,
1634 1556 1688 1586 elo—

894 1595 1034 1630 quentium
1056 1596 1121 1621 iuris
1141 1596 1334 1630 peritissimus,
1355 1604 1388 1622 ex
1406 1597 1504 1631 scripto
1519 1601 1688 1624 testamento-

894 1641 953 1659 rum
969 1633 1025 1659 iura
1039 1632 1192 1659 defenderet
1206 1638 1375 1668 negaretque,
1388 1634 1439 1660 nisi
1450 1638 1592 1668 postumus
1607 1639 1631 1661 et
1643 1644 1688 1661 na-

894 1674 937 1696 tus
955 1674 992 1701 et,
1013 1674 1155 1705 antequam
1174 1670 1200 1696 in
1219 1679 1296 1697 snam
1315 1670 1424 1697 tutelam
1441 1672 1549 1702 veniret,
1566 1677 1686 1699 mortuus

893 1712 975 1738 esset,
996 1707 1119 1734 heredem
1139 1716 1199 1734 eum
1219 1716 1277 1734 esse
1291 1716 1378 1742 posse,
1394 1708 1441 1743 qui
1456 1714 1525 1735 esset
1539 1709 1685 1735 secundum

893 1749 1048 1780 postumum
1064 1749 1089 1771 et
1100 1749 1190 1771 natum
1201 1749 1370 1772 etniortuum
1383 1746 1459 1772 heres
1471 1746 1622 1777 institntns;
1639 1756 1687 1779 ego

893 1787 982 1808 autem
1001 1782 1185 1816 defenderem3
1226 1783 1275 1809 hac
1293 1791 1355 1809 811111
1375 1788 1462 1810 111011ῑο
1482 1783 1573 1815 1111550,
1590 1785 1636 1819 qui
1650 1790 1686 1810 10-

892 1824 1054 1846 stamentum
1079 1819 1191 1851 fecisset,
1218 1825 1254 1851 ut,
1279 1820 1302 1846 si
1325 1820 1397 1847 tilius
1421 1829 1471 1847 non
1494 1826 1577 1852 esset,
1593 1823 1639 1856 qni
1661 1823 1685 1848 111

892 1866 969 1884 suam
989 1857 1098 1884 tutelam
1118 1858 1228 1889 veniret,
1249 1858 1282 1884 M·
1298 1858 1395 1884 Curius
1409 1863 1479 1884 esset
1494 1858 1580 1885 heres.
1617 1860 1684 1885 Num

892 1895 994 1921 destitit
1011 1899 1123 1929 uterque
1141 1899 1259 1921 nostrum
1280 1896 1306 1921 in
1321 1904 1350 1921 ea
1364 1904 1466 1926 caussa,
1484 1896 1509 1922 in
1525 1897 1686 1922 auctoritati-

869 1935 870 1954 l
893 1932 952 1963 lius,
970 1933 997 1958 in
1011 1932 1151 1967 exemplis,
1169 1932 1195 1958 in
1211 1937 1428 1959 testamentorum
1440 1933 1572 1964 formulis,
1586 1934 1634 1960 hoc
1646 1940 1684 1960 est

891 1970 919 1996 in
941 1970 1028 1996 medio
1052 1970 1108 1996 iure
1127 1969 1201 1996 civili
1220 1970 1336 1996 versari?
1361 1970 1416 1997 XL.
1440 1972 1496 1996 48¹.
1516 1971 1615 1997 Omitto
1635 1972 1684 1997 iani

891 2007 968 2041 plura
981 2006 1104 2041 exempla
1115 2016 1270 2034 caussarum
1286 2007 1523 2042 amplissimarum,
1540 2018 1608 2043 quae
1623 2015 1684 2035 sunt

891 2044 1112 2070 innumerabilia:
1141 2045 1235 2079 capitis
1251 2045 1346 2076 nostri,
1363 2054 1442 2080 saepe
1456 2050 1541 2080 potest
1556 2046 1682 2074 arridere,

892 2086 920 2108 ut
938 2090 1048 2108 caussae
1066 2086 1205 2108 versentur
1223 2082 1249 2108 in
1268 2083 1334 2108 iure.
1368 2083 1473 2108 Etenim
1488 2083 1526 2109 sie
1541 2083 1569 2109 C.
1586 2084 1683 2109 Manri-

892 2128 970 2150 num,
987 2118 1185 2146 nobilissimum
1204 2124 1283 2154 atque
1297 2120 1428 2154 optimum
1443 2121 1530 2146 virum
1545 2130 1574 2146 ar
1588 2130 1684 2147 0011511-

892 2155 986 2187 larem,
1007 2165 1092 2191 quum
1111 2165 1173 2182 eum
1191 2162 1298 2191 propter
1316 2157 1444 2183 invidiam
1459 2158 1614 2184 Numantini
1632 2157 1684 2183 soe-

867 2224 869 2231 7
890 2193 961 2219 deris
981 2198 1053 2228 pater
1071 2198 1188 2228 patratus
1206 2202 1240 2220 ex
1257 2194 1284 2220 S.
1304 2194 1333 2221 C.
1354 2195 1524 2220 Numantinis
1538 2195 1684 2221 dedidisset

890 2239 1006 2265 eumque
1026 2231 1064 2256 illi
1084 2240 1135 2257 non
1150 2232 1312 2266 recepissent
1326 2236 1469 2266 posteaque
1484 2232 1623 2258 Mancinus
1637 2232 1684 2258 do—

866 2274 868 2293 :
891 2276 964 2294 mum
976 2268 1122 2294 revenisset
1132 2277 1218 2303 neque
1232 2269 1258 2295 in
1270 2273 1391 2295 senatum
1405 2269 1512 2294 introire
1523 2269 1679 2299 dubitasset,

892 2305 919 2331 P.
940 2305 1071 2335 Rutilius,
1093 2306 1127 2331 M.
1149 2305 1230 2337 1111115,
1252 2306 1376 2332 tribunus
1389 2305 1484 2340 plebis,
1501 2306 1578 2332 iussit
1593 2307 1680 2337 educi,

889 2342 961 2376 quod
985 2351 1046 2368 eum
1068 2343 1154 2368 civem
1179 2348 1286 2378 negaret
1309 2352 1380 2373 esse,
1408 2343 1471 2377 quin
1495 2344 1620 2369 memoria
1644 2345 1682 2370 sic

889 2384 959 2406 essct
977 2379 1125 2413 proditum,
1141 2388 1221 2414 quem
1238 2385 1310 2414 pater
1323 2389 1390 2406 snus
1404 2384 1449 2406 aut
1461 2380 1578 2414 populns
1590 2381 1682 2408 vendi-

889 2416 980 2447 disset,
1005 2421 1050 2442 uut
1068 2421 1141 2450 puter
1159 2422 1276 2451 patratus
1290 2417 1448 2447 dedidisset,
1465 2418 1488 2443 01
1504 2417 1608 2444 11111111111
1623 2427 1681 2445 esse

890 2453 1099 2488 postliminium:
1136 2455 1192 2480 4⁸¹2.
1225 2463 1305 2488 quum
1338 2463 1482 2488 possumus
1509 2456 1622 2490 reperire
1649 2465 1681 2483 ex

888 2491 1014 2517 omnihus
1037 2491 1117 2517 relius
1139 2491 1266 2517 civilibus
1284 2500 1406 2517 caussam
1430 2493 1681 2528 contentionemque

889 2528 1029 2559 iuniorem,
1052 2537 1132 2562 quani
1155 2528 1188 2554 110
1209 2528 1301 2554 ordine
1323 2529 1356 2555 do
1378 2529 1483 2555 civitate
1509 2529 1542 2556 de
1563 2530 1681 2557 libertate

888 2565 920 2591 de
934 2565 1019 2600 capite
1035 2565 1150 2591 hominis
1163 2565 1325 2598 consului-is,
1355 2567 1508 2601 praesertim
1519 2576 1605 2602 quum
1617 2568 1680 2594 111101·

889 2611 940 2628 11011
959 2603 985 2628 111
1004 2603 1114 2629 crimine
1129 2602 1232 2637 aliquo,
1245 2604 1315 2638 qtiod
1335 2603 1380 2630 ille
1395 2610 1482 2639 posset
1502 2605 1616 2634 inlitinri.
1633 2605 1679 2631 sed

889 2640 914 2666 in
933 2640 1004 2666 civili
1025 2641 1080 2666 iure
1094 2640 1268 2667 consisteret?
1293 2641 1435 2677 Similique
1450 2642 1476 2668 in
1490 2651 1595 2677 genere,
1613 2642 1679 2668 inse-

1420 2691 1443 2714 tt
1464 2689 1473 2699 “
