1941 3052
239 127 300 152 ⁴282
523 126 576 150 itt.
608 124 641 150 M.
673 124 702 149 T.
734 124 814 149 (Iltj.

235 197 287 222 Nost
301 205 370 225 vero.
384 195 518 230 ⁴siquidem
531 195 619 220 animo
630 193 735 219 excelso
745 198 770 219 et
781 193 832 218 alto
844 198 868 219 vt
881 193 1026 218 virtutibus

234 239 393 267 exaggerato
407 241 513 260 sumus,
532 240 579 256 nee
590 231 720 256 debemus
732 240 779 256 nec
791 239 945 264 possumus.
986 230 1025 255 Tu

235 281 312 307 poss·-
325 276 348 297 te
359 271 449 298 (licito,
463 269 588 303 quonium
601 268 710 302 quidem
724 272 810 302 poti-eu
834 267 931 293 debere
943 267 1025 293 nedi-

236 310 319 339 xeris‘,
346 308 472 341 ‹pioni-im
490 306 556 331 nihil
572 306 715 339 quisquam
728 305 820 334 (lebet,
839 305 890 330 nisi
903 304 974 338 quod
986 309 1026 330 est

236 353 310 380 turpe
323 354 372 371 nnn
387 343 504 369 reddere.
546 342 598 367 Sed
611 342 674 367 haec
690 342 826 368 hactenus.
869 342 913 367 {lle
925 342 1022 371 videat.

234 382 367 418 quomodo
383 382 524 414 imperator
539 388 597 405 esse
616 379 713 413 possit:
739 387 823 414 quum
839 387 900 404 eum
913 388 946 405 ne
957 378 1025 405 libe-

235 429 292 446 rum
304 418 414 454 quidem
426 425 484 443 esse
497 417 562 442 ratio
572 421 597 442 et
613 416 709 442 veritas
722 417 778 451 ipsa
789 417 939 442 convincat.

453 511 728 539 PARADOXON
753 511 800 538 Vl.

337 559 391 584 Ὅτι
401 558 481 593 μόνης
493 557 506 585 ὁ
517 558 602 592 σοφὸς
612 557 746 587 πλούσιος,

339 596 426 623 Solum
437 598 574 629 sapientem
585 604 636 621 esse
646 597 758 621 divitem.

285 642 304 668 l.
319 643 359 668 4⁵2.
375 641 446 673 Quae
458 646 497 668 est
509 642 557 667 ista
574 641 599 667 in
611 639 842 667 commemoranda
854 639 967 674 pecunia
979 644 1022 666 tua

233 686 283 706 tam
300 678 417 705 insolens
435 678 592 705 ostentatio?
621 677 734 705 Solusne
751 682 777 704 tu
793 676 889 703 dives?
917 685 964 711 pro
984 676 1022 703 dii

232 716 406 743 immortales!
430 724 513 752 egone
530 724 571 742 me
587 715 725 742 audivisse
740 714 842 749 aliquid
859 714 1022 740 etdidicisse

231 763 282 781 non
297 753 446 789 gaudeam?
465 753 578 780 Solusne
588 752 683 779 dives‘?
702 752 782 784 Quid.
796 752 819 778 si
835 760 867 778 ne
878 751 1023 786 divesqui-

230 790 310 818 dem‘?
320 791 396 826 quid,
409 792 432 817 si
444 800 546 826 pauper
556 789 654 817 etinm‘?
663 789 748 822 Quem
760 790 831 815 enim
844 788 1022 823 intelligimus

229 827 361 855 divitem?
388 833 433 855 aut
448 829 496 854 hoc
513 828 625 854 verbum
643 828 669 854 in
685 835 739 862 quo
754 827 862 853 homine
879 825 1023 861 ponimus‘?

229 866 331 901 Opinor
343 866 368 892 in
381 874 423 896 eo,
443 866 487 892 cui
499 870 568 892 tanta
581 865 715 900 possessio
725 869 778 894 est,
792 869 821 890 ut
831 863 863 890 ad
877 863 1022 890 liberaliter

231 903 378 929 vivendum
391 902 467 929 facile
478 908 618 929 contentus
629 903 676 928 sit:
699 902 746 936 qui
763 901 831 927 nihil
843 905 965 936 quaerat,
980 901 1022 926 ni-

231 940 268 967 hil
280 945 399 975 appetat,
414 940 481 966 nihil
493 945 565 975 optet
575 939 702 974 amplius.
742 940 783 965 43.
796 939 910 965 Animus
921 942 1022 973 oportet

227 982 292 1004 'tuus
303 986 331 1004 se
344 977 445 1004 iudicet
455 978 578 1007 divitem,
599 986 649 1003 non
664 976 805 1003 hominum
819 984 919 1004 sermo.
934 983 1021 1010 neque

229 1016 413 1050 possessiones
425 1020 498 1041 tuae:
521 1014 589 1041 nihil
600 1015 653 1040 sibi
665 1013 757 1040 deesse
770 1018 852 1048 putet,
869 1013 936 1039 nihil
948 1016 1022 1039 curet

228 1052 357 1087 amplius.
398 1052 514 1079 Satiatus
531 1057 571 1078 est
585 1057 630 1078 aut
645 1056 784 1077 contentus
798 1052 877 1077 etiam
891 1051 1020 1085 pecunia:

228 1089 354 1120 concedo,
368 1089 445 1115 dives
457 1098 495 1116 es.
530 1089 577 1115 Sin
590 1094 678 1115 autem
690 1093 797 1123 propter
807 1088 962 1114 aviditatem
974 1095 1022 1122 pe-

228 1128 323 1153 cuniae
337 1127 441 1153 nullum
455 1131 597 1162 quaestum
610 1132 714 1160 turpem
726 1130 813 1160 putas.
826 1134 911 1160 quum
924 1125 967 1151 isti
979 1133 1022 1150 or-

227 1164 285 1190 dini
298 1172 330 1190 ne
344 1164 471 1190 honestus
483 1164 592 1199 quidem
605 1163 690 1198 possit
701 1171 759 1189 esse
771 1162 857 1195 ullus,
871 1161 1021 1197 siquotidie

228 1201 345 1231 fraudas,
357 1201 475 1236 decipis,
490 1202 590 1236 poscis,
605 1201 757 1235 pacisceris.
770 1199 869 1230 aufers,
882 1200 978 1234 eripis;
997 1199 1020 1224 si

227 1239 313 1265 socios
324 1238 433 1273 spolias,
447 1239 579 1264 aerarium
589 1237 706 1272 expilas;
720 1239 743 1264 si
755 1242 910 1264 testamenta
922 1237 1022 1263 amico-

227 1284 286 1302 rum
298 1280 451 1310 exspectas,
468 1281 514 1302 aut
530 1284 561 1302 ne
572 1280 712 1310 exspectas
723 1274 848 1310 quidem,
866 1279 945 1309 atque
962 1275 1020 1309 ipse

226 1313 371 1348 supponis:
395 1313 459 1339 haec
475 1318 565 1340 utrum
581 1312 757 1343 abundantis,
778 1321 810 1338 an
826 1312 929 1347 egentis
943 1312 1020 1347 signa

225 1350 306 1377 sunt‘?
330 1351 371 1377 44.
393 1350 507 1376 Animus
518 1350 635 1377 hominis
649 1349 726 1376 dives
735 1370 741 1380 ‚
757 1358 809 1376 non
820 1358 879 1375 arca
891 1349 1020 1384 appellari

225 1387 304 1414 solet.
326 1385 458 1418 Quamvis
472 1387 516 1414 illa
529 1388 564 1414 sit
575 1387 662 1422 plena.
676 1387 741 1413 dum
753 1391 777 1413 te
789 1387 896 1413 inanem
908 1386 1016 1417 videbo,

224 1424 337 1451 divitem
349 1433 400 1451 non
413 1424 522 1459 putabo.
562 1425 668 1451 Etenim
680 1433 713 1451 ex
723 1432 763 1455 eo,
779 1429 910 1459 quantum
920 1424 1020 1458 cuique

223 1463 289 1488 satis
300 1467 348 1491 est.
365 1463 513 1488 metiuntur
524 1462 647 1488 homines
658 1461 815 1488 divitiarum
828 1461 948 1488 modum.
974 1461 1019 1487 Fi-

224 1498 287 1525 liam
303 1499 365 1534 quis
386 1498 483 1526 habet?
503 1500 617 1534 pecunia
638 1504 678 1525 est
696 1508 778 1533 opus:
799 1498 880 1531 duas;
903 1499 1016 1525 maiore:

223 1535 328 1571 plures;
347 1537 446 1563 maiore
461 1537 552 1563 etiam.
592 1537 625 1563 Et
638 1537 675 1567 si,
693 1541 722 1563 ut
732 1537 820 1567 aiunt,
838 1537 926 1562 Danao
937 1537 1019 1571 quin-

223 1574 351 1609 quaginta
362 1575 416 1600 sint
428 1573 511 1604 filiae,
525 1578 561 1600 tot
570 1573 645 1600 dotes
658 1582 781 1609 magnam
793 1578 926 1608 quaerunt
936 1582 1019 1608 pecu-

223 1611 306 1637 niam.
339 1610 475 1643 Quantum
487 1612 559 1637 enim
570 1612 669 1646 cuique
682 1620 751 1646 opus
762 1616 815 1641 est,
828 1610 861 1637 ad
874 1611 902 1637 id
913 1619 1018 1637 accom-

224 1648 355 1679 modatur,
368 1653 397 1675 ut
409 1653 468 1675 ante
479 1648 548 1679 dixi,
561 1648 718 1675 divitiarum
731 1648 837 1674 modus.
871 1647 923 1680 Qui
935 1648 1018 1684 igitur

224 1693 274 1711 non
288 1685 356 1711 [ilias
368 1685 468 1720 plures,
481 1685 528 1712 sed
541 1685 920 1720 innumerabilescupiditates
927 1685 1016 1716 habet,

222 1730 291 1756 quae
313 1722 389 1748 brevi
406 1727 524 1758 tempore
541 1724 673 1750 maximas
689 1724 780 1758 copias
795 1723 939 1749 exhaurire
955 1731 1018 1757 pos-

223 1760 289 1791 sint3
313 1759 385 1786 hunc
400 1768 454 1795 quo
469 1760 548 1787 modo
562 1769 612 1796 ego
625 1760 767 1795 appellabo
784 1759 911 1790 divitem,
931 1768 1017 1795 quum

222 1797 280 1831 ipse
291 1798 370 1824 etiam
381 1805 459 1833 egere
470 1806 498 1824 se
509 1797 624 1824 sentiat?
641 1799 682 1824 45.
694 1797 771 1824 Multi
782 1806 817 1824 ex
827 1802 851 1824 te
863 1797 1015 1828 audierunt,

221 1842 307 1869 quum
317 1834 422 1861 diceres
433 1838 555 1861 neminem
568 1844 620 1861 esse
633 1837 745 1865 divitem,
760 1837 812 1861 nisi
822 1838 867 1868 qui
877 1837 1017 1861 exercitum

221 1873 291 1897 alere
307 1877 390 1904 posset
411 1874 466 1898 suis
484 1874 625 1905 [ructibus.-
650 1871 723 1906 quod
742 1871 860 1906 populus
881 1872 1016 1898 Romanus

222 1908 302 1934 tantis
317 1908 497 1944 vectigalibus
511 1910 564 1935 iam
576 1908 680 1944 pridem
692 1909 739 1935 vix
749 1913 845 1943 potest.
885 1909 955 1944 Ergo
966 1908 1016 1935 hoc

221 1946 366 1980 proposito.
375 1954 523 1981 numquam
535 1947 588 1972 eris
599 1946 676 1972 dives
687 1950 755 1977 ante,
764 1954 845 1980 quam
857 1946 907 1972 tibi
917 1954 951 1972 ex
962 1947 1016 1972 tuis

220 1983 440 2018 possessionibus
456 1988 558 2009 tantum
574 1983 721 2013 reficiatur,
738 1987 768 2009 ut
782 1991 813 2009 eo
828 1984 896 2009 tueri
913 1991 962 2010 sex
978 1982 1016 2009 le—

220 2019 314 2055 giones
331 2025 356 2046 et
371 2028 467 2055 magna
482 2021 604 2054 equitum
619 2028 650 2046 ac
665 2020 787 2054 peditum
803 2020 904 2046 auxilia
915 2021 1013 2055 possis.

220 2057 275 2083 Iam
286 2056 378 2083 fateris
389 2058 472 2092 igitur
483 2066 535 2084 non
545 2065 604 2083 esse
615 2062 639 2084 te
651 2057 763 2084 divitem
771 2077 777 2088 ,
794 2058 839 2084 cui
854 2062 956 2084 tantum
967 2057 1016 2084 de-

220 2094 268 2124 sit,
286 2099 315 2120 ut
326 2093 435 2129 expleas
450 2094 492 2125 id,
509 2094 582 2130 quod
595 2099 715 2129 exoptas.
754 2095 846 2129 Itaque
857 2095 935 2122 istam
947 2103 1016 2130 pau-

219 2136 348 2166 pertatem
365 2131 407 2158 vel
423 2132 512 2166 potius
527 2136 671 2167 egestatem
686 2140 716 2158 ac
730 2131 929 2158 mendicitatem
940 2137 1014 2159 tuam

220 2177 369 2204 numquam
387 2169 501 2195 obscure
517 2169 612 2196 tulisti.
652 2170 684 2196 11.
707 2169 749 2196 46.
774 2170 841 2195 Nam
856 2174 887 2196 ut
899 2170 948 2201 iis,
965 2170 1014 2204 qui

220 2205 330 2232 honeste
353 2214 409 2232 rem
428 2211 562 2241 quaerunt
583 2207 742 2233 mercaturis
757 2205 902 2238 faciendis,
923 2207 1013 2241 operis

218 2242 329 2274 dandis,
351 2243 471 2278 publicis
491 2243 645 2274 sumendis,
667 2243 846 2279 intelligimus
863 2252 933 2278 opus
953 2252 1013 2270 esse

218 2281 353 2315 quaesito:
376 2281 428 2311 sie.
447 2281 496 2316 qui
512 2280 585 2307 videt
599 2281 673 2307 domi
688 2285 748 2307 tuae
761 2282 860 2316 pariter
875 2286 1012 2308 accusato-

218 2326 278 2344 rum
290 2322 369 2352 atque
380 2318 503 2344 iudicum
513 2319 678 2345 consociatos
691 2326 800 2354 greges;
823 2319 872 2353 qui
887 2323 1012 2345 nocentes

217 2359 243 2381 et
253 2355 414 2389 pecuniosos
425 2363 492 2385 reos,
505 2355 599 2382 eodem
611 2360 635 2382 te
645 2360 766 2386 auctore,
778 2355 956 2389 corruptelam
968 2356 1011 2382 iu-

217 2391 282 2418 dicii
295 2392 443 2423 molientes,
451 2392 725 2427 quituasmercedum
736 2393 872 2427 pactiones
883 2393 910 2419 in
921 2398 1012 2428 patro-

217 2429 309 2460 ciniis,
328 2430 532 2456 intercessiones
546 2431 722 2465 pecuniarum
734 2430 762 2456 in
772 2429 935 2456 coitionibus
946 2439 1010 2456 can-

216 2464 367 2492 didatorum
376 2487 382 2498 ,
399 2467 572 2494 dimissiones
583 2467 740 2494 libertorum
753 2467 787 2493 ad
798 2466 957 2494 fenerandas
967 2467 1010 2493 di-

216 2502 407 2538 ripiendasque
419 2505 584 2538 provincias:
600 2505 649 2539 qui
660 2503 834 2539 expulsiones
845 2505 1006 2535 vicinorum,

216 2540 264 2574 qui
276 2539 412 2567 latrocinia
423 2542 450 2568 in
462 2543 547 2577 agriS,
564 2542 685 2576 quicum
697 2542 797 2572 servis,
814 2550 877 2567 cum
893 2541 1005 2573 libertis,

216 2583 278 2602 cum
294 2576 439 2604 clientibus
454 2579 608 2610 societates,
630 2579 678 2614 qui
696 2579 881 2614 possessiones
896 2587 1005 2610 vacuas,

215 2614 263 2648 qui
273 2615 481 2649 proscriptiones
493 2615 676 2651 locupletium,
684 2615 832 2651 quicaedes
843 2617 1007 2651 municipio—

847 123 894 149 ΡΛ
909 123 958 149 ΠΛ
973 122 1101 151 noxi

1135 123 1181 149 ΡΛ
1197 123 1226 149 [t.
1259 123 1305 150 vt.
1336 123 1355 149 C
1369 125 1387 149 Α
1402 123 1428 150 l'.
1464 126 1505 149 1-
1552 127 1576 151 3.

1078 202 1150 222 rum,
1168 194 1215 228 qui
1232 193 1303 219 illam
1316 193 1417 219 Sullani
1436 196 1563 228 temporis
1579 204 1692 222 messem
1705 196 1867 229 recordetur,

1077 231 1123 265 qui
1146 235 1299 256 testamenta
1320 231 1454 260 subiet-ta,
1475 232 1522 266 qui
1544 232 1663 259 sublatos
1679 239 1714 260 tot
1729 234 1865 264 hominem

1076 268 1123 302 qui
1136 268 1252 302 «lemque
1263 269 1352 293 omnia
1367 267 1629 299 venalia.delectttm,
1643 270 1788 300 decretum.
1803 271 1871 297 alic-

1077 314 1147 334 nnm,
1161 314 1236 330 sunm
1249 306 1418 335 sententiam,
1433 304 1529 336 forum,
1541 306 1661 336 domum.
1671 317 1772 336 vocem.
1786 308 1870 334 siten-

1077 343 1157 368 tium:
1171 343 1234 376 quis
1246 342 1317 368 hunc
1329 351 1380 368 non
1393 347 1467 376 putet
1477 343 1596 369 confiteri
1608 344 1660 370 sibi
1672 346 1869 380 quaesitoopus

1076 380 1153 404 esst-⁸?
1163 379 1212 404 (lui
1224 384 1312 405 autem
1324 380 1445 413 quzwsito
1455 388 1523 414 opus
1531 381 1574 410 sit,
1583 381 1645 415 quis
1657 390 1784 416 umquam
1798 382 1870 408 hunc

1078 425 1137 442 vere
1149 416 1246 442 dixerit
1257 416 1387 442 divitem?
1418 417 1459 443 Π,
1481 417 1585 443 Etenim
1597 418 1753 445 divitiarum
1767 419 1870 445 fructus

1077 454 1102 479 in
1115 454 1189 487 eopia
1202 458 1253 479 est:
1267 455 1371 488 copiam
1384 458 1471 480 autem
1483 454 1599 481 declarat
1610 456 1717 482 satietas
1729 464 1816 482 rerum
1829 461 1870 482 at-

1075 499 1128 525 que
1143 490 1321 516 abundantia:
1344 499 1424 525 quam
1445 496 1471 517 tu
1487 492 1614 526 quoniam
1631 501 1779 528 numquam
1795 501 1869 519 asse-

1075 536 1171 562 quere,
1197 536 1344 562 numquam
1360 529 1470 554 omnino
1488 537 1516 554 es
1534 528 1640 555 futurus
1653 529 1741 556 dives.
1782 531 1869 557 Meam

1075 569 1164 591 autem
1185 566 1311 599 quoniam
1332 566 1473 599 pecuniam
1489 567 1651 598 contemnis;
1674 568 1709 601 (et
1724 572 1807 599 recte,
1829 572 1870 594 est

1075 603 1146 628 enim
1158 602 1190 628 ad
1203 602 1278 638 vulgi
1289 603 1443 637 opinionem
1455 602 1611 636 mediocris;
1629 603 1662 630 ad
1674 609 1746 631 tuam
1755 625 1761 635 ,
1778 603 1865 636 nulla;

1075 640 1106 665 ad
1120 648 1215 669 meam.
1230 640 1333 666 modica
1343 640 1361 674 :)
1371 640 1404 666 de
1417 649 1458 666 me
1469 640 1568 667 silebo:
1582 641 1615 667 de
1628 650 1654 668 re
1667 641 1769 676 loquar.
1786 643 1826 668 68.
1839 641 1869 668 Si

1074 677 1207 703 censenda
1219 677 1296 703 nobis
1307 682 1386 712 atque
1398 678 1563 704 aestimanda
1580 687 1621 704 res
1636 679 1684 709 sit,
1703 684 1792 705 utrum
1810 684 1868 705 tan-

1073 714 1134 740 dem
1151 714 1237 749 pluris
1253 715 1426 741 aestimemus
1442 717 1583 750 pecuniam
1600 716 1708 751 Pyrrhi,
1725 725 1807 751 quam
1818 716 1868 743 Fa-

1074 751 1159 777 bricio
1169 751 1261 781 dabat.
1278 761 1310 778 an
1325 753 1514 779 continentiam
1528 753 1657 784 Fabricii,
1674 754 1722 788 qui
1734 753 1808 780 illam
1819 762 1868 788 pe-

1073 791 1180 815 cuniam
1193 789 1368 824 repudiabat?
1388 795 1477 816 utrum
1489 799 1584 816 aurum
1595 790 1759 821 Samnitum,
1777 800 1810 817 au
1826 799 1868 816 re-

1073 835 1202 861 sponsum
1215 827 1258 853 Μ’.
1270 826 1363 853 Curii‘?
1377 826 1550 854 hereditatem
1563 828 1590 854 L.
1604 827 1702 858 Paulli,
1719 836 1750 854 an
1769 826 1868 854 libera-

1075 864 1174 890 litatem
1186 863 1313 894 Africani.
1329 864 1376 899 qui
1388 865 1447 890 eius
1459 864 1613 891 hereditatis
1625 866 1656 897 Q.
1665 865 1781 892 Maximo
1793 864 1867 891 fratri

1073 906 1174 935 partem
1197 910 1272 927 suam
1294 901 1444 928 concessit‘?
1473 902 1541 928 llaec
1563 902 1692 937 profecto,
1715 911 1784 937 quae
1804 906 1868 928 sunt

1073 947 1240 964 summarum
1254 940 1396 968 virtutum.
1415 938 1501 973 pluris
1515 939 1679 965 aestimanda
1691 944 1766 970 sunt,
1784 947 1866 974 quam

1074 975 1132 1005 itta,
1150 984 1218 1010 quae
1230 981 1292 1002 sunt
1304 976 1442 1010 pecuniae.
1483 976 1550 1008 Quis
1562 977 1687 1012 igitur<si
1698 977 1823 1011 quidem.
1838 982 1868 1002 ut

1073 1013 1199 1047 quisque,
1212 1013 1283 1048 quod
1296 1013 1406 1047 plurimi
1418 1014 1462 1043 sit,
1475 1014 1624 1048 possideat,
1638 1015 1672 1040 ita
1683 1014 1867 1040 divitissimus

1074 1049 1214 1076 habendus
1229 1051 1273 1083 sit)
1289 1050 1406 1081 dubitet,
1431 1052 1497 1085 quin
1515 1052 1542 1077 in
1558 1052 1656 1077 virtute
1671 1051 1782 1077 divitiae
1796 1050 1868 1077 sint‘?

1073 1088 1200 1121 quoniam
1214 1087 1286 1113 nulla
1299 1088 1637 1122 possessio,nullavisauri
1648 1094 1673 1115 et
1683 1089 1785 1124 argenti
1804 1087 1867 1123 plu-

1073 1126 1119 1154 ris,
1132 1133 1213 1159 quam
1227 1126 1322 1155 virtus,
1337 1125 1502 1151 aestimanda
1514 1130 1563 1152 est.
1604 1126 1647 1152 111.
1669 1127 1710 1152 49.
1732 1125 1754 1152 O
1764 1125 1803 1151 dii
1815 1126 1867 1151 im-

1074 1161 1210 1188 mortales!
1233 1170 1284 1188 non
1307 1162 1464 1198 intelligunt
1482 1162 1618 1193 homines,
1640 1171 1721 1198 quam
1737 1170 1866 1198 magnum

1073 1199 1186 1234 vectigal
1206 1199 1242 1225 sit
1259 1200 1432 1233 parsimonia.
1472 1200 1556 1226 Venio
1574 1200 1646 1226 enim
1667 1201 1719 1226 iam
1737 1199 1771 1226 ad
1791 1208 1868 1226 sum-

1072 1241 1195 1271 ptuosos:
1218 1236 1341 1271 relinquo
1353 1238 1434 1264 istum
1445 1242 1649 1272 quaestuosum.
1689 1237 1766 1272 Capit
1777 1236 1822 1263 ille
1833 1245 1867 1264 ex

1072 1274 1129 1300 suis
1141 1273 1258 1309 praediis
1269 1279 1393 1301 sexcenta
1405 1275 1540 1306 sestertiag
1556 1283 1607 1310 ego
1617 1279 1727 1301 centena
1738 1282 1772 1300 ex
1783 1275 1864 1301 meis:

1073 1311 1126 1342 illi,
1140 1317 1230 1338 aurata
1243 1316 1309 1338 tecta
1321 1312 1348 1338 in
1359 1311 1433 1338 villis
1443 1316 1469 1338 et
1479 1311 1535 1338 sola
1547 1320 1693 1339 marmorea
1707 1311 1827 1342 facienti,
1840 1315 1868 1338 et

1071 1350 1158 1384 signa,
1173 1348 1287 1379 tabulas,
1295 1349 1492 1384 supellectilem
1503 1355 1528 1376 et
1539 1355 1641 1376 vestem
1653 1349 1756 1376 infinite
1767 1357 1867 1376 concu-

1071 1387 1199 1421 piscenti,
1221 1395 1273 1412 non
1290 1387 1368 1413 modo
1382 1387 1415 1413 ad
1426 1392 1564 1421 sumptum
1577 1387 1622 1413 ille
1633 1391 1674 1413 est
1685 1386 1800 1416 fructus.
1818 1385 1867 1412 sed

1071 1424 1151 1450 etiam
1163 1423 1196 1450 ad
1208 1423 1286 1449 senus
1297 1425 1424 1460 exiguus.
1463 1424 1505 1450 Ex
1516 1433 1574 1451 meo
1586 1425 1660 1451 tenui
1671 1423 1806 1459 vectigali,
1818 1423 1867 1450 de-

1071 1462 1161 1488 tractis
1172 1461 1328 1495 sumptibus
1338 1461 1509 1496 cupiditatis,
1524 1461 1628 1496 aliquid
1640 1462 1719 1488 etiam
1731 1460 1867 1487 redunda-

1071 1498 1120 1524 bit.
1160 1499 1221 1525 Uter
1233 1499 1316 1534 igitur
1326 1504 1366 1526 est
1376 1499 1499 1525 divitior:
1517 1500 1562 1525 cui
1577 1498 1665 1530 deest,
1682 1507 1715 1525 an
1729 1499 1774 1524 cui
1784 1506 1867 1533 supe·

1070 1535 1126 1562 rat?
1145 1537 1194 1571 qui
1209 1541 1282 1571 eget,
1299 1545 1333 1563 an
1347 1537 1395 1571 qui
1411 1536 1549 1563 abundat?
1567 1537 1648 1563 cuius
1663 1536 1798 1571 possessio
1811 1543 1866 1570 quo

1069 1579 1110 1600 est
1124 1575 1221 1603 maior.
1239 1582 1269 1599 eo
1284 1573 1346 1608 plus
1361 1574 1475 1608 requirit
1490 1574 1522 1600 ad
1538 1582 1566 1600 se
1583 1573 1724 1600 tuendam:
1748 1581 1781 1599 an
1796 1580 1866 1608 quae

1070 1612 1127 1637 suis
1138 1619 1166 1637 se
1179 1611 1284 1637 viribus
1295 1610 1428 1638 sustinet?
1457 1613 1498 1638 50.
1518 1610 1570 1637 Sed
1585 1610 1652 1646 quid
1667 1619 1717 1646 ego
1730 1610 1763 1636 de
1774 1618 1816 1636 me
1827 1608 1866 1636 lo-

1069 1657 1146 1683 quor,
1159 1649 1206 1683 qui
1214 1657 1317 1675 morum
1325 1657 1354 1675 ac
1365 1653 1515 1683 temporum
1527 1649 1593 1675 vitio
1604 1648 1772 1683 aliquantum
1784 1647 1866 1674 etiam

1070 1687 1127 1720 ipse
1139 1685 1250 1712 fortasse
1260 1686 1288 1712 in
1299 1685 1382 1712 huius
1392 1685 1494 1712 saeculi
1506 1694 1593 1712 errore
1604 1684 1714 1711 verser?
1723 1685 1767 1711 M'.
1778 1684 1867 1710 Mani-

1071 1723 1123 1749 lius
1139 1728 1245 1757 patrum
1261 1728 1412 1749 nostrorum
1423 1723 1551 1749 memoria
1563 1722 1606 1757 (ne
1615 1730 1723 1757 semper
1734 1721 1828 1748 Curios
1839 1725 1866 1747 et

1068 1761 1199 1786 Luscinos
1211 1760 1361 1795 loquamur)
1371 1769 1474 1795 pauper
1485 1759 1590 1786 tandem
1603 1758 1663 1786 fuit.
1683 1758 1782 1785 Habuit
1791 1759 1865 1784 enim

1068 1797 1204 1823 aediculas
1216 1798 1242 1823 in
1254 1797 1359 1823 Carinis
1373 1803 1399 1824 et
1410 1797 1525 1823 fundum
1536 1798 1564 1823 in
1578 1796 1720 1823 Labicano.
1746 1796 1800 1822 Nos
1811 1796 1865 1831 igi-

1068 1839 1111 1861 tur
1121 1834 1262 1861 divitiores
1270 1855 1276 1865 ,
1299 1835 1346 1869 qui
1358 1834 1436 1869 plura
1447 1833 1597 1861 habemus?
1618 1834 1724 1860 Utinam
1735 1832 1862 1868 quidem!

1067 1871 1119 1898 Sed
1131 1880 1182 1898 non
1193 1872 1376 1898 aestimatione
1390 1880 1497 1902 census,
1506 1880 1601 1898 verum
1613 1872 1686 1897 victu
1697 1875 1778 1906 atque
1788 1869 1864 1896 cultu

1067 1911 1225 1936 terminatur
1235 1910 1366 1944 pecuniae
1378 1909 1485 1935 modus.
1525 1910 1567 1935 5¹.
1589 1909 1647 1934 Non
1662 1916 1721 1934 esse
1732 1907 1864 1942 cupidum

1067 1947 1181 1981 pecunia
1196 1951 1249 1972 est:
1268 1955 1319 1972 non
1331 1955 1389 1972 esse
1401 1954 1520 1973 emacem
1531 1944 1646 1981 vectigal
1657 1950 1707 1972 est.
1747 1945 1864 1972 Conten—

1067 1988 1122 2010 tum
1139 1992 1202 2010 vero
1217 1984 1274 2009 suis
1290 1983 1371 2010 rebus
1387 1991 1446 2010 esse
1460 1984 1594 2009 maximae
1608 1987 1672 2009 sunt
1682 1983 1864 2009 certissimae-

1066 2029 1118 2055 que
1129 2020 1250 2047 divitiae.
1291 2020 1398 2047 Etenim
1410 2021 1435 2047 si
1446 2021 1490 2047 isti
1502 2020 1594 2047 callidi
1607 2028 1696 2046 rerum
1709 2020 1863 2046 aestimato-

1066 2066 1108 2084 res
1119 2063 1192 2092 prata
1203 2063 1229 2084 et
1239 2066 1312 2084 areas
1323 2058 1455 2093 quasdam
1467 2066 1565 2093 magno
1577 2057 1732 2088 aestimant,
1752 2056 1826 2092 quod
1836 2057 1862 2083 ei

1065 2096 1157 2130 generi
1182 2095 1384 2130 possessionum
1409 2096 1522 2121 minime
1546 2095 1625 2130 quasi
1649 2094 1739 2121 noceri
1758 2098 1859 2129 potest:

1065 2133 1159 2167 quanti
1170 2138 1210 2159 est
1220 2132 1385 2159 aestimanda
1396 2133 1492 2163 virtus,
1505 2140 1575 2167 quae
1586 2140 1635 2158 nec
1644 2131 1727 2166 eripi,
1740 2139 1790 2158 nec
1799 2139 1862 2157 sur-

1065 2170 1117 2204 ripi
1132 2174 1219 2204 potest
1234 2178 1378 2205 umquam:
1400 2178 1488 2204 neque
1508 2168 1648 2204 naufragio
1668 2177 1717 2195 nec
1735 2167 1861 2195 incendio

1064 2208 1208 2234 amittitur:
1232 2215 1280 2233 nec
1292 2208 1319 2233 vi
1331 2212 1520 2242 tempestatum
1531 2215 1580 2233 nec
1591 2211 1742 2241 temporum
1754 2210 1861 2241 pertur-

1064 2244 1171 2271 batione
1183 2245 1314 2270 mutatur!
1332 2244 1389 2276 Qua
1400 2243 1515 2279 praediti
1525 2244 1574 2279 qui
1587 2248 1664 2274 sunt,
1682 2242 1733 2269 soli
1743 2247 1807 2269 sunt
1816 2241 1860 2268 di-

1064 2282 1143 2308 vites.
1183 2283 1225 2308 52.
1246 2281 1301 2308 Soli
1321 2282 1394 2308 enim
1414 2281 1554 2316 possident
1570 2289 1613 2307 res
1627 2285 1654 2307 et
1669 2279 1818 2307 fructuosas
1833 2283 1860 2305 et

1063 2319 1255 2353 sempiternas:
1278 2318 1383 2353 solique
1396 2318 1479 2354 (quod
1490 2323 1531 2345 est
1540 2318 1680 2353 proprium
1691 2315 1858 2351 divitiarum)

1062 2356 1179 2382 contenti
1191 2360 1254 2382 sunt
1264 2355 1345 2382 rebus
1356 2357 1428 2387 suis,
1446 2357 1511 2382 satis
1521 2363 1580 2381 esse
1592 2359 1698 2390 putant,
1715 2353 1788 2389 quod
1801 2358 1854 2385 est;

1062 2393 1130 2419 nihil
1142 2397 1284 2427 appetunt,
1302 2392 1376 2419 nulla
1386 2402 1414 2419 re
1425 2397 1518 2428 egent,
1535 2391 1606 2419 nihil
1620 2391 1675 2418 sibi
1689 2391 1784 2417 deesse
1794 2398 1858 2416 sen-

1061 2431 1144 2461 tiunt,
1163 2430 1231 2456 nihil
1244 2431 1398 2465 requirunt:
1419 2429 1536 2465 improbi
1547 2434 1637 2455 autem
1647 2433 1673 2454 et
1683 2428 1770 2458 avari,
1787 2435 1858 2462 quo-

1061 2468 1134 2494 niam
1150 2468 1264 2494 incertas
1279 2472 1358 2502 atque
1375 2468 1402 2494 in
1418 2475 1483 2494 casu
1498 2467 1598 2501 positas
1611 2465 1796 2500 possessiones
1808 2464 1857 2490 ha-

1061 2504 1124 2531 bent
1132 2525 1138 2536 ‚
1155 2509 1181 2531 et
1191 2504 1254 2539 plus
1265 2513 1372 2539 semper
1381 2508 1524 2539 appetunt,
1541 2511 1591 2529 nec
1604 2510 1697 2529 eorum
1707 2503 1855 2537 quisquam

1059 2541 1149 2568 adhuc
1164 2542 1291 2568 inventus
1306 2547 1360 2572 est,
1378 2542 1436 2572 cui,
1454 2540 1527 2576 quod
1542 2540 1665 2569 haberet,
1687 2544 1759 2565 esset
1773 2539 1852 2571 satis;

1059 2587 1111 2605 non
1123 2579 1202 2606 modo
1212 2587 1264 2605 non
1275 2579 1377 2613 copiosi
1388 2587 1418 2605 ac
1428 2578 1528 2605 divites
1536 2597 1542 2609 .
1564 2576 1613 2604 sed
1626 2576 1708 2604 etiam
1719 2577 1814 2612 inopes
1824 2583 1856 2602 ac

1058 2624 1191 2651 pauperes
1206 2616 1380 2643 existimandi
1390 2620 1464 2644 sunt.

931 2673 1134 2689 ἐφ...-
