1941 3052
394 143 442 170 IN
473 143 674 170 VERREM
707 143 862 170 ACT.II.

57 213 156 241 scelere
170 218 304 249 concepto,
321 213 388 240 nihil
403 217 492 249 postea
507 218 558 241 tota
570 215 597 240 in
609 214 700 240 Sicilia
710 223 797 250 neque
809 223 852 240 sa-

57 252 95 278 cri
109 260 197 287 neque
209 251 328 287 religiosi
342 260 401 278 esse
415 251 506 278 duxit:
531 252 567 278 ita
585 260 644 278 sese
657 252 684 278 in
699 261 728 278 ea
743 253 852 287 provin-

56 289 97 316 cia
110 297 158 324 per
171 289 316 316 triennium
330 289 427 324 gessit,
443 293 472 315 ut
485 289 518 315 ab
532 289 583 315 isto
597 298 648 316 non
663 289 750 315 solum
765 290 853 316 homi-

57 326 151 357 nibus,
172 335 266 353 verum
285 327 364 352 etiam
382 326 435 353 diis
452 326 650 353 immortalibus
664 326 766 353 bellum
781 327 853 353 indi-

56 369 129 391 ctum
143 368 290 399 putaretur.

112 401 236 428 XXXIII.
253 401 361 436 Segesta
377 405 417 427 est
429 400 559 436 oppidum
574 405 700 435 pervetus
710 401 738 427 in
751 401 850 431 Sicilia,

56 439 169 470 iudices,
185 438 258 474 quod
272 439 305 465 ab
315 439 402 465 Aenea
418 438 537 474 fugiente
548 447 562 465 a
573 439 649 465 Troia
659 443 739 473 atque
749 439 777 464 in
789 438 854 464 haec

57 475 112 503 loca
128 477 249 503 veniente
262 476 401 502 conditum
415 484 474 502 esse
487 476 678 502 demonstrant.
699 477 792 510 Itaque
806 475 854 501 Se-

56 514 160 550 gestani
178 522 231 540 non
250 513 338 540 solum
353 517 479 548 perpetua
494 514 618 539 societate
632 518 711 548 atque
726 513 850 544 amicitia,

56 559 151 577 verum
165 551 245 577 etiam
259 552 416 586 cognatione
430 559 459 577 se
471 559 534 577 cum
548 550 648 585 populo
659 551 776 576 Romano
789 558 854 576 con-

55 588 161 614 iunctos
182 596 241 614 esse
263 588 434 614 arbitrantur.
473 588 527 614 Hoc
548 587 683 622 quondam
710 587 850 622 oppidum,

56 634 142 661 quum
156 625 201 652 illa
213 625 307 652 civitas
318 634 379 652 cum
391 625 484 652 Poenis
496 633 544 651 suo
556 625 662 651 nomine
673 633 702 650 ac
712 633 760 650 sua
771 633 853 659 spon-
874 621 875 639 l

56 667 82 689 te
95 662 218 694 bellaret,
239 671 253 689 a
267 662 535 698 Karthaginiensibus
550 663 576 688 vi
590 666 697 696 captum
713 666 792 696 atque
806 662 853 687 de-
874 684 875 688 ,

57 699 140 726 letum
155 704 207 726 est:
223 701 375 735 omniaque,
391 708 460 735 quae
473 704 628 726 ornamento
642 699 702 725 urbi
717 707 776 725 esse
790 708 853 733 pos-
874 715 875 732 ῃ

56 742 128 768 sent,
145 737 334 773 Karthaginem
348 742 413 763 sunt
426 745 460 763 ex
472 736 518 763 illo
534 736 590 763 loco
603 736 749 771 deportata.
791 737 853 762 Fuit

56 775 128 810 apud
143 775 300 811 Segestanos
319 783 352 801 ex
370 783 429 801 aere
446 773 622 800 simulacrum
635 775 746 804 Dianae,
766 782 852 808 quum
874 789 875 798 l

56 821 162 838 summa
176 817 255 847 atque
268 812 456 846 antiquissima
470 811 621 846 praeditum
636 811 777 846 religione,
794 816 852 837 tum
874 813 875 839 ξ

56 849 186 885 singulari
200 857 279 884 opere
293 849 457 884 artificioque
471 848 629 884 perfectum.
660 846 714 875 Hoc
727 848 852 875 tralatum

56 886 258 922 Karthaginem,
284 886 371 913 locum
395 890 497 913 tantum
523 886 700 921 hominesque
722 891 850 912 mutarat:

55 923 212 960 religionem
226 923 336 959 quidem
351 924 491 958 pristinam
505 924 687 950 conservabat.
710 924 777 950 Nam
792 932 853 958 pro-

55 966 114 997 pter
135 961 261 988 eximiam
279 960 509 996 pulchritudinem
529 962 607 987 etiam
623 961 746 988 hostibus
760 961 849 997 digna,

55 1007 137 1034 quam
151 999 319 1025 sanctissime
333 998 462 1029 colerent,
482 998 634 1025 videbatur.

55 1036 169 1062 saeculis
188 1040 248 1071 post
265 1036 294 1063 P.
311 1035 401 1071 Scipio
418 1036 490 1063 bello
503 1037 603 1062 Punico
621 1037 697 1063 tertio
711 1036 853 1072 Karthagi-

55 1082 116 1100 nem
134 1073 217 1108 cepit:
242 1082 295 1109 qua
313 1074 342 1100 in
359 1074 468 1100 victoria
482 1073 580 1109 (videte
595 1074 711 1100 hominis
725 1075 852 1100 virtutem

55 1115 81 1138 et
98 1110 280 1147 diligentiam,
300 1115 330 1137 ut
347 1115 373 1137 et
386 1111 540 1138 domesticis
555 1111 783 1146 praeclarissimae
797 1112 852 1137 vir-

55 1148 120 1175 tutis
138 1148 269 1183 exemplis
287 1148 426 1185 gaudeatis
444 1153 470 1175 et
487 1157 518 1175 eo
537 1149 636 1175 maiore
659 1149 720 1176 odio
742 1149 851 1184 dignam

54 1186 133 1212 istius
143 1185 329 1212 incredibilem
339 1186 477 1212 audaciam
488 1186 614 1213 iudicetis
623 1186 640 1221 :)
651 1187 802 1213 convocatis
809 1186 852 1212 Si-

55 1223 124 1250 culis
137 1223 277 1255 omnibus‚
298 1223 371 1259 quod
389 1224 542 1250 diutissime
556 1225 768 1259 saepissimeque
783 1224 852 1250 Sici—

55 1259 119 1287 liam
142 1264 264 1287 vexatam
287 1269 301 1288 a
319 1261 590 1297 Karthaginiensibus
613 1266 751 1297 cognorat,
777 1262 852 1287 iubet
873 1286 875 1295 7

54 1298 144 1325 omnia
162 1298 299 1333 conquiri:
320 1298 473 1333 pollicetur,
494 1299 546 1325 sibi
565 1307 677 1335 magnae
692 1307 770 1325 curae
785 1298 848 1330 fore,

57 1339 85 1362 ut
98 1336 187 1362 omnia
200 1336 369 1367 civitatibus,
389 1345 458 1371 quae
472 1337 605 1371 cuiusque
625 1336 753 1367 fuissent,
773 1337 852 1362 resti-

55 1377 202 1400 tuerentur.
243 1373 312 1399 Tum
330 1373 388 1404 illa,
412 1382 481 1409 quae
499 1374 635 1409 quondam
653 1378 728 1400 erant
746 1374 852 1400 iiimera

54 1409 170 1442 sublata,
185 1410 219 1436 de
232 1411 333 1445 quibus
348 1415 423 1437 antea
437 1411 503 1442 dixi,
520 1411 699 1437 Thermitanis
714 1416 778 1438 sunt
791 1411 852 1437 red-

54 1447 122 1474 dita:
143 1451 200 1474 tum
215 1447 265 1474 alia
279 1447 451 1480 Gelensibus,
468 1448 519 1475 alia
532 1448 728 1484 Agrigentinis:
749 1449 776 1475 in
790 1449 852 1484 qui-

54 1484 106 1511 bus
125 1486 204 1511 etiam
223 1485 269 1512 ille
287 1485 385 1512 nobilis
409 1490 514 1517 taurus,
540 1494 622 1521 quem
645 1486 852 1512 crudelissimus

54 1523 176 1549 omnium
195 1526 367 1558 tyrannorum
383 1523 502 1549 Phalaris
520 1523 648 1550 habuisse
666 1523 777 1555 dicitur,
798 1532 853 1558 quo

54 1560 131 1586 vivos
145 1560 272 1595 supplicii
286 1569 380 1587 caussa
395 1560 534 1587 demittere
548 1561 670 1587 homines
684 1561 852 1587 etsubiicere

54 1595 188 1623 flammam
202 1597 317 1624 solebat:
337 1606 418 1633 quem
433 1602 540 1625 taurum
554 1598 643 1633 Scipio
656 1607 743 1634 quum
757 1598 853 1624 redde-

54 1639 93 1661 ret
107 1634 302 1671 Agrigentinis,
323 1635 425 1662 dixisse
443 1635 556 1662 dicitur:
577 1644 694 1671 aequum
714 1644 773 1662 esse
791 1635 852 1662 illos

54 1672 182 1708 cogitare,
202 1676 293 1699 utrum
308 1677 377 1699 esset
391 1672 490 1699 Siculis
504 1673 613 1704 utilius,
633 1674 726 1700 suisne
740 1673 850 1704 servire,

53 1717 87 1736 an
100 1709 201 1744 populo
214 1710 333 1737 Romano
349 1710 546 1745 obtemperare;
570 1719 655 1746 quum
670 1710 741 1737 idem
756 1719 853 1737 monu—

54 1751 174 1773 mentum
193 1750 219 1773 et
236 1747 399 1775 domesticae
416 1748 582 1774 crudelitatis
601 1752 627 1774 et
649 1753 753 1775 nostrae
776 1757 853 1774 man-

53 1783 206 1811 suetudinis
224 1784 362 1812 haberent.
402 1785 526 1812 XXXIV.
542 1786 584 1812 74.
606 1785 655 1812 Illo
673 1790 791 1821 tempore
805 1786 853 1812 Se-

53 1821 171 1885 gestanis
185 1823 301 1849 maxima
315 1831 378 1850 cum
395 1831 458 1850 cura
477 1823 541 1850 haec
558 1824 617 1858 ipsa
632 1823 726 1854 Diana,
747 1823 780 1850 de
798 1832 852 1858 qua

73 1859 178 1891 icimus,
194 1859 328 1887 redditur:
352 1864 501 1895 reportatur
514 1860 667 1897 Segestam:
692 1861 719 1887 in
733 1861 791 1887 suis
805 1870 852 1887 an-

54 1896 137 1931 tiquis
157 1896 268 1924 sedibus
290 1906 396 1924 summa
418 1906 481 1925 cum
503 1898 679 1934 gratulatione
702 1899 804 1925 civium
827 1902 853 1925 et

54 1931 152 1960 laetitia
170 1934 317 1969 reponitur.
357 1935 426 1962 Haec
443 1940 498 1962 erat
522 1936 606 1970 posita
625 1935 763 1972 Segestae,
788 1944 852 1962 sane

54 1970 157 1997 excelsa
170 1971 198 1998 in
212 1971 284 1998 basi:
299 1973 327 1999 in
340 1981 394 2008 qua
407 1972 555 2009 grandibus
571 1973 665 1999 litteris
676 1983 697 1999 r.
710 1982 852 2000 ,truncant

53 2015 150 2034 nomen
176 2013 231 2035 erat
256 2009 372 2036 incisum
399 2018 516 2046 eumque
543 2019 733 2037 marmurae
760 2019 852 2037 cnr-ra

54 2054 245 2072 assrirmssr.
269 2048 457 2082 perscriptum.
498 2047 641 2074 Colebatur
654 2056 667 2074 a
681 2048 802 2075 civibus:
818 2047 851 2074 ab

53 2082 179 2109 omnibus
197 2083 308 2110 advenis
327 2084 477 2111 visebatur:
505 2093 591 2120 quum
610 2089 736 2120 quaestor
753 2094 849 2118 essem,

54 2119 121 2146 nihil
145 2120 212 2147 mihi
236 2120 269 2147 ab
292 2121 347 2148 illis
369 2126 410 2148 est
432 2121 644 2149 demonstratum
663 2123 749 2158 prius.
789 2124 852 2150 Erat

53 2156 198 2184 admodum
218 2157 339 2193 amplum
358 2163 384 2185 et
400 2159 537 2186 excelsum
556 2160 665 2196 signum
684 2169 745 2187 cum
768 2161 848 2188 stola:

54 2199 238 2222 verumtamen
256 2196 340 2222 inerat
357 2196 384 2222 in
402 2196 448 2223 illa
469 2197 654 2233 magnitudine
677 2202 748 2225 aetas
772 2203 851 2234 atque

54 2230 161 2259 habitus
180 2233 334 2269 virginalis:
363 2234 473 2269 sagittae
492 2234 643 2269 pendebant
666 2235 700 2262 ab
723 2236 849 2262 humero:

54 2268 160 2296 sinistra
169 2279 249 2296 manu
260 2271 388 2297 retinebat
397 2279 502 2298 arcum:
514 2271 606 2298 dextra
617 2272 752 2299 ardentem
767 2273 849 2300 facem

55 2306 226 2370 praeferebat.
266 2309 309 2334 75.
331 2308 403 2335 lianc
416 2317 502 2344 quum
515 2309 566 2335 iste
579 2318 714 2336 sacrorum
729 2311 849 2337 omnium

73 2344 138 2370 ostis
152 2344 368 2381 religionumque
382 2345 481 2381 praedo
494 2346 619 2379 vidisset;
640 2348 718 2382 quasi
733 2347 778 2374 illa
792 2349 850 2383 ipse

55 2379 110 2408 sace
132 2389 277 2416 percussus
299 2387 382 2415 esset,
411 2384 447 2410 ita
470 2382 580 2420 flagrare
603 2385 749 2419 cupiditate
771 2390 850 2420 atque

55 2419 167 2445 amentia
185 2421 281 2455 coepit.
322 2421 436 2456 Imperat
454 2421 668 2457 magistratibus,
689 2426 718 2448 ut
731 2431 790 2449 earn
803 2423 851 2449 de-

55 2454 198 2483 moliantur
211 2462 237 2484 et
249 2457 302 2484 sibi
316 2458 394 2485 dent:
414 2458 481 2484 nihil
496 2459 547 2484 sibi
562 2459 664 2494 gratius
678 2460 794 2486 ostendit
808 2459 851 2486 iu-

55 2495 156 2520 turum.
195 2494 236 2521 Illi
256 2503 319 2521 vero
336 2495 437 2527 dicere,
458 2495 486 2522 id
505 2496 557 2522 sibi
577 2495 651 2522 nefas
669 2505 741 2528 esse,
766 2505 850 2532 acque

55 2536 139 2564 quum
153 2539 259 2558 summa
273 2532 414 2568 religione,
436 2537 492 2559 tum
511 2542 619 2559 summo
633 2538 705 2560 metu
721 2533 810 2569 legum
825 2539 851 2560 et

54 2566 214 2595 iudiciorum
228 2569 321 2596 teneri.
362 2571 413 2597 Iste
427 2574 484 2597 tum
499 2575 587 2605 petere
601 2571 634 2597 ab
648 2571 712 2602 illis,
729 2576 784 2598 tum
799 2572 851 2598 mi-

56 2603 121 2635 nari,
137 2608 194 2632 tum
208 2614 294 2641 spem,
310 2610 368 2634 tum
382 2612 484 2634 metum
498 2608 647 2635 ostendere.
673 2608 850 2644 Opponehant

55 2639 95 2682 illi
108 2641 242 2670 interdum
256 2652 353 2671 nomen
367 2643 499 2678 Airicani3
514 2645 615 2672 donum
630 2645 723 2681 populi
740 2646 849 2672 Romani

55 2675 123 2705 illud
136 2687 195 2706 esse
208 2679 345 2715 dicebant;
374 2681 441 2709 nihil
460 2690 489 2709 se
502 2683 529 2709 in
543 2691 575 2710 eo
588 2683 726 2718 potestatis
741 2683 847 2715 habere,

675 1000 717 1025 73.
743 999 853 1034 Aliquot
874 1001 875 1009 ¹

897 144 983 169 LIB.
1006 144 1048 170 IV.
1083 144 1181 170 CAP.
1217 146 1366 170 29—30.
1652 148 1700 172 319

904 214 975 249 quod
998 215 1141 249 imperator
1166 214 1347 246 clarissimus,
1377 215 1442 241 urbe
1468 215 1587 241 hostium
1613 221 1699 250 capta,

904 256 1108 278 monumentum
1123 252 1249 278 victoriae
1264 252 1356 286 populi
1367 253 1478 279 Romani
1489 261 1548 278 esse
1560 252 1699 279 voluisset.

904 290 946 315 76.
968 289 1057 321 Quum
1076 289 1126 315 iste
1145 289 1230 315 nihilo
1248 290 1388 316 remissius
1412 294 1491 324 atque
1513 290 1593 316 etiam
1616 290 1701 316 inulto

904 326 1091 352 vehementius
1106 327 1215 352 instaret
1228 327 1361 361 quotidie:
1391 335 1432 353 res
1453 327 1541 361 agitur
1554 328 1581 353 in
1595 333 1699 354 senatu.

904 364 1080 390 Vehementer
1093 364 1126 389 ab
1140 364 1266 390 omnibus
1280 364 1447 390 reclamatur.
1470 365 1561 399 ltaque
1574 364 1620 390 illo
1635 370 1702 390 tem—

904 410 967 435 pore
985 410 1015 427 ac
1036 402 1122 435 primo
1144 402 1223 427 istius
1247 401 1363 428 adventu
1387 406 1555 437 pernegatur.
1596 402 1699 433 Postea,

904 438 1039 473 quidquid
1054 443 1109 464 erat
1122 439 1209 465 oneris
1224 440 1251 464 in
1267 440 1354 465 nautis
1369 439 1573 474 remigibusque
1591 440 1703 474 exigen-

904 475 959 507 dis,
976 477 1003 501 in
1018 475 1152 502 frumento
1165 476 1333 510 imperando.
1351 476 1503 512 Segestanis
1517 480 1619 511 praeter
1633 481 1703 503 cete-

905 522 947 539 ros
971 513 1125 547 imponebat
1146 513 1282 548 aliquanto
1300 514 1429 548 amplius,
1454 522 1535 548 quam
1554 513 1621 540 ferre
1641 522 1703 548 pos-

905 554 973 576 sent.
1013 551 1149 576 Praeterea
1168 551 1341 585 magistratus
1360 560 1450 578 eurum
1465 551 1604 577 evocabat:
1633 554 1702 586 opti-

905 596 980 613 mum
1002 596 1139 623 quemque
1162 592 1188 613 et
1211 588 1411 614 nobilissimum
1435 588 1468 614 ad
1489 597 1517 614 se
1536 589 1699 615 arcessebat:

904 626 1005 651 circum
1024 625 1112 651 omnia
1131 625 1283 659 provinciae
1306 625 1360 651 fora
1383 626 1514 660 rapiebat:
1544 626 1702 661 singillatim

905 663 951 688 uni
965 663 1064 697 cuique
1077 662 1221 688 calamitati
1236 662 1290 688 fore
1304 671 1333 688 se
1343 662 1531 689 denuntiabat:
1547 664 1701 690 universam

904 708 932 725 se
951 699 1074 726 funditus
1092 699 1166 725 illam
1184 708 1342 725 eversurum
1361 708 1418 726 esse
1433 701 1567 726 civitatem
1582 701 1703 727 minaba-

905 741 956 763 tur.
997 738 1087 771 Itaque
1102 736 1245 771 aliquando
1259 737 1352 763 multis
1368 737 1445 763 malis
1460 746 1610 772 magnoque
1628 743 1701 764 metu

904 774 967 800 victi
983 774 1121 809 Segestani
1140 775 1267 809 praetoris
1286 775 1398 809 imperio
1417 775 1564 808 parendum
1583 784 1642 801 esse
1655 776 1703 801 de-

903 816 1059 838 creverunt:
1080 820 1178 847 magno
1191 821 1253 838 cum
1269 812 1343 838 luctu
1358 816 1383 838 et
1396 812 1498 847 gemitu
1513 813 1594 838 totius
1608 813 1702 839 civita-

905 850 952 880 tis,
973 849 1067 875 multis
1082 858 1144 875 cum
1159 849 1275 876 lacrimis
1289 854 1315 876 et
1329 849 1564 875 lamentationibus
1583 850 1701 876 virorum

905 886 1105 921 mulierumque
1119 888 1240 913 omnium
1255 886 1429 913 simulacrum
1442 887 1539 913 Dianae
1554 886 1701 913 tollendum

906 924 1015 951 locatur.
1056 924 1169 951 XXXV.
1190 925 1232 950 77.
1255 925 1361 955 Videte,
1387 928 1487 959 quanta
1510 924 1604 960 religio
1623 924 1703 951 fuerit

905 962 976 996 apud
987 961 1161 997 Segestanos:
1178 966 1313 996 repertum
1323 970 1391 993 esse,
1408 962 1520 993 iudices,
1537 962 1638 992 scitote,
1655 970 1702 989 ne-

874 1010 875 1024 i
905 1000 1014 1030 minem,
1032 1008 1120 1034 neque
1135 999 1258 1030 liberum,
1276 1008 1363 1034 neque
1378 1008 1496 1031 servum,
1513 1008 1601 1034 neque
1615 1000 1702 1026 civem

905 1045 992 1072 neque
1010 1037 1196 1072 peregrinum,
1219 1038 1267 1072 qui
1285 1037 1352 1063 illud
1373 1037 1481 1072 signum
1501 1037 1610 1063 auderet
1624 1038 1703 1063 attin-

903 1083 975 1110 gere.
1016 1074 1144 1100 Barbaros
1162 1074 1295 1109 quosdam
1314 1074 1440 1110 Lilybaeo
1458 1075 1551 1100 scitote
1574 1074 1703 1101 adductos

904 1120 963 1138 esse
977 1112 1125 1146 operarios:
1143 1112 1170 1138 hi
1184 1112 1302 1147 denique
1316 1112 1393 1143 illud,
1410 1112 1495 1147 ignari
1511 1112 1591 1138 totius
1603 1113 1702 1147 negotii

903 1158 933 1176 ac
950 1149 1100 1185 religionis,
1122 1150 1243 1176 mercede
1261 1154 1380 1184 accepta,
1407 1149 1585 1176 sustulerunt.
1626 1149 1703 1182 Quod

903 1195 989 1222 quum
1003 1196 1036 1213 ex
1050 1187 1148 1221 oppido
1163 1192 1354 1222 exportaretur,
1370 1196 1452 1221 quent
1466 1192 1627 1213 conventum
1643 1196 1703 1213 mu—

905 1224 1000 1250 lierum
1015 1224 1114 1250 sactum
1129 1233 1188 1250 esse
1203 1224 1387 1251 arbitramini?
1412 1233 1494 1259 quem
1513 1224 1604 1251 fletum
1619 1225 1703 1251 maio-

903 1270 962 1288 rum
978 1261 1060 1288 natu‘?
1073 1271 1189 1296 quorum
1203 1262 1325 1288 nonnulli
1341 1263 1419 1288 etiam
1431 1262 1508 1288 illum
1519 1262 1590 1288 diem
1603 1271 1704 1288 memo—

903 1301 941 1325 ria
956 1299 1089 1330 tenebant,
1106 1308 1190 1334 quum
1206 1299 1251 1326 illa
1266 1299 1358 1326 eadem
1373 1300 1453 1326 Diana
1468 1299 1620 1335 Segestam,
1638 1300 1703 1326 Kar-

904 1337 1012 1372 thagine
1026 1342 1142 1368 revecta,
1164 1338 1303 1363 victoriam
1318 1337 1411 1372 populi
1426 1338 1537 1363 Romani
1552 1337 1639 1363 reditu
1653 1346 1703 1363 suo

904 1375 1062 1400 nuntiasset.
1103 1374 1189 1407 Quam
1211 1374 1353 1401 dissimilis
1378 1374 1421 1400 hic
1444 1375 1502 1400 dies
1526 1374 1565 1400 illi
1590 1375 1702 1409 tempori

904 1411 1058 1438 videbatur!
1075 1412 1142 1438 Tum
1157 1413 1300 1447 imperator
1314 1412 1408 1447 populi
1419 1412 1539 1442 Romani,
1556 1412 1598 1438 vir
1610 1411 1703 1438 claris-

904 1450 1003 1480 simus,
1028 1449 1092 1475 deos
1115 1450 1214 1484 patrios
1237 1450 1387 1484 reportabat
1406 1449 1558 1485 Segestanis
1581 1458 1615 1475 ex
1637 1450 1703 1476 urbe

904 1487 1022 1513 hostium
1038 1491 1222 1521 recuperatos:
1238 1496 1310 1513 nunc
1324 1496 1357 1513 ex
1371 1487 1437 1513 urbe
1451 1487 1584 1513 sociorum
1599 1492 1703 1521 praetor

904 1524 1026 1550 eiusdem
1041 1524 1134 1559 populi
1149 1525 1325 1559 turpissimus
1336 1529 1416 1559 atque
1427 1524 1632 1558 impurissimus
1643 1533 1703 1551 eos-

904 1561 964 1588 dem
984 1561 1044 1588 illos
1063 1562 1127 1588 deos
1145 1561 1246 1588 nefario
1264 1561 1364 1588 scelere
1382 1561 1528 1588 auferebat.
1568 1561 1639 1594 Quid
1655 1562 1703 1588 hoc

904 1603 956 1625 tota
971 1599 1061 1625 Sicilia
1076 1603 1116 1625 est
1129 1599 1242 1630 clarius,
1265 1608 1346 1634 quam
1365 1607 1458 1626 omnes
1472 1598 1631 1634 Segestanas
1647 1608 1704 1625 ma-

904 1641 993 1663 tronas
1012 1641 1038 1662 ct
1056 1637 1174 1671 virgines
1192 1637 1364 1668 convenisse,
1384 1645 1470 1671 quum
1485 1637 1566 1662 Diana
1580 1641 1704 1671 exporta-

904 1678 977 1700 retur
990 1683 1023 1700 ex
1037 1673 1154 1709 oppido‘?
1179 1675 1292 1701 unxisse
1307 1673 1471 1710 unguentis?
1495 1673 1645 1708 complesse
1659 1683 1704 1700 co-

904 1712 977 1738 ronis
991 1716 1017 1738 et
1030 1711 1158 1738 floribus?
1172 1716 1230 1738 ture
1243 1711 1426 1746 odoribusque
1441 1711 1557 1737 incensis
1573 1720 1658 1746 usque
1669 1711 1702 1738 ad

904 1750 960 1785 agri
979 1749 1044 1775 sines
1065 1753 1218 1783 prosecutas
1238 1748 1316 1775 esse?
1353 1750 1396 1775 7⁸.
1419 1749 1490 1775 lianc
1504 1753 1533 1774 tu
1548 1753 1646 1775 tantam
1662 1758 1704 1775 re-

906 1787 1032 1823 ligionem
1047 1787 1071 1813 si
1087 1791 1143 1813 tum
1159 1787 1186 1813 in
1198 1787 1311 1821 imperio
1321 1791 1428 1821 propter
1438 1786 1612 1821 cupiditatem
1624 1791 1703 1821 atquc

904 1824 1042 1851 audaciam
1065 1833 1117 1851 non
1141 1824 1363 1859 pertimescebas:
1393 1832 1425 1850 ne
1448 1832 1520 1850 nunc
1541 1824 1652 1859 quidem
1676 1824 1702 1850 in

904 1866 975 1888 tanto
989 1866 1035 1888 tuo
1046 1861 1247 1896 liberorumque
1258 1866 1364 1888 tuorum
1376 1861 1495 1896 periculo
1505 1862 1704 1896 perhorrescis?

903 1899 988 1932 Quem
1013 1899 1060 1926 tibi
1085 1903 1131 1926 aut
1153 1899 1288 1925 hominem
1312 1899 1404 1925 invitis
1423 1899 1475 1925 diis
1494 1899 1700 1929 immortalibus,

903 1941 949 1963 aut
963 1945 1025 1964 vero
1039 1936 1130 1968 deum,
1147 1937 1226 1963 tantis
1240 1945 1332 1963 eorum
1347 1936 1523 1972 religionibus
1535 1936 1640 1963 violatis
1654 1945 1703 1963 au-

903 1974 970 2001 xilio
983 1974 1106 2001 futurum
1121 1973 1219 2009 putas?
1232 1974 1292 2000 Tibi
1307 1973 1351 2000 illa
1365 1974 1447 2000 Diana
1461 1974 1488 2000 in
1504 1982 1567 2008 pace
1580 1978 1660 2008 atque
1675 1975 1701 2000 iu

903 2013 955 2038 otio
969 2011 1126 2047 religionem
1141 2011 1243 2038 nullam
1257 2010 1364 2038 attulit?
1388 2020 1457 2046 quae
1476 2020 1560 2046 quum
1575 2011 1642 2038 duas
1658 2020 1703 2037 ur-

904 2049 963 2081 bes,
985 2049 1011 2076 in
1025 2049 1127 2084 quibus
1143 2048 1225 2076 locata
1240 2048 1338 2080 suerat,
1361 2053 1451 2083 captas
1469 2049 1648 2084 incensasque
1662 2050 1703 2075 vi—

903 2087 996 2118 disset,
1013 2087 1055 2113 bis
1068 2095 1102 2113 ex
1115 2086 1231 2113 duorum
1246 2086 1378 2113 bellorum
1392 2085 1497 2112 flamma
1512 2086 1635 2121 ferroque
1646 2095 1703 2112 ser—

904 2129 962 2150 vata
976 2128 1030 2157 est3
1046 2133 1116 2159 quae
1127 2124 1393 2159 Karthaginiensium
1405 2124 1513 2150 victoria
1531 2123 1587 2150 loco
1602 2129 1702 2150 inutato

903 2162 1058 2198 religionem
1074 2166 1161 2188 tamen
1178 2170 1228 2188 non
1247 2161 1350 2192 amisit,
1374 2162 1402 2187 P.
1418 2160 1533 2187 Africani
1550 2162 1646 2187 virtute
1662 2170 1702 2187 re-

904 2199 1030 2235 ligionem
1049 2199 1130 2225 simul
1150 2207 1212 2225 cum
1233 2198 1289 2225 loco
1303 2199 1478 2233 recuperavit.
1519 2198 1577 2230 Quo
1590 2198 1701 2233 quidem

903 2236 1003 2263 scelere
1020 2240 1159 2271 suscepto,
1180 2245 1265 2271 quum
1284 2237 1372 2262 inanis
1391 2240 1462 2262 essct
1479 2235 1567 2266 basis,
1587 2241 1613 2262 et
1630 2237 1657 2261 in
1672 2244 1701 2261 ea

903 2274 931 2300 P.
947 2273 1064 2300 Africani
1080 2282 1176 2300 nomen
1190 2274 1320 2299 incisum:
1350 2282 1390 2299 res
1410 2273 1519 2308 indigna
1538 2277 1618 2308 atque
1633 2273 1701 2299 into-

904 2311 1009 2337 leranda
1025 2310 1165 2337 videbatur
1175 2311 1311 2341 omnibus,
1328 2319 1379 2337 non
1390 2310 1478 2337 solum
1491 2310 1632 2345 religiones
1642 2318 1701 2336 esse

902 2348 1022 2379 violatas,
1039 2356 1133 2374 verum
1147 2348 1227 2374 etiam
1242 2348 1270 2374 P.
1287 2347 1413 2377 Africani,
1431 2347 1479 2373 viri
1496 2347 1643 2377 fortissimi,
1660 2355 1701 2374 re-

902 2394 962 2412 rum
980 2390 1117 2421 gestarum
1135 2384 1262 2419 gloriam,
1288 2385 1443 2411 memorium
1463 2385 1584 2415 virtutis,
1604 2393 1701 2411 monu-

902 2428 989 2449 menta
1001 2423 1124 2449 victoriae
1135 2423 1165 2448 C.
1178 2423 1284 2448 Verrem
1295 2422 1448 2448 sustulisse.
1470 2423 1512 2448 79.
1527 2421 1604 2454 Quod
1614 2430 1699 2457 quum

902 2461 946 2486 isti
961 2460 1157 2486 renuntiaretur
1170 2459 1203 2486 de
1218 2460 1275 2485 basi
1289 2468 1319 2486 ac
1339 2459 1446 2489 litteris,
1467 2459 1633 2486 existimavit
1653 2459 1700 2486 ho-

902 2498 988 2524 mines
1003 2498 1029 2524 in
1044 2496 1207 2523 oblivionem
1223 2497 1304 2523 totius
1319 2497 1419 2531 negotii
1438 2505 1496 2522 csse
1516 2501 1655 2527 venturos,
1676 2497 1698 2523 si

901 2536 980 2561 etiam
1001 2535 1100 2565 basim,
1122 2539 1258 2569 tamquam
1277 2534 1392 2560 indicem
1407 2535 1450 2560 sui
1463 2534 1586 2565 sceleris,
1606 2539 1699 2560 sustu-

903 2572 987 2599 lisset.
1029 2573 1120 2607 {tuque
1139 2571 1283 2598 tollendam
1303 2572 1382 2598 istius
1400 2572 1514 2606 imperio
1529 2571 1696 2601 locaverunt;

901 2618 971 2645 quae
989 2609 1066 2636 vobis
1085 2608 1179 2647 locatio
1196 2617 1229 2636 ex
1248 2609 1364 2644 publicis
1379 2610 1584 2643 Segestanorum
1605 2609 1698 2635 litteris

902 2647 988 2682 priore
1001 2647 1104 2674 actione
1114 2647 1219 2673 recitata
1230 2651 1279 2673 est.
1320 2646 1444 2673 XXXVI.
1459 2647 1494 2673 Te
1506 2655 1587 2678 nunc,
1600 2648 1627 2673 P.
1640 2647 1698 2673 Sci—

901 2685 958 2720 pio,
974 2689 1012 2716 te,
1028 2685 1153 2720 inquam.
1175 2683 1351 2711 lectissimum
1365 2684 1620 2720 ornatissimumque
1635 2684 1697 2710 ailo-
