1941 3052
319 145 495 174 EPISTOL.
517 145 565 171 AD
584 140 758 170 ATTICUM
779 139 849 167 LIB.
871 137 951 164 Vlll.
974 136 1029 162 ΕΡ.
1054 136 1094 161 15.
1118 135 1158 159 ⁴6.
1193 132 1263 159 LIB.
1286 130 1337 157 lx.
1358 130 1414 156 ΕΡ.
1442 131 1462 154 1.
1486 129 1509 154 2.

93 229 240 260 possumus
255 220 306 246 hoc
320 223 439 252 tempore
455 217 527 242 anni.
568 214 635 240 Illuc
648 217 747 242 autem,
760 218 814 245 quo
825 217 887 244 spe—

94 265 148 288 ctat
161 260 283 287 animus,
296 261 322 282 et
337 264 390 290 quo
402 263 444 280 res
459 257 549 283 vocat,
566 260 620 286 qua
633 248 760 276 veniam?
784 246 889 274 Ceden-

95 298 161 325 dum
181 296 255 322 enim
275 298 316 320 est
325 292 456 321 celeriter,
481 299 515 317 ne
526 289 591 316 forte
603 296 656 323 qua
667 296 695 314 re
707 284 840 320 impediar
850 287 890 310 at-

95 343 149 370 que
169 333 274 368 alliger.
314 331 369 357 Nec
388 337 451 355 vero
471 327 516 354 ille
532 335 575 353 me
590 325 677 355 ducit,
700 324 748 358 qui
769 321 887 352 videtum

96 380 179 407 quem
194 378 243 405 ego
256 368 395 395 hominem
406 364 624 393 ἀπολιτικώτατον
634 362 756 389 omnium
768 360 821 386 iam
832 361 891 384 ante

97 416 254 445 cognoram;
272 414 344 432 nunc
359 412 423 431 vero
436 403 516 430 etiam
528 398 795 437 ἇστρατηγικώτατον.
834 395 892 421 Non

99 455 142 473 me
151 446 235 481 igitur
245 445 269 470 is
280 443 368 473 ducit,
385 441 433 468 sed
444 448 532 467 sermo
543 438 698 466 hominum,
716 434 765 470 qui
781 433 814 460 ad
825 441 868 459 me
879 440 893 458 a

97 483 242 510 Philotimo
257 480 395 507 scribitur.
436 479 460 504 Is
475 477 548 503 enim
564 484 606 501 me
622 474 655 500 ab
670 471 846 508 optimatibus
859 469 895 495 ait

99 519 250 548 conscindi.
290 517 397 550 Quibus
408 513 584 550 optimatibus
592 533 598 543 ,
611 511 651 537 dii
661 508 743 537 boni‘?
752 509 801 544 qui
812 514 893 537 nunc,

100 566 155 593 quo
170 556 250 583 modo
265 553 422 582 occurrunt!
445 560 498 587 quo
517 549 595 577 modo
611 553 700 575 autem
714 555 743 572 se
759 544 897 572 venditant

101 594 221 622 Caesari!
235 589 552 626 Municipiaverodeum:
566 595 615 614 nec
626 583 763 614 simulant,
772 587 801 608 ut
812 589 897 615 quum

102 632 136 659 de
147 631 194 658 illo
209 634 317 665 aegroto
332 633 392 655 vota
405 626 547 653 faciebant.
587 623 641 650 Sed
651 622 745 657 plane,
762 617 898 655 quidquid

103 669 168 696 mali
179 669 223 695 hic
230 667 385 694 Pisistratus
396 673 449 691 non
461 663 561 692 fecerit,
574 666 628 688 tam
639 663 745 696 gratum
755 661 804 687 est,
817 663 900 691 quam

104 708 128 733 si
139 706 223 732 alium
235 704 321 731 facere
332 701 511 738 prohibuerit.
531 699 607 725 Hunc
617 696 764 732 propitium
775 697 897 728 sperant,
921 699 923 709 ¹

105 744 183 770 illum
195 743 292 769 iratum
302 744 406 776 putant.
446 738 518 770 Quas
530 736 587 762 fieri
597 742 690 761 censes
701 730 858 764 ἇπαντὴσεις
868 737 902 755 ex
922 737 924 746 >

104 780 228 816 oppidis!
249 786 317 814 quos
338 776 465 803 honores!
487 775 623 803 Metuunt,
647 770 765 805 inquies.
805 766 900 794 Credo.

105 818 159 845 Sed
179 815 333 843 mehercule
354 813 433 840 illum
454 812 551 846 magis.

107 856 207 882 mentia
218 853 396 883 delectantur,
413 849 488 876 illius
500 846 668 874 iracundiam
679 843 833 871 formidant.
859 842 904 867 lu—

108 893 183 920 dices
196 898 296 921 DCCCL,
313 889 361 924 qui
373 887 518 922 praecipue
531 885 618 912 Cnaeo
629 887 719 910 nostro
733 879 905 908 delectaban—

108 936 164 961 tur,
187 937 221 955 ex
235 927 338 962 quibus
353 924 474 960 quotidie
489 922 608 957 aliquem
624 920 717 950 video,
734 918 826 945 nescio
837 924 905 952 quas

108 968 168 994 eius
184 965 310 992 Lucerias
325 963 444 989 horrent.
484 961 577 995 Itaque
591 966 705 994 quaero,
727 956 776 991 qui
791 955 846 981 sint
861 953 906 980 isti

109 1005 265 1039 optimates,
287 1002 335 1036 qui
354 1008 397 1026 me
411 998 568 1028 exturbent.
591 1004 677 1031 quum
692 994 746 1029 ipsi
761 993 835 1019 domi
849 999 907 1017 ma-

110 1046 199 1069 neant.
231 1038 284 1067 Sed
295 1043 393 1068 tamen,
406 1037 573 1072 quicumque
587 1038 659 1064 sunt,
673 1031 793 1066 αἰδέομαι
805 1031 906 1065 Τρῶας.

109 1080 177 1109 Etsi,
189 1087 242 1113 qua
254 1084 301 1111 spe
313 1074 475 1110 proficiscar,
483 1073 577 1105 video3
590 1071 780 1105 coniungoque
792 1076 835 1093 me
845 1074 908 1093 cum

112 1117 221 1144 homine
229 1136 235 1146 ‚
253 1114 340 1149 magis
355 1112 388 1139 ad
400 1110 562 1138 vastandum
572 1108 676 1136 ltaliam
684 1128 690 1138 ,
707 1114 790 1141 quam
801 1104 835 1131 ad
847 1104 909 1130 vin-

111 1153 229 1181 cendum
241 1156 341 1187 parato.
381 1150 509 1179 Denium,
527 1155 609 1182 quem
624 1149 759 1180 exspecto.
799 1143 833 1169 Et
847 1142 910 1176 qui-

112 1191 184 1222 dem,
198 1198 283 1226 quum
295 1188 360 1214 haec
371 1186 533 1217 scribebam,
547 1192 583 1210 xv.
594 1184 692 1213 Nonas,
706 1182 759 1208 iam
770 1183 910 1214 exspecta-

113 1229 176 1255 bam
201 1225 306 1262 aliquid
321 1234 336 1251 a
350 1223 505 1251 Brundisio.
545 1220 617 1254 Quid
632 1224 722 1246 autem
742 1216 847 1253 aliquid
858 1226 907 1241 —z

114 1274 197 1302 quam
208 1264 272 1291 inde
282 1263 396 1297 turpiter
406 1261 529 1296 fugisset,
537 1264 563 1286 et
573 1259 658 1285 victor
669 1257 713 1283 hic
724 1263 776 1291 qua
789 1263 817 1281 se
828 1253 912 1280 refer-

115 1308 168 1334 ret,
185 1307 212 1329 et
223 1310 287 1337 quo.
328 1299 405 1332 Quod
416 1299 464 1325 uhi
475 1297 628 1327 audissem,
646 1296 669 1322 si
680 1293 725 1321 ille
738 1293 824 1328 Appia
835 1291 912 1318 veni-

115 1345 163 1371 ret,
177 1348 227 1376 ego
237 1338 370 1374 Arpinum
381 1335 543 1372 cogitabam.

415 1449 618 1464 r-——oon--m

500 1612 542 1638 98.

309 1676 481 1708 LlBER
523 1673 726 1705 NONUS.

176 1785 194 1805 A
201 1783 253 1804 RG.
273 1783 320 1803 Hoc
334 1781 392 1802 libro
406 1779 550 1801 continentur
559 1778 648 1799 litterae
658 1777 685 1797 de
694 1776 760 1796 rebus
770 1774 830 1795 intrs
840 1771 921 1798 viginti

124 1820 170 1841 fere
180 1819 228 1840 dies
238 1817 316 1844 gestis.
340 1817 396 1838 Post
406 1815 480 1836 varios
491 1820 590 1835 rumores
600 1814 640 1834 Cn.
650 1810 771 1838 Pompeius
779 1807 921 1829 Brundisium

123 1862 172 1876 curn
191 1857 251 1876 XXX
266 1852 366 1874 millibus
382 1851 477 1872 militum
492 1849 578 1875 fugisse
592 1851 628 1869 lx.
645 1851 667 1867 et
677 1846 760 1867 frustra
770 1850 845 1872 pacem
854 1841 921 1863 resti-

125 1894 187 1911 tuere
205 1892 298 1910 conatus
311 1890 371 1909 ΜΗ.
387 1893 414 1907 ne
430 1892 441 1906 s
452 1885 548 1906 caesare
558 1881 675 1904 Brundisii
691 1883 856 1908 oppugnaretur
865 1881 920 1899 ΧΠ.

125 1925 164 1946 niu
182 1924 263 1945 dubins
277 1926 316 1944 Xl.
331 1922 418 1942 tandem
433 1920 457 1941 in
470 1918 622 1942 Macedonium
637 1920 693 1938 XVI.
708 1914 759 1936 Kal.
771 1913 843 1942 April.
855 1912 922 1933 truie-

125 1959 185 1981 cisse
203 1962 247 1980 xv.
266 1956 356 1978 dicitur.
385 1955 537 1976 Praemiserat
556 1956 627 1974 nutem
647 1958 706 1972 con.
723 1950 841 1978 plerusque
855 1946 924 1972 magi-

126 1997 212 2016 stratus
227 1996 248 2014 et
263 1995 377 2013 senatores
393 1994 429 2012 ιΧ,
452 1989 518 2011 Multi
529 1987 618 2009 interim
628 1987 718 2007 Rumam
729 1984 925 2009 commigraverunt

129 2034 134 2051 Ι
147 2046 153 2053 ,
164 2028 269 2049 Caesaris
279 2030 354 2054 partes
364 2024 443 2047 secuti.
454 2031 518 2051 quum
529 2030 542 2044 u
552 2021 636 2050 Lepido
647 2020 749 2048 quae-tiu
760 2018 840 2044 agitari
848 2021 925 2044 coeptu

128 2069 162 2086 est
172 2065 199 2085 de
208 2065 320 2091 potestate
329 2061 441 2089 praetoria
451 2059 541 2081 comitis
551 2056 679 2079 consularia
690 2053 792 2078 habendi,
805 2056 839 2074 lx.
847 2052 925 2073 Cicero

129 2103 210 2123 nutem,
221 2097 323 2125 Pompeii
334 2096 440 2117 beneficia
449 2099 562 2122 reputans,
574 2092 640 2113 liuius
650 2096 750 2112 caustum
762 2087 864 2115 amplecti
875 2094 925 2108 cori-

129 2134 213 2155 nituit.
243 2133 286 2154 Sed
305 2131 410 2153 Caesarie
428 2129 513 2151 lineri·
529 2132 563 2149 Vl.
579 2130 601 2148 et
614 2130 670 2148 Χὶι.
686 2123 824 2146 sollicitatus
838 2126 925 2143 cunma-

130 2173 174 2194 ειη,
193 2169 261 2190 θέσεις
271 2166 374 2189 nahra&
394 2169 475 2187 tractat
494 2168 528 2185 lV.
548 2167 584 2184 [X-
599 2169 624 2183 ue
639 2161 725 2182 landem
741 2158 803 2186 pacis
816 2157 928 2184 interpres

131 2211 180 2226 ens
199 2203 245 2225 sibi
262 2202 357 2223 videtur.
387 2201 464 2227 ltaque
479 2201 596 2221 caesarem
610 2195 731 2217 Brundisio
747 2194 874 2214 redeuntem
889 2198 928 2212 ex-

131 2242 217 2267 spectnt
234 2241 280 2260 XV.
294 2240 360 2258 xvn.
377 2236 415 2257 seu
431 2237 481 2262 post
496 2232 630 2259 colloquium
646 2231 702 2258 reip.
712 2227 826 2251 libertatis
836 2231 857 2248 et
868 2226 929 2254 puris

131 2274 214 2299 exigua
231 2272 302 2294 adhuc
317 2275 353 2292 lx.
371 2277 410 2298 spe
420 2272 483 2297 plane
492 2267 580 2289 abiectu
589 2270 649 2288 ΧΙΧ.
678 2264 808 2292 Pompeium
819 2261 882 2289 nequi
892 2262 929 2282 ‹le-

131 2309 210 2331 cernit.
240 2308 319 2329 insunt
338 2305 403 2327 etiam
419 2305 460 2325 huc
474 2303 497 2324 in
512 2303 570 2324 libro
581 2300 691 2330 epistol-e
700 2299 786 2321 lineri·
795 2299 821 2319 nil
832 2297 931 2319 Atticum

132 2345 260 2367 adiunctae:
279 2340 383 2364 cae-nri·
399 2340 425 2360 tul
441 2339 571 2360 Ciceronem
585 2341 620 2358 vl.
634 2339 691 2357 ΧΠ.
712 2333 828 2356 Ciceronis
839 2333 865 2353 tul
877 2334 931 2353 Cne-

131 2387 202 2402 larem
219 2383 257 2401 Xl.
286 2376 352 2398 Balbi
370 2376 397 2396 ud
412 2374 540 2396 Ciceronem
557 2375 601 2393 vn.
615 2375 674 2393 xlll.
709 2369 773 2391 llnlhi
788 2373 809 2390 et
824 2367 891 2395 Oppii
906 2367 932 2387 ud

133 2415 262 2437 Ciceronem
277 2416 323 2433 Vll.
348 2409 453 2432 Caesaris
464 2409 489 2430 nil
502 2407 594 2429 nulnum
604 2405 726 2433 etOppium
738 2408 783 2425 Πι,
793 2406 852 2424 xm.
877 2403 932 2423 Cne-

134 2449 192 2472 rnris
211 2449 238 2470 sil
253 2450 280 2473 (ι.
296 2445 389 2469 Pedium
400 2448 456 2466 xiv.
476 2443 542 2465 Mutii
552 2446 573 2464 et
583 2440 687 2463 Trebatii
697 2440 724 2460 ad
736 2438 863 2460 eicon-onem
875 2440 931 2458 xvi.

134 2484 280 2513 epistolarum
295 2481 366 2503 Attici
381 2481 408 2501 ud
423 2479 550 2502 Ciceronem
568 2477 613 2498 luci
629 2475 714 2503 uliquut
729 2478 756 2495 x.
776 2473 872 2500 Reliqua
881 2474 933 2492 sunt

134 2520 232 2548 privata:
255 2518 283 2538 «le
296 2516 383 2538 Tirone
392 2518 460 2536 xvn.
476 2514 503 2535 de
516 2512 563 2533 filiu
579 2516 630 2537 toga
639 2517 694 2539 pur·
704 2508 784 2537 Arpini
799 2515 811 2528 n
822 2514 846 2528 ιο
855 2509 933 2528 urnnto

135 2557 195 2577 X1X.
222 2552 332 2575 Iudicium
350 2552 377 2572 ule
386 2549 497 2575 Dionysio
513 2555 574 2569 sunm
590 2547 630 2573 (ef.
642 2549 698 2569 ΠΗ,
712 2548 732 2565 ⁴.
744 2547 765 2565 et
775 2546 818 2568 ια)
833 2541 932 2563 ιὶοῖοηιίἰι

137 2593 184 2611 XV.
200 2589 234 2610 De
243 2587 328 2609 litteris
337 2585 395 2607 nihil
405 2587 509 2606 memorat
520 2583 565 2604 nisi
575 2583 642 2604 ινίσιις
652 2579 756 2601 πολιτικάς
764 2578 817 2599 inn-
827 2581 849 2599 οἱ
859 2577 937 2598 librum

137 2621 247 2644 Demetrii
264 2621 291 2642 (le
309 2627 364 2649 pnee
379 2619 496 2642 remi-mm
512 2622 550 2640 ΙΧ.
571 2617 639 2638 Liber
654 2614 724 2636 nutri
737 2615 753 2636 F
763 2612 937 2640 dignmmnteiu-

137 2657 235 2685 scriptus
246 2660 284 2678 lx.
295 2655 469 2678 Foeneraturius
479 2654 573 2675 videtur.

591 810 678 835 Hums
698 806 829 833 ¹⁰S¹d¹⁰⁵³
848 803 903 830 ⁰¹⁰-
924 820 926 837 ⁴=
955 818 1059 845 Gnaeus
1079 820 1168 842 noster
1183 818 1243 840 ante
1258 811 1370 848 putabat
1380 809 1556 837 Brundisium
1568 812 1695 834 venturos
1707 814 1749 831 es-

925 878 927 884 .
955 864 997 885 se,
1020 862 1102 889 quam
1117 861 1160 883 se,
1178 852 1222 877 ius
1235 850 1334 877 dicere.

1682 128 1730 153 883

992 205 1009 226 1.
1038 208 1068 229 (In
1077 204 1185 225 Formiano,
1195 202 1294 223 Marcella,
1304 201 1385 220 Lentulo
1396 206 1442 218 coss.
1453 198 1508 220 70⁵.)

1124 245 1291 275 CICERO
1320 241 1488 271 ATTICO
1517 241 1544 267 S.

1000 298 1022 321 l.
1043 290 1120 324 Etsi,
1137 301 1223 328 quum
1243 296 1272 318 tu
1293 291 1341 316 has
1357 289 1458 316 litteras
1473 287 1590 323 legeres,
1607 285 1736 321 putabam

943 334 1007 364 fore,
1020 337 1050 359 ut
1060 332 1158 358 scirem
1168 327 1307 363 iam‚quid
1317 326 1456 354 Brundisii
1466 329 1555 351 actum
1567 327 1651 355 esset3
1665 322 1737 356 (nam

944 371 1061 398 Canusio
1080 377 1119 395 ix.
1136 367 1195 394 Kal.
1213 365 1348 401 profectus
1364 368 1419 390 erat
1429 363 1547 394 Gnaeus,
1571 361 1637 387 haec
1649 364 1738 386 autem

945 407 1097 434 scribebam
1117 404 1206 440 pridie
1220 404 1324 433 Nonas,
1339 409 1397 427 xxv.
1414 400 1459 426 die
1474 403 1618 434 postquam
1633 396 1678 423 ille
1690 396 1740 423 Ca-

946 445 1024 472 nusio
1036 446 1155 470 moverat
1164 442 1181 477 ‚)
1200 446 1289 468 tamen
1303 438 1421 474 angebar
1432 436 1602 472 singularum
1613 435 1740 461 horarum

946 481 1158 517 exspectatione:
1181 478 1362 512 mirabarque,
1375 475 1444 502 nihil
1455 474 1565 500 allatum
1579 479 1742 502 essemeru·

948 520 1030 546 moris
1053 517 1175 553 quidem.
1216 516 1284 542 Nam
1303 518 1360 540 erat
1380 513 1480 539 mirum
1498 510 1648 537 silentium.
1689 507 1742 534 Sed

948 557 1015 584 haec
1035 555 1146 583 fortasse
1165 551 1332 580 κενόσπουδη
1346 555 1422 577 sunt:
1444 557 1514 584 quae
1525 552 1614 574 tamen
1625 547 1678 572 iam
1690 545 1744 571 sci—

950 599 1028 621 antur
1037 600 1148 620 necesse
1158 595 1207 617 est.
1247 591 1273 616 2.
1295 587 1365 615 Illud
1377 586 1529 616 molestum,
1546 593 1588 611 me
1600 583 1689 610 adhuc
1700 583 1743 608 in-

951 631 1084 666 vestigare
1098 638 1152 656 non
1167 635 1260 663 posse,
1276 626 1325 652 ubi
1340 626 1369 651 P.
1383 623 1512 651 Lentulus
1528 627 1617 649 noster
1631 622 1679 651 sit,
1696 619 1745 645 ubi

950 669 1093 695 Domitius.
1134 665 1239 698 Quaero
1253 668 1352 692 autem,
1368 670 1422 697 quo
1433 660 1540 687 facilius
1551 660 1620 686 scire
1632 657 1743 693 possim,

952 705 1019 741 quid
1040 704 1125 731 acturi
1141 703 1207 733 sint;
1235 701 1335 728 iturine
1349 699 1382 725 ad
1395 699 1567 733 Pompeium;
1591 701 1624 725 et,
1639 696 1662 721 si
1672 699 1743 720 sunt.

952 752 1005 778 qua
1025 741 1167 777 quandove
1183 740 1248 766 ituri
1259 739 1323 764 sint.
1363 736 1462 763 Urbem
1477 734 1589 770 quidem
1600 735 1653 759 iam
1665 731 1748 758 reser-

954 786 1008 807 tam
1019 787 1079 806 esse
1093 777 1265 813 optimatium
1281 774 1375 805 audio;
1399 773 1507 799 Sosium
1519 777 1545 798 et
1556 772 1748 805 Lupum,quos

1375 848 1443 874 Hinc
1458 855 1522 873 vero
1540 845 1622 880 vulgo
1637 843 1747 869 vadunt.

955 893 1043 919 Etiam
1054 891 1096 917 Μ’.
1114 888 1244 924 Lepidus,
1259 894 1377 922 quocum
1389 885 1462 911 diem
1473 888 1608 910 conterere
1620 880 1750 907 solebam.

956 939 1015 957 cras
1025 927 1169 964 cogitabat.
1191 927 1216 952 3.
1229 925 1283 951 Nos
1291 923 1415 950 autemin
1422 918 1750 948 Formianomorabamun

957 976 1011 1003 quo
1028 967 1110 993 citius
1125 963 1295 991 audiremus:
1319 960 1417 987 deinde
1435 959 1568 994 Arpinum
1584 956 1750 983 volebamusv

958 1005 1037 1036 Inde,
1060 1004 1111 1030 iter
1126 1010 1179 1037 qua
1195 1000 1314 1027 maxime
1330 997 1513 1030 ἀναπάνιητον
1528 999 1611 1024 esset,
1635 993 1668 1019 ad
1682 1001 1754 1018 mare

959 1049 1099 1078 superum,
1113 1039 1222 1066 remotis
1233 1038 1291 1064 sive
1303 1035 1413 1063 omnino
1423 1034 1516 1060 missis
1528 1031 1678 1058 lictoribus.
1700 1030 1756 1055 Au-

959 1080 1005 1107 dio
1025 1080 1112 1109 enim,
1137 1076 1216 1103 bonis
1236 1075 1317 1105 viris,
1340 1073 1389 1108 qui
1408 1078 1435 1099 et
1454 1078 1526 1097 nunc
1545 1074 1571 1096 et
1586 1077 1665 1103 saepe
1681 1072 1756 1093 antea

961 1125 1058 1153 magno
1076 1114 1212 1151 praesidio
1232 1110 1398 1146 reipublicae
1419 1109 1541 1139 fuerunt,
1564 1107 1633 1133 hauc
1648 1109 1758 1132 cuncta-

961 1157 1061 1182 tionem
1078 1157 1195 1180 nostram
1212 1159 1265 1177 non
1281 1148 1403 1184 probari,
1420 1145 1560 1180 multaque
1575 1145 1603 1170 in
1619 1151 1662 1169 me
1677 1147 1702 1168 et
1715 1149 1758 1167 se—

961 1201 1033 1224 vere,
1046 1193 1075 1218 in
1088 1189 1223 1217 conviviis
1235 1185 1404 1221 tempestivis
1415 1183 1537 1220 quidem,
1551 1181 1694 1215 disputari.
1710 1179 1759 1205 Ce-

962 1231 1059 1257 damus
1078 1229 1171 1263 igitur,
1189 1230 1223 1256 et,
1241 1229 1270 1251 ut
1281 1224 1345 1250 boni
1356 1223 1430 1249 cives
1441 1222 1538 1250 simus,
1557 1219 1659 1245 bellum
1670 1215 1759 1244 Italiac

963 1273 1032 1295 terra
1052 1266 1176 1300 marique
1194 1262 1356 1291 inferamus,
1379 1264 1405 1286 et
1421 1258 1482 1286 odia
1499 1256 1685 1292 improborum
1702 1262 1761 1280 rur-

963 1314 1010 1332 sus
1026 1305 1054 1331 in
1070 1311 1128 1333 nos,
1141 1309 1211 1336 quae
1226 1300 1280 1326 iam
1292 1298 1424 1325 exstincta
1435 1300 1518 1325 erant,
1536 1292 1723 1320 incendamus.
1737 1295 1761 1316 et

964 1342 1074 1370 Lucceii
1084 1338 1197 1366 consilia
1209 1346 1239 1364 ac
1249 1335 1409 1370 Theophani
1420 1339 1625 1368 persequamur.
1661 1331 1682 1356 4.
1695 1329 1761 1354 Nam

965 1380 1057 1415 Scipio
1069 1377 1111 1405 vel
1124 1377 1151 1403 in
1163 1376 1272 1411 Syriam
1285 1372 1472 1408 proficiscitur,
1486 1374 1568 1401 sorte·7
1588 1367 1630 1394 vel
1642 1374 1704 1393 cum
1715 1373 1763 1401 ge-

967 1426 1044 1448 nero,
1068 1416 1193 1445 honestc3
1216 1411 1259 1438 vel
1272 1411 1412 1438 Caesarem
1424 1408 1493 1443 fugit
1506 1408 1617 1433 iratum:
1645 1401 1764 1430 Marcelli

967 1454 1088 1491 quidem,
1103 1452 1156 1478 nisi
1167 1449 1290 1486 gladium
1301 1447 1423 1474 Caesaris
1437 1445 1601 1473 timuissent,
1615 1444 1762 1468 manerent.

968 1493 1073 1528 Appius
1088 1494 1114 1516 et
1128 1488 1223 1515 eodem
1238 1487 1333 1513 timore
1347 1489 1373 1511 ct
1383 1483 1588 1511 inimicitiarum
1600 1479 1762 1507 recentiun1;

969 1535 995 1557 et
1014 1534 1103 1556 tamen
1122 1530 1227 1561 practer
1242 1524 1315 1550 hunc
1331 1527 1356 1549 et
1371 1522 1401 1548 C.
1418 1520 1542 1547 Cassium
1558 1516 1656 1551 reliqui
1674 1515 1763 1551 legati.

969 1569 1085 1594 Faustus
1096 1566 1285 1600 proquaestor:
1306 1568 1356 1595 ego
1367 1557 1501 1588 unus,cui
1513 1554 1648 1582 utrumvis
1661 1552 1763 1583 licere13

971 1605 1051 1632 frater
1072 1601 1192 1631 accedet3
1225 1607 1307 1634 quem
1328 1597 1432 1623 socium
1453 1594 1536 1621 huius
1557 1592 1676 1619 fortunae
1697 1597 1765 1616 esse.

972 1651 1025 1669 non
1044 1644 1100 1667 crat
1116 1645 1247 1673 aequum:
1270 1636 1314 1662 cui
1330 1634 1417 1670 magis
1429 1633 1508 1659 etiam
1520 1630 1616 1657 Caesar
1629 1629 1766 1654 irascetur.

972 1679 1025 1707 Sed
1036 1679 1178 1713 impetrare
1191 1683 1242 1701 non
1254 1681 1374 1708 possum,
1388 1676 1418 1698 ut
1428 1673 1542 1696 maneat.
1579 1666 1708 1693 Dabimus
1721 1663 1769 1689 hoc

972 1717 1113 1751 Pompeio,
1135 1712 1208 1748 quod
1229 1711 1371 1737 debemus.
1416 1708 1484 1734 Nam
1505 1714 1547 1732 me
1567 1703 1679 1739 quidem
1701 1700 1770 1727 alius

973 1763 1052 1781 nemo
1073 1756 1175 1779 movet:
1209 1758 1260 1775 non
1276 1756 1365 1774 sermo
1380 1746 1525 1773 bonorum,
1543 1742 1590 1777 qui
1607 1739 1675 1767 nulli
1692 1743 1768 1765 sunt.

974 1801 1027 1819 non
1048 1798 1157 1819 caussa,
1183 1795 1251 1822 quae
1268 1791 1324 1812 acta
1341 1783 1434 1811 timide
1452 1787 1505 1811 est,
1529 1784 1623 1815 agetur
1639 1775 1770 1811 improbe.

974 1830 1035 1860 Uni,
1053 1828 1102 1854 uni
1118 1827 1168 1853 hoc
1178 1824 1285 1854 damus,
1303 1831 1336 1849 ne
1347 1821 1374 1848 id
1385 1820 1497 1856 quidem
1509 1816 1622 1853 roganti,
1636 1823 1683 1841 nec
1696 1822 1772 1839 suam

974 1874 1100 1894 caussam
1114 1864 1153 1899 (ut
1169 1862 1215 1896 ait)
1229 1861 1328 1896 agenti,
1346 1858 1393 1885 sed
1410 1857 1559 1893 publicani,
1600 1853 1639 1879 Tu
1651 1850 1717 1887 quid
1729 1859 1774 1876 co-

977 1905 1046 1941 gites
1058 1903 1091 1929 de
1103 1898 1267 1929 transeundo
1282 1898 1308 1924 in
1320 1898 1443 1931 Epirum,
1458 1894 1526 1920 scire
1538 1900 1602 1918 sanc
1615 1889 1706 1916 velim.

1031 1973 1076 1993 11Δι.
1105 1973 1135 1996 (Ιιι
1145 1971 1253 1990 Formiano,
1262 1970 1362 1988 Mancelno.
1373 1969 1393 1987 Ιιν
1402 1967 1454 1984 ululo
1465 1972 1511 1983 uus.
1523 1965 1559 1981 70³1
1571 1965 1577 1982 Ἰ

1165 2013 1334 2041 CICERO
1364 2007 1532 2038 ATTICO
1562 2006 1588 2031 S.

1033 2050 1094 2080 Etsi
1116 2053 1200 2079 Nonis
1213 2052 1288 2077 Mart.
1304 2049 1348 2076 dic
1363 2054 1417 2078 tuo.
1431 2052 1460 2074 ut
1470 2046 1574 2080 opinor,
1588 2040 1776 2076 exspectabam

978 2091 1120 2126 epistolam
1141 2099 1154 2115 a
1172 2094 1196 2115 tc
1214 2088 1374 2123 longiorem:
1403 2090 1490 2111 tamen
1503 2082 1536 2108 ud
1548 2089 1605 2108 eum
1620 2080 1704 2113 ipsam
1718 2077 1777 2102 brc-

980 2138 1050 2158 vem.
1072 2136 1154 2163 quam
1171 2134 1206 2151 ir.
1225 2126 1314 2151 Nonas
1329 2124 1382 2151 ὑπὸ
1400 2123 1442 2156 τὴν
1458 2122 1535 2153 λῆψιν
1550 2118 1663 2144 dedisti,
1683 2115 1777 2140 rescri—

981 2165 1100 2192 bendum
1120 2163 1225 2199 putavi.
1267 2161 1391 2188 Gaudere
1412 2159 1452 2185 ais
1467 2163 1505 2186 te.
1524 2155 1656 2182 mansisse
1675 2160 1730 2177 me:
1755 2155 1778 2175 ct

981 2202 1079 2229 scribis
1100 2202 1126 2227 in
1147 2199 1280 2226 sententia
1300 2203 1324 2224 tc
1345 2205 1462 2224 numere.
1504 2193 1570 2219 Mihi
1591 2196 1679 2217 nutem
1698 2196 1779 2221 supe-

982 2239 1099 2266 rioribus
1111 2237 1206 2264 litteris
1218 2235 1344 2262 videbare
1357 2243 1409 2261 non
1421 2232 1554 2260 dubitare,
1567 2229 1634 2263 quin
1645 2226 1778 2253 cederem.

984 2279 1028 2307 ita.
1046 2277 1070 2303 si
1081 2281 1107 2302 et
1117 2275 1222 2302 Gnaeus
1235 2273 1303 2299 beno
1314 2272 1457 2298 comitatus
1470 2265 1671 2294 conscendisset
1682 2268 1707 2289 et
1717 2270 1780 2288 con-

983 2314 1057 2341 sules
1078 2312 1246 2340 transissent.
1288 2309 1382 2336 Utrum
1405 2308 1453 2333 hoc
1470 2311 1497 2332 tu
1513 2311 1608 2340 purum
1625 2300 1782 2327 cornuwmi-

985 2352 1062 2381 nisti,
1085 2358 1118 2376 nn
1138 2357 1188 2384 ego
1203 2356 1254 2374 non
1270 2344 1483 2374 sntisintellexi,
1501 2351 1533 2368 an
1551 2339 1659 2367 mutasti
1675 2341 1782 2363 senten-

986 2388 1068 2416 tiam?
1078 2386 1131 2414 Sed
1143 2390 1188 2413 aut
1199 2393 1232 2411 ex
1244 2383 1366 2419 epistola.
1374 2383 1599 2418 quamexspecto.
1609 2375 1781 2411 perspiciam.

985 2426 1053 2461 quid
1068 2425 1179 2452 sentias,
1195 2426 1241 2448 aut
1256 2421 1322 2448 alias
1334 2421 1382 2446 abs
1394 2425 1417 2446 tc
1431 2418 1530 2444 litteras
1541 2414 1657 2441 elicium.
1699 2412 1784 2437 Bruu-

986 2464 1057 2490 disio
1069 2461 1206 2489 nihildum
1217 2463 1273 2486 erat
1283 2458 1404 2486 allatum.

1043 2550 1062 2570 11
1070 2550 1089 2570 Ιι,
1109 2549 1180 2576 (ihre
1191 2555 1203 2568 n
1213 2545 1319 2567 Senatui·-
1331 2548 1350 2564 ει
1363 2546 1391 2563 Or
1411 2550 1423 2562 ιι
1433 2539 1548 2568 :superiore
1559 2537 1655 2565 epistula
1666 2536 1767 2557 seiuucm
1780 2536 1786 2558 )

1173 2591 1341 2620 ClCEun
1371 2586 1539 2614 ATTMIO
1568 2585 1595 2609 S.

1048 2634 1070 2659 l.
1093 2626 1122 2658 Ο
1143 2638 1200 2657 rem
1218 2627 1358 2656 difficilem
1375 2624 1508 2660 planeque
1530 2620 1674 2657 perditam!
1701 2618 1786 2650 Quam

993 2669 1060 2698 nibil
1083 2667 1272 2704 praetermittis
1293 2666 1321 2692 in
1341 2662 1454 2690 consilio
1474 2659 1575 2688 dando!
1612 2665 1694 2693 qunm
1720 2654 1787 2682 nihil

1502 2709 1544 2734 111
1563 2705 1573 2718 ⁹
