1941 3052
248 154 297 179 575
710 152 751 176 53.
787 150 821 175 M.

247 222 277 242 tl·
291 221 412 242 euerritu-
427 224 471 245 τοι,
486 224 509 240 ut
524 219 566 239 iim
581 218 678 239 ultim-m
689 218 768 238 timu-n·
777 217 799 238 ln
811 217 908 238 tribunal
920 224 932 238 ι
942 217 1041 238 llumitlo
1061 220 1063 230 v

247 256 388 284 recipere-tur,
419 258 487 279 tnnom
507 256 534 274 nb
552 260 650 273 ‹ntia-nm
667 253 695 273 Μ.
711 252 843 276 Murcum,
859 256 883 272 ut
897 252 945 279 lpse
955 252 1018 276 Milo.
1029 259 1042 272 ι

247 291 345 312 inmittit»
365 289 498 317 pru-tutum
518 288 696 314 implora-mint.
725 288 820 307 Sedotmt
839 293 864 307 eu
884 290 981 314 ternpore
999 288 1040 307 Cn.

248 326 366 353 ''aninpriua
382 326 407 344 ιιΙ
419 323 526 344 mart-m·
534 339 538 345 .
551 324 734 349 partui-betunque
745 326 791 342 ent
802 322 876 342 eodem
887 321 928 342 illo
937 321 1040 342 elamore.

247 403 303 417 rum.
320 395 384 420 idque
404 392 468 416 fer-iv.
488 399 554 418 quare
573 392 646 411 territi
657 391 761 412 Clodiani
772 391 864 412 silentiu
874 392 941 411 verb·
951 391 1039 411 testium

246 437 284 457 per
305 429 392 448 biduum
408 427 480 447 audiri
497 427 558 454 panni
568 431 627 446 ιιιιιι.
657 430 849 451 interrogaverunt
865 433 903 446 eo·
913 426 942 446 Μ.
955 426 1040 450 cicera.

245 498 394 519 iniimunium
409 497 515 517 dixerunt
527 497 554 517 do
568 496 606 521 iis,
617 503 673 523 quae
682 496 715 516 ibi
726 496 784 516 fatt-
794 500 864 521 erunt,
875 503 994 523 cauponem
1005 504 1040 517 oc-

245 534 312 554 cim-n
322 549 328 557 ‚
344 534 455 552 tabern-m
467 536 611 559 expugnatum
619 547 624 555 ,
635 539 715 558 corpu·
725 531 800 552 Clodii
810 531 833 551 in
844 531 955 559 publicum
967 535 1040 552 utn-
1062 537 1069 554 ¹,

244 573 300 589 ctum
311 575 368 588 ene.
390 567 492 592 Virgine·
502 574 587 593 qunque
598 566 811 587 Venulo-dixerunt
820 567 933 587 mutierem
943 566 1040 592 igr-oum

245 603 332 623 tonino
347 603 372 623 nd
389 610 424 626 ne.
436 609 491 629 quae
503 601 595 622 Miloni·
607 602 708 622 mandatu
719 606 791 622 votum
803 602 908 627 nolveret,
921 603 977 629 quod
989 602 1040 623 (Ίυ-
1061 618 1063 625 ,

243 638 294 659 diu·
313 637 400 658 occium
419 640 486 657 enet.
516 637 613 658 ultim-e
622 636 772 657 testimonium
783 637 897 661 dixerunt,
909 637 1040 665 Semproni·

243 672 354 694 'l'uditnni
367 672 426 697 tilia,
441 679 518 693 socru·
533 673 557 693 P.
571 671 644 693 Clodii
655 674 677 692 et
686 679 743 692 uxor
753 672 839 696 Fulvia,
851 676 873 693 et
880 673 934 693 fletu
945 680 984 693 nuo
996 679 1039 692 m·-

243 716 285 733 gno
301 714 366 735 opero
380 714 431 732 eon,
451 706 489 733 qui
498 707 608 731 utut-nni,
619 710 788 727 commoverunt.
822 707 921 728 Dimino
932 707 990 728 circa
1001 707 1039 727 lio-
1060 729 1062 736 Ι

244 750 287 764 rnm
303 742 407 764 decimum
422 741 506 762 iudicio
517 742 546 762 T.
559 741 672 762 Munatius
682 749 722 769 pro
732 742 838 763 concione
846 742 950 770 populum
961 743 1039 763 *dt-or-

243 781 302 798 turu-
318 780 358 802 ent,
375 780 400 797 ut
410 779 498 804 postero
515 776 551 797 die
562 776 665 803 frequen·
675 777 770 802 nitunt,
782 781 803 798 et
813 777 872 798 elam
881 777 986 798 Milonem
997 785 1039 798 non

243 817 363 840 plueretur,
374 811 524 839 iudiciumque
534 815 555 832 et
565 811 660 832 dolorem
672 819 733 832 nuum
744 813 878 833 ostenderet.
892 813 1002 833 nuntii-n·
1012 813 1038 833 od

243 847 346 868 tabell-m
364 847 473 867 ferendum
485 851 574 874 postero
584 846 621 867 die
630 846 751 871 iuditibus,
763 847 800 873 qui
812 847 855 867 fuit
865 847 944 868 iudicii
955 848 1039 875 primun

243 890 262 903 u.
273 883 295 902 d.
307 883 345 903 Vi.
366 883 398 903 td.
410 881 504 909 Aprilis,
515 881 604 902 eluunt
615 882 704 902 fuerunt
714 885 760 902 tot·
771 883 830 903 Urbe
840 883 956 907 tabernam
975 890 1037 910 pue-

243 918 302 939 nidiu
320 918 343 938 iu
363 917 424 941 foro,
440 920 462 937 et
475 917 534 937 eirca
549 923 624 937 omne·
639 917 682 937 fori
699 917 774 937 utitu-
784 917 904 945 Pompeius
914 917 1038 945 diupo-uit·⁸

215 962 219 969 .
242 953 291 980 ipre
305 960 344 980 pro
359 952 458 976 ner-rio.
474 955 499 972 ut
512 951 711 979 pridie,ronnedit,
722 955 799 979 neptus
809 952 896 973 detect-
905 959 968 973 mnnu
979 952 1038 973 mili·
1059 957 1067 995 vJ
1091 970 1170 992 testas
1186 965 1262 992 vobis
1278 965 1414 992 iudicandi
1430 965 1489 997 fuit·
1503 966 1525 993 si
1539 966 1655 1002 denique
1671 975 1799 1002 umquam
1812 966 1886 994 locus

1066 1017 1067 1023 κ
1090 1002 1320 1038 amplissimorum
1335 1003 1460 1030 ordinum
1475 1003 1586 1030 delectis
1602 1004 1666 1030 viris
1682 1004 1761 1030 datus
1775 1009 1824 1035 est,
1839 1004 1886 1031 ubi

242 991 296 1008 tum.
324 987 419 1009 Sortitio
430 987 510 1007 deinde
517 987 623 1011 iudicum,
634 990 658 1007 ut
668 987 738 1014 primu
749 987 786 1008 die
796 988 854 1008 foetu
864 991 910 1012 ent3
929 991 979 1015 post
990 991 1037 1008 tan-

243 1027 286 1043 tum
299 1022 412 1043 nitentium
423 1025 470 1042 toto
481 1022 529 1042 foro
540 1022 590 1046 fuit.
601 1025 705 1049 quantum
717 1029 766 1043 ene
776 1022 799 1042 in
810 1022 884 1049 utiquo
896 1023 943 1043 toro
954 1026 1037 1050 ponet.
1059 1035 1060 1040 η

242 1057 300 1078 Tum
311 1057 370 1078 inm
380 1058 453 1078 buram
465 1058 580 1078 secundum
591 1061 731 1078 areu-nore·
741 1061 861 1085 coeperunt
871 1058 944 1079 dicere
951 1058 1037 1085 Appiu-

242 1091 312 1112 maior
325 1095 347 1112 et
362 1092 392 1112 M.
408 1092 520 1113 Antonius
533 1096 555 1112 et
571 1093 595 1113 P.
613 1092 717 1113 valerius
727 1093 810 1120 Nepos.
840 1092 880 1114 L'si
891 1097 942 1113 nunt
953 1100 981 1113 ex
990 1092 1038 1118 lege

242 1126 303 1147 hori·
313 1127 405 1147 duabus.
421 1127 544 1154 Respondit
553 1127 588 1147 tii-
598 1134 655 1148 unun
666 1128 695 1148 Μ.
703 1127 788 1148 Cicero.
800 1128 827 1148 Et
837 1135 901 1155 quum
907 1127 1037 1154 quibu-dun

241 1161 374 1188 placuisset,
390 1161 423 1182 it·
436 1162 526 1182 defendi
539 1162 621 1182 crimen
629 1177 634 1187 ,
646 1162 741 1183 interfici
752 1162 862 1187 Clodium,
874 1170 913 1190 pro
923 1162 1039 1190 republic-

241 1196 320 1221 Fuisse,
332 1203 395 1223 quom
406 1197 496 1217 formam
507 1198 536 1218 Μ.
549 1198 629 1218 Brutus
640 1200 728 1218 uemtun
739 1197 806 1218 estin
817 1204 842 1218 e·
850 1198 963 1222 oratione.
973 1205 1037 1224 quarn

241 1238 280 1258 pro
295 1231 378 1252 Milone
392 1231 517 1259 composuit
536 1235 558 1253 et
568 1232 646 1256 edidit.
657 1232 756 1259 quamvis
767 1240 809 1253 non
820 1233 914 1259 egisset:
933 1232 1037 1254 Ciceroni

241 1265 263 1286 id
279 1273 321 1286 non
337 1266 428 1293 placuit,
440 1267 497 1294 quod
507 1274 558 1292 non,
570 1267 607 1294 qui
619 1268 675 1287 bono
686 1267 775 1295 publicu
786 1268 893 1292 damnari.
904 1268 961 1288 idem
970 1268 1036 1288 etium
1058 1268 1060 1280 ἵ

241 1301 312 1321 occidi
322 1301 462 1322 indemnatus
472 1305 556 1329 ponet.
575 1302 651 1329 ltaque
661 1310 724 1329 quum
735 1302 832 1324 insidias
842 1302 946 1324 Milonem
957 1302 1037 1323 Clodio

241 1335 323 1356 fecis-e
337 1336 466 1363 posuissent
480 1340 634 1362 accusatores.
650 1337 703 1364 quis
717 1337 798 1358 falsum
808 1338 831 1358 int
842 1341 896 1362 erat,
908 1338 967 1363 (nam
980 1338 1037 1358 forte

239 1370 282 1390 illa
290 1370 342 1391 rixa
351 1371 467 1392 commisse
474 1372 566 1398 fueras)
573 1372 651 1393 Cicero
662 1372 808 1400 apprehendit
817 1376 840 1394 et
853 1377 929 1394 contra
935 1372 1036 1394 Clodium

239 1405 321 1426 miloni
331 1406 413 1427 fecisse
422 1406 660 1434 insidiantispum·it;
672 1414 742 1434 eoque
751 1411 799 1428 tota
807 1408 879 1428 oratio
891 1408 939 1428 eius
950 1411 1036 1435 spect·-

239 1440 284 1465 n't;
304 1442 342 1462 sed
360 1441 393 1463 ita
411 1441 526 1466 constitit.
542 1445 566 1462 ut
576 1442 674 1463 diximus
683 1458 688 1467 .
699 1443 801 1464 neutrius
811 1442 907 1464 consilio
917 1446 1036 1470 pugnatum

241 1481 291 1496 esse
301 1482 326 1495 eo
337 1475 380 1500 die,
390 1483 464 1497 verum
476 1477 533 1497 forte
543 1477 679 1502 occurri-sm
699 1484 727 1498 ex
736 1484 762 1498 en
772 1477 823 1498 rin
830 1484 942 1498 semorum
953 1478 980 1498 ad
990 1484 1036 1498 eain

241 1510 328 1531 caedem
343 1515 478 1538 perventum.
513 1513 594 1533 Notum
605 1516 677 1533 tamen
688 1517 735 1533 erat
743 1516 860 1539 utrumque
869 1516 959 1533 mortem
970 1512 1037 1533 sueri

238 1552 305 1573 saepe
323 1546 428 1568 minutum
447 1554 508 1572 eue3
528 1552 550 1568 et
568 1548 627 1569 sicut
636 1550 761 1575 suspectum
772 1547 877 1568 Milonem
892 1547 963 1568 maior
973 1554 1036 1574 quam

239 1581 314 1602 Clodii
333 1582 421 1603 familia
439 1582 544 1607 faciebat,
563 1583 597 1603 ito
615 1582 743 1610 expeditior
761 1586 783 1603 et
796 1583 897 1610 paratior
906 1583 932 1603 ad
942 1589 1036 1610 pugnam

238 1615 407 1642 Clodianorum,
427 1625 490 1644 quam
508 1618 602 1639 Milonis
623 1618 704 1638 fuerat.
743 1618 822 1639 Cicero
842 1624 907 1644 quum
926 1617 1036 1644 inciperet

238 1650 319 1675 dicere.
331 1656 436 1679 exceptus
447 1656 481 1673 est
491 1652 650 1673 acclamatione
660 1653 826 1677 Clodianorum,
838 1652 877 1679 qui
887 1659 910 1673 se
921 1652 1035 1673 continere

238 1692 266 1706 ne
275 1690 333 1707 metu
344 1687 430 1714 quidem
441 1687 631 1708 circumstantium
642 1687 737 1708 militum
748 1691 881 1715 potuerunt;
904 1687 980 1714 itaque
991 1694 1034 1708 non

239 1727 272 1745 ea,
287 1728 330 1747 qun
343 1721 426 1743 solitus
436 1726 490 1747 erat,
502 1723 629 1743 constantia
638 1723 705 1743 dixit.
728 1724 805 1744 Manet
815 1727 886 1743 autem
897 1722 939 1743 illu
948 1729 1035 1749 quoque

238 1758 331 1783 excepta
345 1756 393 1777 eius
408 1757 480 1777 oratio
512 1757 609 1784 Scripsit
618 1764 670 1778 veru
681 1757 744 1783 tinne,
755 1764 818 1785 quam
829 1756 932 1783 legimus,
943 1757 976 1778 itu
984 1764 1034 1785 per-

239 1790 304 1815 fecte,
314 1794 339 1811 ut
348 1791 397 1812 iure
406 1791 477 1819 prima
488 1792 565 1813 baberi
575 1792 655 1820 ponit.

293 1861 313 1887 Ι.
327 1863 350 1887 t.
364 1857 425 1887 Etsi
438 1870 538 1892 vereor,
552 1861 664 1892 iudices,
678 1869 710 1887 ne
721 1865 797 1896 turpe
808 1862 852 1892 sit,
865 1860 1034 1896 profortissi-
1055 1871 1057 1878 ⁴

238 1906 282 1925 mo
294 1899 349 1925 viro
359 1897 446 1925 dicere
457 1899 628 1933 incipientem
639 1899 742 1930 timere,
756 1899 921 1934 minimeque
931 1899 1030 1930 deceat,
1055 1921 1057 1926 .

237 1943 321 1970 quum
343 1936 372 1962 T.
398 1935 502 1962 Annius
521 1937 580 1970 ipse
595 1937 681 1971 magis
704 1935 737 1962 de
757 1935 920 1970 reipublicae
936 1936 1030 1967 salute.
1054 1959 1063 1966 .,

237 1981 319 2007 quam
333 1972 366 1999 de
381 1982 429 1999 sua
444 1973 623 2008 perturbetur,
641 1981 684 1999 me
695 1972 727 1999 ad
739 1974 797 1999 eius
808 1981 930 1999 caussam
942 1982 1032 2008 parem

238 2047 299 2073 novi
311 2047 404 2073 iudicii
417 2056 483 2074 nova
496 2047 578 2074 forma
591 2052 669 2074 terret
679 2046 779 2079 oculos,
793 2047 850 2082 qui,
859 2056 1031 2083 quocumque

236 2084 397 2115 inciderunt,
416 2089 530 2111 veterem
547 2085 767 2111 consuetudinem
784 2084 833 2111 fori
849 2089 874 2111 et
887 2086 1031 2120 pristinum

237 2129 337 2147 morem
352 2121 513 2148 iudiciorum
529 2123 678 2157 requirunt.
705 2122 764 2148 Non
779 2122 851 2148 enim
862 2131 956 2149 corona
968 2132 1032 2149 con-

236 2167 328 2185 sessus
346 2164 432 2185 vester
447 2160 550 2186 cinctus
565 2164 613 2190 est,
628 2164 657 2186 ut
668 2159 782 2191 solebat;
807 2167 858 2186 non
871 2160 966 2186 usitata
979 2160 1032 2187 fre·
1052 2171 1061 2195 q

235 2197 345 2231 quentia
365 2196 455 2231 stipati
476 2205 581 2223 sumus.
613 2198 638 2223 2.
656 2197 722 2223 Nam
738 2196 784 2223 illa
800 2197 944 2231 praesidia,
962 2206 1031 2232 quae
1052 2220 1054 2225 ,

235 2241 283 2268 pro
294 2233 402 2268 templis
415 2234 541 2260 omnibus
552 2234 669 2265 cernitis,
691 2234 741 2260 etsi
751 2239 840 2260 contra
852 2235 907 2260 vim
918 2234 1032 2261 colloca-

235 2275 260 2296 ta
276 2276 347 2301 sunt,
365 2279 417 2297 non
433 2271 545 2297 afferunt
560 2275 648 2298 tamen
663 2271 758 2298 oratori
769 2270 881 2306 aliquid,
896 2272 962 2298 utin
974 2272 1031 2299 foro

235 2312 261 2334 et
275 2309 301 2334 in
318 2308 426 2339 iudicio,
443 2317 608 2343 quamquam
621 2308 761 2343 praesidiis
772 2308 936 2335 salutaribus
947 2314 972 2335 et
985 2318 1031 2335 ne-

235 2345 358 2371 cessariis
378 2346 446 2380 septi
467 2354 572 2376 sumus,
591 2350 679 2372 tamen
693 2354 726 2372 ne
742 2354 795 2372 non
811 2346 904 2372 timere
919 2347 1029 2381 quidem

235 2382 293 2408 sine
305 2382 395 2417 aliquo
406 2383 500 2409 timore
511 2384 656 2417 possimus,
687 2382 760 2414 Quae
770 2383 794 2409 si
804 2384 925 2418 opposita
937 2383 1030 2410 Miloni

236 2423 369 2453 putarem,
396 2420 517 2446 cederem
528 2421 651 2454 tempori,
664 2420 776 2450 iudices,
791 2428 839 2446 nec
849 2421 918 2447 inter
929 2425 1028 2447 tantam

236 2456 290 2481 vim
306 2465 440 2483 armorum
456 2457 637 2484 existimarem
656 2457 751 2484 oratori
770 2456 857 2483 locum
874 2466 942 2484 esse.
977 2458 1029 2484 Sed

236 2500 278 2518 me
293 2498 391 2519 recreat
406 2499 431 2520 et
440 2494 523 2520 reficit
534 2494 582 2521 Cn.
606 2495 733 2529 Pompeii,
746 2494 939 2528 sapientissimi
950 2500 975 2521 et
986 2496 1029 2521 iu-

235 2529 348 2556 stissimi
368 2530 427 2561 viri,
450 2531 607 2559 consilium:
639 2532 687 2566 qui
707 2530 824 2565 profecto
842 2540 891 2558 nec
911 2532 1028 2558 iustitiae

235 2574 300 2592 suae
315 2571 418 2600 putaret
433 2576 499 2599 esse,
513 2577 594 2602 quem
605 2576 682 2594 reum
692 2568 832 2594 sententiis
842 2568 963 2595 iudicum
976 2574 1029 2595 tra-

235 2602 356 2633 didisset,
370 2604 493 2631 eumdem
506 2605 565 2633 telis
577 2605 692 2632 militum
704 2604 809 2635 dedere,
818 2606 1025 2641 necsapientiae,

237 2640 408 2666 temeritatem
426 2642 569 2668 concitatae
580 2642 762 2669 multitudinis
773 2643 926 2669 auctoritate
936 2643 1029 2678 publi·
1056 2670 1057 2673 ,

1056 2681 1058 2705 ἓ,
1080 2685 1131 2706 tur.

234 2684 264 2702 ca
280 2685 389 2703 armare.
417 2679 432 2703 3
454 2677 631 2709 Quamobrem
644 2679 687 2706 illa
700 2687 780 2709 arma.
793 2680 970 2707 centuriones.
983 2688 1028 2707 co-

1056 2608 1059 2639 ἰ

855 149 885 175 Τ.
920 149 1196 176 CICERONIS
1228 149 1414 177 onATto

1094 219 1189 251 bortca,
1207 229 1257 246 non
1273 221 1421 255 periculum
1442 221 1526 251 nobis,
1544 222 1590 248 scd
1607 222 1769 258 praesidium
1780 222 1886 251 denun-

1094 257 1171 288 itanu
1205 266 1290 292 neque
1311 258 1408 287 solum,
1427 263 1455 284 ut
1470 259 1569 294 quieto.
1587 260 1633 285 sed
1653 261 1730 286 otiam
1747 265 1774 286 ut
1790 269 1842 286 mm
1853 269 1888 288 no

1093 294 1180 320 animo
1192 294 1286 324 simus,
1301 294 1450 321 hortantur:
1474 304 1560 331 neque
1571 296 1701 323 auxilium
1710 297 1825 324 modode
1839 307 1887 325 en-

390 359 394 364 .
410 359 414 363 .
507 358 511 362 .
529 358 533 362 .
1068 348 1070 354 ν
1092 331 1161 357 sioni
1178 340 1260 361 nicae,
1278 340 1369 357 verum
1385 332 1463 358 etiam
1475 333 1611 360 silentium
1623 334 1792 369 pollicentur.
1815 334 1887 362 neli-

247 362 322 386 itnqne
333 361 429 380 ΙΙυηιιιιυ
445 362 552 384 promunt,
565 365 588 377 nu
599 360 686 384 ponte-m
697 357 734 376 din
744 364 791 377 cum
802 356 914 384 pne-idio
923 356 1040 376 denen-u-
1068 367 1070 372 v

1068 379 1071 388 r
1092 377 1144 403 qun
1162 377 1222 395 vcro
1238 368 1390 399 multitudo.
1403 378 1472 404 quae
1482 370 1591 405 quidem
1603 376 1643 397 est
1653 371 1764 402 citium.
1778 376 1828 398 tota
1841 380 1887 399 no-

1068 421 1070 428 »
1093 410 1144 432 stra
1157 410 1210 432 cst:
1234 415 1322 441 neque
1332 415 1423 433 eorum
1435 407 1589 442 quisquam.
1602 416 1670 443 quos
1683 408 1802 445 undiquc
1815 409 1887 436 intu-

246 466 274 485 Μ.
287 463 412 486 Marcellin.
423 467 444 482 et
454 462 509 482 Milo
520 462 576 489 ipne.
591 461 658 483 Multi
669 469 696 482 ex
707 461 745 485 iit.
756 461 793 488 qui
802 461 1040 486 Bovillinbnbitnlmnt.
1062 457 1063 480 ἶ
1093 448 1176 473 eme&
1201 442 1270 469 ”nde
1291 443 1379 478 aliqua
1401 453 1461 478 pars
1483 443 1531 471 sm'i
1547 445 1630 479 aspiei
1645 450 1744 480 potest,
1761 451 1786 472 ω
1803 446 1887 473 buil-¹⁸

1093 481 1194 506 exitum
1211 480 1302 507 iudicii
1319 486 1503 516 exspectantes
1516 481 1621 512 videtis.
1635 491 1685 509 non
1718 492 1783 510 uum
1795 484 1887 510 virtuti

1094 517 1200 544 Milonis
1212 517 1294 548 favet,
1309 522 1365 544 tum
1377 518 1410 544 de
1421 527 1458 549 sc.
1472 518 1504 544 de
1517 518 1607 545 liberis
1619 521 1685 550 suin,
1717 529 1732 546 e
1742 521 1840 555 patria.
1853 520 1887 547 de

1094 554 1206 581 fortunis
1219 555 1346 581 hodierno
1357 555 1400 582 die
1410 555 1538 582 decertari
1551 561 1634 590 putat.
1661 557 1692 583 ll.
1705 557 1793 584 Unum
1835 566 1887 584 nus

1093 597 1132 618 est
1143 592 1286 618 adversum
1298 592 1482 628 infestumque
1495 594 1571 620 nobis
1582 594 1793 629 eorumquoet’.
1822 595 1886 622 lodii

1093 629 1166 655 furor
1187 630 1286 664 rapinis
1302 634 1327 655 et
1343 629 1474 656 incendiis
1489 635 1515 657 et
1527 631 1654 657 omnibus
1669 631 1759 671 exip'ia
1769 631 1887 667 publicis

1093 668 1179 702 pavit:
1210 667 1257 702 qni
1275 666 1396 693 besterna
1412 668 1491 694 etiam
1510 668 1636 694 concione
1655 669 1754 695 incitati
1772 673 1845 699 sunt.
1857 673 1888 696 ut

1093 704 1168 730 vobis
1186 713 1248 730 voce
1263 705 1403 739 praeirent,
1420 705 1486 740 quid
1502 705 1665 732 iudicaretis.
1701 705 1820 738 Quorum
1830 705 1886 732 cle-

1092 750 1157 772 mor,
1171 742 1192 767 si
1203 742 1250 776 qui
1264 741 1328 768 forte
1340 741 1428 773 fuerit,
1441 742 1583 769 admonere
1595 752 1642 769 vos
1652 742 1769 774 debebit.
1783 748 1812 770 ut
1822 751 1885 770 eum

1067 790 1069 800 ι
1091 779 1177 805 civem
1199 779 1341 809 retineatisv
1364 779 1411 814 qui
1432 788 1539 815 semper
1559 788 1645 816 genus
1661 780 1728 807 illud
1745 780 1885 807 bominum

1091 815 1274 851 clamoresque
1290 825 1421 843 maximos
1437 825 1484 852 pro
1500 821 1585 844 vestra
1601 817 1687 844 salute
1702 817 1829 854 neglexit.
1860 818 1884 845 4.

1067 865 1069 873 ι
1091 852 1268 886 Quamobrem
1290 853 1378 880 adeste
1399 855 1505 885 animis,
1529 854 1640 885 iudices.
1663 859 1687 881 et
1709 855 1840 886 timorem.
1862 855 1886 882 si

1090 899 1171 926 quem
1185 890 1296 921 habetis.
1310 890 1443 926 deponite.
1475 892 1541 918 Nam
1553 893 1576 918 si
1588 900 1716 927 umquam
1729 892 1761 918 de
1773 892 1850 919 bonis
1861 896 1887 919 et

1092 927 1204 954 sortibus
1220 929 1294 958 viris,
1312 929 1335 954 si
1347 937 1475 963 umquam
1487 929 1519 955 de
1531 929 1598 955 bene
1609 930 1710 956 meritis
1721 929 1828 956 civibus
1838 938 1887 965 po-

1089 1049 1138 1066 sua
1159 1040 1247 1067 studia
1268 1049 1329 1076 erga
1344 1039 1424 1067 fortes
1444 1045 1469 1067 et
1484 1040 1568 1068 bonos
1582 1041 1664 1073 cives,
1681 1049 1751 1076 quae
1767 1041 1844 1068 vultu
1860 1046 1886 1068 et

1090 1077 1180 1104 verbis
1199 1086 1279 1112 saepe
1299 1077 1503 1113 significassent,
1526 1087 1554 1105 re
1570 1083 1596 1105 et
1610 1079 1750 1105 sententiis
1766 1078 1886 1105 declara-

1090 1119 1160 1142 rent:
1193 1115 1242 1141 hoc
1265 1114 1381 1150 profecto
1402 1120 1518 1150 tempore
1533 1124 1591 1142 eam
1607 1120 1762 1151 potestatem
1777 1124 1885 1143 omnem

1091 1161 1137 1179 vos
1155 1152 1268 1182 habetis.
1286 1156 1315 1178 ut
1330 1153 1462 1183 statuatis.
1480 1157 1570 1179 utrum
1585 1161 1642 1184 nos,
1658 1153 1707 1188 qui
1722 1161 1829 1188 semper
1839 1161 1886 1180 ve-

1089 1194 1159 1216 strae
1174 1190 1322 1216 auctoritati
1337 1189 1420 1216 dediti
1437 1189 1548 1220 fuimus.
1566 1198 1672 1225 semper
1686 1191 1776 1217 miseri
1793 1190 1885 1227 lugea-

1090 1236 1160 1258 mus,
1173 1236 1216 1258 an,
1229 1227 1275 1253 diu
1288 1227 1375 1253 vexati
1386 1235 1400 1253 a
1412 1227 1602 1262 perditissimis
1612 1227 1727 1258 civibus,
1740 1227 1885 1263 aliquando

1090 1273 1137 1300 per
1152 1273 1209 1295 vos,
1227 1273 1256 1290 ac
1272 1272 1319 1299 per
1334 1269 1450 1290 vestram
1467 1264 1556 1296 fidem,
1574 1265 1700 1291 virtutem
1711 1265 1885 1300 sapientiam-

1088 1310 1142 1337 que
1157 1310 1316 1328 recreemur.
1341 1302 1366 1328 5.
1383 1301 1454 1334 Quid
1470 1302 1541 1328 enim
1553 1302 1630 1328 nobis
1641 1301 1757 1333 duobus.
1770 1302 1882 1334 iudices.

1090 1339 1258 1370 laboriosius,
1280 1338 1347 1374 quid
1363 1339 1449 1375 magis
1461 1339 1616 1370 sollicitum,
1629 1340 1715 1376 magis
1725 1340 1882 1371 exercitum,

1088 1376 1141 1403 dici
1157 1381 1202 1403 aut
1218 1376 1282 1413 fingi
1293 1381 1387 1412 potest.
1400 1377 1457 1411 qui,
1470 1385 1518 1412 spe
1529 1376 1757 1412 amplissimorum
1770 1378 1885 1412 praemi-

1087 1423 1164 1441 orum
1175 1414 1208 1440 ad
1219 1413 1412 1449 rempublicam
1423 1414 1539 1445 adducti,
1552 1418 1624 1441 metu
1635 1414 1884 1441 crudelissimorum

1088 1451 1230 1478 exitiorum
1255 1459 1343 1478 carere
1366 1460 1418 1478 nou
1439 1451 1603 1487 possumus?
1631 1451 1764 1487 Equidem
1783 1456 1883 1479 ceteras

1088 1493 1258 1524 tempestates
1279 1493 1304 1515 et
1325 1488 1456 1524 procellas
1477 1490 1504 1516 in
1526 1489 1580 1515 illis
1599 1489 1739 1515 dumtaxat
1757 1487 1884 1516 fluctibus

1087 1527 1244 1553 concionum
1256 1535 1362 1561 semper
1372 1527 1464 1562 putavi
1476 1526 1633 1553 Miloniesse
1639 1525 1803 1557 subeundas,
1811 1525 1884 1562 quod

1087 1572 1194 1598 semper
1208 1572 1256 1599 pro
1271 1563 1349 1590 bonis
1364 1569 1453 1590 contra
1466 1563 1603 1599 improbos
1614 1568 1746 1596 senserat;
1771 1564 1799 1590 in
1810 1563 1883 1590 iudi-

1087 1602 1128 1628 cio
1143 1609 1205 1627 vero
1220 1605 1245 1627 et
1259 1601 1287 1627 in
1303 1609 1334 1627 eo
1348 1601 1467 1631 consilio,
1481 1602 1507 1628 in
1519 1610 1574 1636 quo
1584 1610 1618 1628 ex
1627 1601 1732 1628 cunctis
1743 1600 1882 1628 ordinibus

1056 1655 1058 1659 ν
1087 1637 1249 1672 amplissimi
1263 1638 1314 1664 viri
1325 1638 1482 1669 iudicarent,
1491 1647 1640 1673 numquam
1647 1638 1799 1665 existimavi
1805 1646 1882 1673 spem

1088 1675 1170 1702 ullam
1185 1683 1244 1701 esse
1260 1674 1399 1702 habituros
1409 1675 1516 1702 Milonis
1527 1676 1650 1702 inimicos
1661 1675 1694 1702 ad
1705 1675 1764 1702 eius
1776 1683 1828 1702 non
1839 1683 1883 1702 sa-

1087 1712 1170 1739 lutem
1192 1712 1270 1739 modo
1290 1712 1525 1748 exstinguendam,
1546 1712 1595 1738 sed
1610 1713 1690 1739 etiam
1706 1711 1819 1748 gloriam
1833 1720 1881 1748 per

1087 1749 1151 1776 tales
1167 1749 1239 1776 viros
1254 1749 1463 1785 infringendam.
1489 1751 1513 1776 6.
1526 1749 1694 1785 Quamquam
1706 1750 1733 1776 in
1745 1749 1793 1776 hac
1803 1758 1883 1776 caus-

1085 1796 1123 1817 sa,
1141 1786 1253 1817 iudices,
1266 1787 1296 1813 T.
1309 1787 1388 1813 Annii
1401 1787 1538 1813 tribunatu
1550 1787 1685 1822 rebusque
1695 1787 1822 1813 omnibus
1833 1795 1882 1822 pro

1085 1824 1170 1851 salute
1185 1823 1349 1858 reipublicae
1363 1825 1447 1860 gestis
1463 1823 1496 1850 ad
1513 1824 1595 1850 buius
1609 1824 1731 1851 criminis
1746 1823 1882 1851 defensio-

1085 1870 1146 1888 nem
1162 1870 1214 1888 non
1225 1862 1374 1892 abutemur.
1389 1862 1440 1888 nisi
1451 1861 1537 1888 oculis
1548 1861 1670 1888 videritis
1681 1861 1793 1888 insidias
1803 1861 1881 1888 Milo-

1085 1899 1112 1925 ni
1128 1907 1142 1925 a
1157 1898 1249 1925 Clodio
1264 1898 1360 1925 factas:
1386 1907 1434 1925 nec
1445 1898 1612 1933 deprecaturi
1623 1907 1728 1929 sumuS,
1740 1903 1769 1924 ut
1779 1899 1880 1926 crimen

1085 1936 1135 1962 hoc
1155 1936 1232 1962 nobis
1253 1935 1336 1962 multa
1357 1941 1464 1971 propter
1483 1935 1617 1971 praeclara
1636 1936 1665 1962 in
1686 1935 1879 1970 rempublicam

1085 1974 1178 2000 merita
1189 1973 1358 2000 condonetis:
1380 1982 1428 1999 nec
1439 1973 1608 2008 postulaturi,
1622 1977 1660 2004 ut,
1671 1973 1695 1999 si
1707 1972 1880 2000 morsP.Clo-

237 2010 319 2036 animi
336 2010 548 2045 magnitudinem
566 2010 656 2036 afferre
671 2018 723 2036 non
740 2018 832 2045 posse:
864 2015 952 2037 tamen
969 2011 1032 2037 haec
1054 2010 1063 2054 J
1084 2011 1122 2037 dii
1139 2010 1212 2036 salus
1229 2015 1316 2036 vestra
1328 2010 1417 2074 fpeRrit,
1430 2010 1530 2074 iddio?
1539 2019 1598 2037 eam
1610 2010 1703 2037 virtuti
1713 2009 1880 2074 Milongsedpo-

1061 2051 1062 2056 ¹
1085 2049 1147 2078 tius,
1165 2056 1246 2083 quam
1262 2048 1356 2083 popui
1389 2048 1478 2074 omani
1501 2057 1514 2074 e
1527 2048 1608 2074 icitati
1619 2048 1772 2084 assignetis.
1855 2048 1879 2074 si
1915 2055 1920 2058 ·

1060 2097 1062 2103 x
1083 2085 1159 2112 illius
1174 2084 1287 2111 insidiae
1302 2084 1426 2112 clariores
1442 2085 1491 2112 hac
1502 2084 1561 2112 luce
1573 2084 1680 2116 fuerint,
1694 2089 1751 2111 tum
1762 2084 1880 2120 denique

1082 2122 1229 2149 obsecrabo
1245 2122 1450 2157 obtestaborque
1463 2131 1519 2153 vos,
1532 2122 1644 2153 iudices,
1656 2122 1680 2148 si
1690 2126 1776 2148 cetera
1787 2123 1880 2149 amisi-

1083 2169 1154 2190 mus,
1171 2160 1221 2186 hoc
1237 2159 1331 2186 saltem
1346 2159 1423 2186 nobis
1435 2164 1464 2186 ut
1475 2159 1650 2194 relinquatur,
1663 2159 1697 2185 ab
1707 2159 1878 2186 inimicorum

1082 2197 1192 2224 audacia
1204 2196 1318 2231 telisque
1330 2197 1412 2223 vitam
1423 2201 1453 2223 ut
1463 2197 1575 2231 impune
1586 2196 1663 2223 liceat
1673 2195 1825 2223 defendere.

1138 2235 1181 2261 111.
1193 2235 1219 2260 7.
1233 2233 1286 2261 Sed
1296 2238 1438 2269 antequam
1449 2234 1483 2260 ad
1493 2242 1551 2260 eam
1563 2234 1708 2260 orationem
1714 2233 1878 2268 venio,quae

1082 2276 1122 2298 est
1136 2271 1243 2306 propria
1258 2275 1362 2298 vestrae
1371 2271 1545 2306 quaestionis,
1559 2271 1685 2297 videntur
1694 2278 1725 2296 ea
1735 2278 1794 2296 esse
1805 2270 1879 2297 refu-

1052 2309 1059 2330 ’ἓ
1082 2309 1169 2340 tanda,
1187 2317 1256 2343 quae
1266 2309 1330 2335 etin
1341 2313 1436 2335 senatu
1447 2308 1480 2335 ab
1490 2308 1608 2335 inimicis
1619 2315 1699 2342 saepe
1708 2307 1801 2333 iactata
1812 2311 1878 2334 sunt

1081 2351 1107 2372 et
1121 2347 1149 2372 in
1165 2346 1291 2372 concione
1306 2354 1386 2381 saepe
1396 2345 1429 2372 ab
1440 2345 1571 2380 improbis
1581 2350 1607 2371 et
1617 2343 1708 2380 paullo
1718 2348 1778 2370 ante
1789 2344 1822 2371 ab
1833 2353 1876 2371 ac-

1080 2383 1263 2410 cusatoribus:
1285 2387 1323 2413 ut.
1336 2383 1409 2410 omni
1420 2391 1507 2409 errore
1517 2382 1632 2412 sublato,
1645 2389 1700 2408 rem
1711 2381 1878 2416 plane.quae

1081 2421 1154 2447 venit
1164 2421 1192 2447 in
1201 2420 1344 2451 iudicium,
1356 2420 1447 2446 videre
1458 2419 1578 2454 possitis.
1609 2419 1711 2454 Negant
1723 2419 1823 2445 intueri
1833 2418 1877 2445 lu-

1057 2467 1059 2487 :
1080 2466 1138 2484 cem
1153 2466 1213 2484 esse
1228 2457 1268 2484 fas
1279 2458 1312 2488 ei,
1325 2457 1373 2492 qui
1383 2465 1398 2483 a
1409 2465 1438 2483 se
1448 2457 1583 2483 bominem
1594 2456 1713 2482 occisum
1724 2463 1784 2482 esse
1794 2455 1876 2482 fatea-

1056 2504 1058 2514 1
1080 2500 1131 2521 tur.
1164 2495 1192 2521 ln
1203 2503 1256 2530 qua
1267 2494 1373 2521 taudem
1384 2494 1451 2520 urbe
1461 2493 1512 2520 hoc
1521 2493 1643 2519 homines
1654 2492 1808 2519 stultissimi
1818 2492 1875 2519 dis-

1079 2531 1194 2567 putant‘?
1217 2540 1313 2566 nempe
1329 2532 1356 2558 in
1372 2540 1411 2562 ea,
1428 2539 1497 2565 quae
1510 2530 1630 2565 primum
1644 2529 1776 2556 iudicium
1786 2529 1820 2556 de
1829 2538 1875 2556 ca-

1080 2570 1134 2604 pite
1149 2569 1215 2595 vidit
1231 2569 1266 2595 M.
1282 2569 1390 2599 Horatii,
1403 2567 1541 2594 fortissimi
1553 2568 1617 2594 viri:
1639 2567 1696 2602 qui,
1710 2566 1829 2593 nondum
1840 2566 1875 2593 li-

1079 2607 1142 2632 bera
1157 2606 1273 2637 civitate,
1291 2611 1379 2632 tamen
1393 2604 1487 2639 populi
1497 2604 1609 2631 Romani
1619 2604 1734 2631 comitiis
1745 2603 1872 2630 liberatus

1079 2648 1128 2674 est,
1145 2651 1230 2678 quum
1246 2651 1294 2669 sua
1310 2650 1391 2669 manu
1406 2650 1522 2668 sororem
1533 2650 1592 2668 esse
1603 2640 1766 2668 interfectam
1779 2639 1873 2667 fatere-

1173 2681 1197 2706 8.
1209 2681 1250 2706 An
1266 2684 1307 2706 est
1321 2679 1475 2715 quisquam.
1493 2679 1541 2714 qui
1557 2679 1606 2705 hoc
1617 2679 1729 2715 ignoret,
1741 2686 1828 2714 quum
1838 2677 1872 2705 de
