1941 3052
820 138 873 161 139.
906 135 939 160 M.
975 135 1005 161 T.

256 144 318 169 ivit!

255 217 309 239 tute
325 211 449 236 «utuntur
464 215 487 235 et
503 209 667 240 diliguntur:
691 208 729 232 sic
750 206 931 232 adolescentes
951 214 1046 231 senum

255 247 533 284 praecepti-⁴gaudent,
543 246 643 279 quilius
655 244 686 269 aul
701 245 828 269 virtutum
842 243 929 269 studia
941 242 1047 268 (lucun-

254 293 306 313 tur.
349 287 400 311 Nee
414 286 502 310 'ninus
517 282 635 315 intelligo
648 291 688 307 nu·
705 281 794 310 volni-³..
817 289 898 315 cpiam
916 279 983 305 mit-i
1002 289 1048 304 vos

254 333 312 349 essa·
336 322 476 348 iniruwlm.
517 320 566 344 Sed
586 319 696 348 vicli-tis,
718 324 745 343 ιιι
761 323 884 343 senec-tus
901 326 951 342 non
970 317 1048 342 modo

257 359 380 392 lauf-'uilla
398 364 474 392 atqu«-
489 358 557 382 inu-rs
571 365 620 381 non
634 357 676 385 su,
695 357 877 381 verumetiam
891 355 925 380 sit
935 363 1046 388 operosa

254 403 477 430 vtsvnquwagvns
489 393 591 427 aliquid
604 398 628 418 et
641 393 766 418 moliens:
783 392 832 418 tale
844 391 1046 426 scili‹·ct‚qunle

254 435 386 467 cuiusqua-
399 432 518 457 studium
534 432 557 456 in
570 431 707 464 superiore
720 431 772 455 vita
786 429 844 455 fuit.
876 428 966 460 Quid?
977 428 1047 463 quod

254 472 331 496 etiam
340 470 481 494 addiscunt
493 467 614 502 nliquid‘?
626 467 781 493 utSolonem
795 466 919 492 versibus
931 466 1048 501 glorian—

254 514 305 533 teni
327 507 462 534 videmus,
485 506 531 539 qui
543 514 568 529 se
580 507 691 537 qunli'tliv
701 507 801 537 aliquid
812 507 980 529 addiscentem
992 503 1047 528 lieri

253 553 344 570 senem
361 543 439 568 ‹lit-it:
460 548 487 568 ut
504 550 552 575 ego
570 541 632 571 feci.
655 542 702 576 qui
719 542 834 567 Graecas
852 541 951 567 litteras
966 549 1047 566 senex

253 581 350 611 ‹li‹li‹·i;
369 589 436 614 quim
451 579 561 614 quidem
574 579 612 604 sic
624 579 702 605 avide
714 579 830 613 arripui,
848 578 926 613 quasi
941 577 1048 603 diutur-

255 627 314 644 nam
331 618 403 643 sitim
420 617 527 650 explere
542 617 669 650 cupiens,
688 621 716 642 ut
731 625 760 642 ea
778 616 834 650 ipsa
852 616 918 641 mihi
935 620 992 641 nota
1005 623 1048 640 es·
1070 625 1071 632 ¹

253 660 324 685 sent,
348 655 448 689 quibus
467 663 507 679 me
525 662 595 679 nunc
611 653 744 688 exemplis
764 654 802 679 uti
824 653 931 679 videtis.
971 651 1046 684 Quod

253 701 337 727 quum
361 691 455 717 fecisse
472 692 605 717 Socratem
625 691 649 717 in
673 690 772 716 {idibus
792 690 927 720 audirem,
951 689 1047 715 vellem

253 729 378 764 equidem
391 730 470 754 etiam
484 728 564 754 illud:
583 728 722 754 discebant
732 729 804 754 enim
817 727 916 753 fidibus
928 727 1045 762 antiqui:

253 767 299 792 sed
313 767 338 792 in
355 767 449 792 litteris
463 771 532 791 certe
544 765 689 791 elaboravi.

310 804 355 829 tx.
378 804 420 829 27.
443 804 495 828 Nec
512 811 581 829 nunc
598 802 724 837 equidem
742 802 813 828 vires
825 801 948 827 desidero
958 800 1048 827 adole-

253 841 366 869 scentis.
384 841 417 875 (is
433 841 504 866 enim
522 845 576 866 erat
590 839 663 866 locus
677 839 784 865 alterde
797 840 870 865 vitiis
882 838 1048 872 senectutis.)

254 887 305 904 non
321 878 396 912 plus,
413 886 494 912 quam
511 877 665 904 adolescens
681 877 749 903 tauri
766 881 811 902 aut
825 876 961 910 elephanti
975 875 1048 901 desi-

253 916 390 941 derabam.
430 914 506 946 Quod
521 919 573 945 est,
590 923 621 940 eo
631 915 707 940 decet
719 915 755 940 uti
770 919 808 944 et,
826 913 960 948 quidquid
972 922 1044 948 agas,

234 977 238 984 ,
253 962 331 989 agere
347 961 394 987 pro
410 953 525 978 viribus.
566 952 639 984 Quae
655 952 726 977 enim
742 959 793 977 vox
810 956 896 986 potest
910 959 968 976 esse
984 959 1049 976 con-

254 990 391 1024 temptior,
409 998 490 1024 quam
503 989 609 1015 Milonis
620 988 802 1015 Crotoniatae‘?
816 989 878 1023 qui,
895 997 979 1023 quum
995 988 1047 1013 iam

253 1035 337 1054 senex
346 1031 416 1053 esset
429 1026 594 1061 athletasque
606 1034 634 1052 se
650 1031 803 1052 exercentes
821 1027 845 1051 in
861 1025 996 1051 curriculo
1007 1026 1049 1050 vi-

253 1065 341 1095 deret,
365 1065 503 1098 aspexisse
519 1064 629 1089 lacertos
645 1072 708 1089 suos
719 1063 819 1089 dicitur
830 1062 1048 1097 illacrimansque

253 1102 370 1128 dixisse:
389 1103 418 1127 A!
434 1103 459 1126 ln'
470 1104 569 1134 quidem
582 1104 633 1126 imn
645 1103 737 1127 mortui
749 1105 814 1126 sunt.
852 1100 908 1126 Non
921 1109 984 1126 vero
995 1105 1047 1126 tam

253 1139 312 1169 isti.
330 1146 411 1174 quam
429 1139 540 1172 tuipse,
559 1142 680 1173 nugator.
722 1138 813 1172 Neque
825 1138 895 1163 enim
909 1142 976 1164 exte
988 1145 1049 1163 uin-

253 1185 334 1211 quam
346 1184 375 1201 es
387 1175 556 1206 nobilitatus,
574 1175 620 1200 sed
635 1183 669 1201 ex
686 1174 813 1201 lateribus
830 1179 854 1200 et
867 1174 971 1200 lacertis
983 1175 1046 1200 tuis.

253 1213 326 1240 Nihil
344 1212 371 1238 S.
390 1212 484 1238 Aelius
500 1212 563 1242 tale,
581 1211 647 1238 nihil
665 1212 758 1238 multis
774 1212 852 1238 annis
868 1217 927 1238 ante
944 1212 985 1238 Ti.
998 1212 1049 1238 Co-

254 1250 413 1280 runcanius.
429 1249 495 1275 nihil
509 1249 586 1275 modo
598 1250 759 1281 P.Crassus·,
773 1257 786 1274 a
799 1249 900 1284 quibus
911 1250 968 1275 iura
980 1250 1049 1275 civi-

254 1288 304 1313 bus
326 1287 591 1322 praescribebantur:
614 1295 729 1321 quorum
747 1295 833 1320 usque
849 1286 882 1312 ad
898 1291 1048 1312 extremum

252 1325 378 1360 spiritum
390 1330 430 1351 est
442 1329 564 1359 provecta
577 1323 728 1358 prudentia.
768 1325 810 1350 ⁴28.
832 1323 933 1354 Orator,
946 1329 1046 1355 metuo,

253 1371 285 1388 ne
298 1362 451 1397 languescat
462 1366 552 1388 sencct
565 1366 612 1387 ite:
629 1366 668 1387 est
679 1362 750 1387 enim
764 1369 863 1387 munus
873 1362 932 1387 eius
944 1370 994 1387 non
1007 1362 1049 1387 in—

251 1400 325 1435 genii
342 1399 443 1429 solum.
466 1399 512 1425 sed
531 1399 537 1424 l
567 1407 641 1424 erum
654 1399 734 1424 etiam
746 1403 771 1424 et
782 1399 892 1425 virium.
933 1399 1048 1425 Omnino

251 1445 378 1463 canorum
396 1436 464 1463 illud
481 1437 508 1462 in
525 1444 588 1462 voce
600 1435 765 1470 splendescit
776 1436 869 1466 etiam,
893 1437 983 1462 nescio
994 1445 1048 1471 quo

253 1479 342 1508 pacto.
360 1475 386 1500 in
398 1478 548 1500 senectute.-
566 1473 638 1508 quod
651 1472 777 1507 equidem
789 1473 878 1499 adhuc
890 1481 941 1499 non
953 1474 1045 1505 amisi;

252 1517 277 1537 et
291 1511 389 1538 videtis
400 1519 493 1537 annos.
525 1510 578 1536 Sed
590 1515 677 1536 tamen
689 1510 802 1536 decorus
814 1515 853 1536 est
864 1519 952 1537 sermo
963 1511 1046 1541 senis,
1070 1530 1072 1536 .

251 1549 361 1583 quietus
373 1553 397 1575 et
413 1549 557 1580 remissus3
582 1547 698 1582 facitque
713 1556 840 1582 persaepe
857 1548 916 1582 ipsa
931 1548 985 1574 sibi
1000 1557 1049 1574 au-

251 1585 380 1612 dientiam
392 1585 484 1612 diserti
497 1585 570 1611 senis
581 1590 685 1619 compta
697 1590 723 1611 et
734 1585 806 1611 mitis
817 1586 909 1611 oratio.
937 1585 1013 1618 Quod
1025 1585 1048 1611 si

253 1624 311 1658 ipse
325 1624 437 1658 exsequi
453 1631 584 1657 nequeas
602 1623 690 1656 possis
707 1627 794 1648 tamen
809 1622 929 1657 Scipioni
945 1623 1049 1657 praeci-

253 1668 315 1695 pere
326 1665 351 1686 et
363 1660 460 1687 Laelio.
492 1659 563 1692 Quid
575 1661 646 1685 enim
660 1659 806 1685 iucundius
817 1665 954 1686 senectute
965 1661 1050 1695 stipa-

252 1703 277 1724 ta
289 1697 386 1723 studiis
399 1696 565 1723 iuventutis?
592 1698 634 1723 29.
650 1698 690 1723 An
702 1705 734 1722 ne
744 1705 789 1723 eas
800 1697 912 1731 quidem
924 1698 995 1724 vires
1006 1706 1050 1723 se-

253 1734 564 1769 nectutirelinquemus,
582 1738 611 1760 ut
621 1733 834 1760 adolescentulos
845 1734 952 1766 doceat,
970 1735 1050 1761 insti—

253 1776 322 1802 tuat,
345 1771 378 1798 ad
401 1780 480 1798 omne
498 1771 581 1798 officii
596 1779 696 1798 munus
713 1770 844 1797 instruat?
864 1771 922 1803 Quo
938 1771 1048 1807 quidem

251 1817 332 1844 opere
347 1809 414 1844 quid
429 1813 516 1844 potest
530 1817 589 1834 esse
604 1807 786 1843 praeclarius?
805 1808 872 1834 Mihi
887 1817 949 1835 vero
960 1809 1008 1836 Cn.
1024 1813 1049 1835 et
1072 1820 1073 1829 π

253 1847 283 1873 P.
295 1846 434 1881 Scipiones
445 1851 470 1873 et
481 1846 524 1872 avi
540 1847 579 1872 tui
594 1846 661 1877 duo,
679 1845 710 1872 L.
725 1845 857 1872 Aemilius
868 1851 894 1872 et
904 1847 933 1872 P.
946 1845 1049 1872 Africa-

253 1892 318 1914 nus,
338 1885 465 1910 comitatu
482 1883 614 1910 nobilium
631 1883 762 1909 iuvenum
779 1882 905 1909 fortunati
917 1883 1050 1909 videban-

253 1925 306 1947 tur.
341 1921 395 1947 Nec
406 1920 455 1947 ulli
468 1921 597 1947 bonarum
609 1921 706 1946 artium
719 1920 840 1955 magistri
852 1928 904 1946 non
916 1920 987 1946 beati
998 1928 1050 1955 pu-

254 1957 342 1989 tandi,
363 1958 490 1992 quamvis
505 1957 696 1983 consenuerint
711 1957 782 1982 vires
796 1961 876 1991 atque
891 1957 1047 1984 defecerint.

253 1995 311 2021 Etsi
327 1995 376 2021 ista
392 1995 451 2029 ipsa
462 1993 576 2021 defectio
587 1994 688 2020 virium
699 1993 893 2020 adolescentiae
904 1995 980 2021 vitiis
990 1994 1050 2020 efii-

253 2033 324 2058 citur
333 2033 452 2066 saepius,
465 2039 546 2066 quam
558 2031 718 2057 senectutis:
732 2030 877 2058 libidinosa
887 2032 960 2058 enim
971 2036 997 2058 et
1007 2033 1050 2058 in-

254 2074 406 2104 temperans
417 2069 594 2095 adolescentia
609 2068 716 2094 effetum
728 2076 825 2103 corpus
837 2069 916 2095 tradit
926 2074 1050 2095 senectu—
1072 2089 1073 2099 .

255 2107 284 2133 ti.
300 2108 341 2132 30.
353 2106 439 2142 Cyrus
451 2106 561 2141 quidem
574 2105 646 2140 apud
656 2105 861 2140 Xenophontem
873 2114 904 2132 eo
915 2115 1047 2137 sermone,
1072 2106 1080 2120 '¹

254 2152 335 2178 quem
351 2143 468 2170 moriens
485 2143 593 2175 habuit,
615 2151 700 2178 quum
717 2142 862 2169 admodum
873 2152 957 2170 senex
968 2148 1047 2174 esset,

254 2185 334 2216 negat
343 2189 372 2207 se
383 2189 512 2216 umquam
523 2181 651 2211 sensisse,
659 2185 824 2206 senectutem
836 2189 913 2207 suam
925 2181 1050 2207 imbecil-

255 2217 348 2244 liorem
369 2217 477 2249 factam,
497 2226 578 2252 quam
599 2217 776 2244 adolescentia
797 2217 902 2244 fuisset.
942 2219 999 2254 Ego
1017 2219 1046 2244 L.

253 2255 390 2282 Metellum
404 2255 692 2289 meminipuer.—qui
703 2263 789 2289 quum
801 2255 979 2290 quadriennio
990 2260 1050 2290 post

254 2292 366 2319 alterum
387 2292 556 2319 consulatum
572 2292 693 2327 pontifex
708 2293 843 2318 maximus
862 2292 948 2319 factus
967 2297 1046 2323 esset.

254 2330 351 2365 viginti
363 2334 388 2356 ct
399 2329 466 2356 duos
478 2338 562 2356 annos
572 2330 596 2355 ei
608 2329 755 2356 sacerdotio
766 2329 891 2364 praefuit,
906 2331 989 2356 —ita
1002 2330 1050 2356 bo-
1071 2343 1073 2346 ·

255 2367 296 2392 nis
307 2375 365 2393 esse
379 2367 483 2393 viribus
495 2372 613 2394 extremo
624 2371 742 2401 tempore
749 2367 851 2397 aetatis,
860 2367 1050 2393 utadolescen-

255 2409 317 2429 tiam
334 2412 386 2430 non
402 2405 560 2439 requireret.
601 2403 674 2430 Nihil
690 2412 800 2430 necesse
815 2409 856 2430 est
870 2404 939 2430 mihi
957 2404 990 2430 de
1006 2412 1048 2430 me

1070 1391 1072 1411 l

254 2441 313 2474 ipso
324 2440 425 2467 dicere:
439 2449 603 2477 quamquam
614 2441 688 2467 estid
694 2440 805 2475 quidem
812 2441 907 2472 senile,
915 2442 1048 2476 aetatique
1070 2455 1072 2465 ·

255 2482 358 2503 nostrae
374 2479 539 2505 conceditur.
579 2478 614 2504 X.
637 2480 678 2504 3⁴.
700 2478 850 2509 Videtisne,
868 2483 898 2504 ut
913 2479 985 2513 apud
997 2479 1049 2505 Ηο-

256 2522 359 2540 merum
373 2516 531 2550 saepissime
547 2516 641 2542 Nestor
655 2515 689 2541 de
705 2515 852 2541 virtutibus
867 2516 926 2542 suis
942 2516 1049 2550 praedi-

254 2549 313 2577 cet‘?
333 2551 447 2578 Tertiam
467 2553 538 2579 enim
559 2554 613 2579 iam
629 2557 741 2579 aetatem
762 2552 903 2578 hominum
924 2553 1045 2585 vivebat3

256 2595 304 2613 nec
315 2592 370 2614 erat
380 2589 405 2614 ei
416 2589 562 2616 verendum
571 2610 577 2621 ,
595 2597 628 2616 ne
639 2598 701 2616 vera
712 2589 871 2624 praedicans
882 2589 915 2616 de
925 2598 955 2616 se
966 2591 1048 2616 nimis

256 2624 392 2651 videretur
402 2630 448 2652 aut
458 2626 576 2653 insolens
586 2631 631 2654 aut
642 2626 750 2662 loquax.
781 2627 897 2658 Etenim,
910 2631 940 2653 ut
950 2628 987 2654 ait
996 2627 1050 2654 Ho-

256 2670 359 2692 merus,
390 2670 423 2688 εει·
447 2665 501 2689 eius
524 2665 612 2697 linqua
630 2665 702 2690 melle
721 2665 822 2691 dulcior
841 2666 934 2697 fluebat
956 2667 1048 2691 oratio.

1070 2523 1072 2536 1

1070 2563 1072 2578 Ι

1070 2584 1073 2595 ι

1070 2602 1072 2610 ι

1069 2646 1074 2688 Ι

1076 645 1079 671 l
1099 650 1167 677 flixit
1195 655 1334 676 senectus:

1076 696 1078 726 l
1099 697 1150 714 non
1179 693 1275 718 rostra,
1303 696 1354 714 non
1376 689 1469 718 amici.
1497 697 1549 714 non
1571 689 1696 718 clientes.
1726 697 1777 715 non
1803 688 1894 722 hospi-

1076 729 1078 743 ³
1100 730 1148 752 tes.

1041 134 1315 160 tztttssttox'ts

1076 205 1077 210 ¹
1099 206 1183 236 Quam
1205 204 1237 230 ad
1254 205 1412 229 suavitatem
1430 203 1513 231 nullis
1528 203 1623 239 egebat
1637 206 1757 240 corporis
1775 205 1888 238 viribus,

1076 258 1079 270 .
1099 247 1123 267 vt
1140 247 1225 267 tame-n
1242 241 1298 267 dux
1315 241 1358 267 ille
1369 242 1495 267 Graeciae
1511 250 1643 276 nusquam
1655 248 1740 277 optat.
1764 249 1792 268 ut
1804 243 1892 269 Aiacis

1076 276 1079 315 l
1100 279 1203 304 similes
1215 278 1427 307 liabentdecem.
1444 284 1469 305 at
1481 284 1509 304 ut
1521 279 1651 310 Nestoris,
1669 280 1741 314 quod
1754 279 1892 306 ameide-

1077 329 1079 339 κ
1101 317 1142 341 rit.
1157 325 1208 341 non
1220 316 1334 344 dubitat.
1348 317 1414 350 quin
1427 316 1502 342 brevi
1514 316 1629 342 sitTroia
1642 318 1768 351 peritura.
1786 319 1827 343 32.
1841 316 1893 343 Sed

1078 372 1079 377 .
1101 353 1178 379 ι-ι-ιΙυο
1189 353 1222 378 ad
1236 362 1287 378 me.
1327 354 1456 384 Quartum
1473 362 1572 379 annum
1586 362 1635 387 ago
1646 355 1889 389 ctoctogesimum:

1076 384 1079 440 1
1102 390 1196 416 vellem
1209 390 1335 424 equidem
1349 389 1418 415 idem
1431 399 1509 425 posse
1520 390 1637 425 gloriari.
1651 391 1722 425 quod
1734 390 1832 427 Cyrum
1846 390 1893 417 sed

1077 446 1079 460 ‹
1100 433 1187 453 tamt-n
1201 427 1249 453 hoc
1259 436 1330 462 queo
1341 427 1444 458 dicere,
1462 437 1512 454 non
1530 436 1571 453 me
1587 428 1698 462 quidem
1714 429 1747 454 iis
1757 437 1816 455 esse
1829 429 1894 454 viri-

1077 461 1079 485 l
1101 465 1164 493 bus,
1183 465 1284 499 quilms
1300 469 1345 490 aut
1356 464 1433 490 miles
1446 465 1516 491 bello
1528 465 1641 495 Punico.
1658 471 1703 492 aut
1713 471 1838 500 quaestor
1849 474 1894 491 co-

1077 493 1079 532 ]
1100 502 1160 527 dem
1178 502 1261 532 bello,
1279 506 1325 528 aut
1337 501 1430 528 consul
1449 503 1475 528 in
1493 502 1618 536 Hispania
1634 502 1745 533 fuerim.
1768 507 1813 529 aut
1826 511 1894 537 qun-

1077 567 1078 570 *
1100 539 1223 565 (triennio
1244 544 1316 573 post,
1337 548 1421 573 quum
1445 539 1571 566 tribunus
1592 539 1716 566 militaris
1739 540 1894 575 depugnavi

1077 588 1079 598 τ
1100 576 1170 611 apud
1183 576 1386 611 Thermopylas,
1401 576 1443 603 Μ’.
1458 576 1543 603 Acilio
1554 576 1698 603 Glabrione
1710 577 1832 603 consule:
1847 575 1893 602 sed

1101 619 1197 643 tamen,
1212 618 1241 639 ut
1254 622 1300 639 vos
1313 613 1423 643 videtis.
1440 623 1491 640 non
1504 614 1581 648 plane
1594 622 1634 640 me
1646 615 1784 640 enervavit
1796 622 1844 640 nec
1855 613 1895 639 af-

1366 659 1417 677 non
1443 652 1517 678 curia
1549 651 1619 676 vires
1649 660 1721 677 meas
1748 650 1892 679 desiderat.

1189 725 1242 751 Nec
1267 726 1339 751 enirn
1367 734 1495 761 umquam
1520 734 1581 752 sum
1605 734 1732 752 assensus
1751 726 1834 752 veteri
1855 724 1894 751 illi

1100 762 1261 797 laudatoque
1282 762 1437 797 proverbio,
1459 763 1531 798 quod
1548 768 1649 793 monet.
1672 768 1771 789 mature
1785 765 1841 796 fieri
1855 770 1895 788 se-

1100 809 1167 828 nem,
1184 803 1206 826 si
1221 802 1265 826 diu
1281 802 1342 826 telis
1356 809 1409 826 ease
1421 809 1509 827 senex.
1549 800 1606 835 Ego
1618 809 1680 826 vero
1691 808 1732 826 me
1744 801 1836 827 minus
1846 799 1893 826 diu

1099 845 1191 863 senem
1206 845 1265 863 esse
1284 836 1407 867 mallem.
1429 846 1512 872 quam
1527 845 1586 863 esse
1606 846 1697 864 senem
1718 843 1792 868 ante,
1813 845 1894 872 quam

1099 883 1196 900 essem.
1237 875 1327 909 itaque
1349 883 1427 901 nemo
1450 875 1538 901 adbuc
1565 875 1709 902 convenire
1735 883 1778 901 me
1800 874 1893 903 voluit.

1098 912 1142 937 cui
1168 911 1264 937 fuerim
1292 916 1448 946 occupatus.
1489 913 1522 939 At
1549 913 1640 939 minus
1668 912 1753 939 habeo
1782 913 1893 939 virium.

1099 957 1180 983 quam
1194 952 1311 975 vestrum
1323 950 1439 976 utervis!
1470 952 1511 976 33.
1534 950 1571 976 Ne
1584 959 1631 976 vos
1642 949 1753 984 quidem
1766 949 1796 976 T.
1809 949 1895 975 Pontii

1099 987 1263 1012 centurionis
1280 988 1351 1012 vires
1368 987 1486 1013 habetis:
1510 996 1574 1013 num
1591 987 1691 1013 idcirco
1706 992 1746 1013 est
1761 986 1806 1013 ille
1818 994 1895 1021 prae-

1099 1023 1227 1050 stantior?
1248 1024 1393 1050 Moderatio
1414 1023 1493 1051 modo
1513 1025 1613 1051 virium
1632 1024 1716 1054 adsit,
1739 1029 1765 1050 et
1780 1028 1893 1053 tantum.

1077 1079 1078 1087 .
1099 1066 1230 1095 quantum
1244 1066 1342 1096 potest.
1359 1062 1476 1096 quisque
1489 1062 1600 1089 nitatur:
1618 1070 1666 1087 nae
1678 1061 1723 1087 ille
1735 1070 1785 1087 non
1799 1068 1896 1095 magno

1099 1097 1234 1124 desiderio
1255 1099 1390 1125 tenebitur
1411 1099 1524 1125 virium!
1550 1099 1691 1134 Olympiae
1712 1107 1759 1133 per
1777 1098 1894 1124 stadium

1077 1152 1079 1158 ·
1100 1136 1239 1170 ingressus
1250 1144 1308 1161 esse
1321 1136 1384 1162 Milo
1397 1135 1506 1165 dicitur.
1522 1144 1607 1170 quum
1620 1136 1741 1162 humeris
1752 1136 1896 1161 sustineret

1077 1195 1079 1210 3
1101 1172 1196 1198 bovem
1209 1173 1313 1199 vivum.
1350 1173 1444 1200 Utrum
1457 1173 1541 1208 igitur
1552 1173 1600 1199 has
1611 1174 1739 1207 corporis,
1753 1181 1785 1198 an
1799 1172 1896 1207 Pytha-

1099 1218 1178 1245 gorae
1190 1209 1239 1236 tibi
1252 1210 1329 1237 malis
1341 1211 1412 1236 vires
1424 1211 1526 1246 ingenii
1539 1210 1616 1236 dari?
1631 1211 1750 1245 Denique
1765 1210 1816 1236 isto
1827 1209 1896 1236 bono

1078 1244 1079 1262 l
1101 1252 1183 1277 utare.
1196 1246 1261 1273 dum
1274 1248 1356 1280 adsit,
1372 1256 1458 1283 quum
1471 1248 1549 1277 absit.
1564 1256 1595 1274 ne
1607 1248 1742 1282 requiras:
1766 1247 1818 1273 nisi
1830 1246 1895 1273 forte

1077 1273 1079 1351 ¹
1100 1284 1281 1311 adolescentes
1293 1286 1447 1320 pueritiam,
1457 1285 1577 1319 paullum
1590 1290 1673 1311 aetate
1685 1285 1821 1320 progressi
1831 1283 1896 1310 ado-

1101 1322 1254 1349 lescentiam
1266 1323 1366 1350 debent
1380 1323 1526 1357 requirere.
1562 1322 1664 1349 Cursus
1674 1327 1714 1348 est
1724 1326 1814 1348 certus
1824 1326 1896 1347 aeta-

1077 1354 1079 1377 l
1100 1360 1133 1385 tis
1144 1363 1170 1385 et
1181 1367 1234 1386 una
1246 1361 1288 1387 via
1301 1365 1423 1389 naturae.
1440 1368 1523 1395 eaque
1535 1360 1665 1395 simplex,
1683 1367 1786 1394 suaque
1797 1359 1896 1393 cuique

1101 1397 1168 1431 parti
1185 1398 1277 1424 aetatis
1293 1398 1490 1432 tempestivitas
1509 1402 1549 1424 est
1569 1397 1642 1428 data;
1666 1402 1696 1423 ut
1711 1402 1736 1423 et
1755 1396 1896 1422 infirmitas

1078 1438 1079 1443 ¹
1101 1442 1259 1468 puerorum.
1274 1441 1299 1462 et
1311 1435 1433 1461 ferocitas
1444 1435 1589 1465 iuvenum,
1603 1439 1628 1461 et
1638 1435 1757 1469 gravitas
1769 1435 1820 1460 iam
1832 1441 1897 1460 con-

1100 1472 1196 1497 stantis
1207 1473 1299 1499 aetatis
1308 1493 1314 1503 ,
1331 1477 1356 1498 et
1370 1473 1516 1499 senectutis
1531 1473 1669 1498 maturitas
1682 1471 1801 1498 naturale
1814 1470 1896 1506 quid-

1100 1508 1160 1534 dam
1178 1508 1288 1538 habeat.
1310 1509 1384 1545 quod
1398 1518 1448 1536 suo
1464 1514 1582 1544 tempore
1597 1509 1700 1544 percipi
1716 1508 1821 1534 debeat.
1853 1508 1894 1534 34.

1100 1545 1201 1573 Audire
1217 1552 1240 1574 te
1256 1547 1382 1577 arbitror,
1399 1546 1503 1582 Scipio.
1521 1547 1618 1581 hospes
1633 1551 1695 1572 tuus
1711 1546 1800 1572 avitus
1814 1545 1896 1571 Masi-

1078 1614 1079 1623 *
1101 1584 1173 1609 nissa
1188 1593 1256 1619 quae
1264 1584 1342 1611 faciat
1353 1583 1442 1614 hodie.
1455 1584 1598 1619 nonaginta
1611 1588 1688 1610 natus
1699 1591 1796 1609 annos:
1809 1589 1895 1617 quum

1071 1617 1079 1652 Ἃ
1102 1621 1241 1656 ingressus
1265 1623 1315 1648 iter
1335 1621 1451 1656 pedibus
1471 1621 1519 1651 sit.
1546 1622 1572 1647 in
1593 1629 1693 1656 equum
1714 1621 1823 1647 omnino
1843 1627 1895 1646 non

1078 1653 1080 1694 l
1101 1659 1258 1691 ascendere,
1272 1667 1358 1694 quum
1365 1667 1443 1693 equo.
1452 1666 1562 1693 exequo
1569 1667 1620 1685 non
1632 1657 1808 1684 descendere:
1821 1656 1896 1683 nullo

1078 1695 1080 1740 l
1102 1695 1197 1727 imbre,
1206 1697 1280 1723 nullo
1292 1696 1390 1731 frigore
1400 1695 1509 1725 adduci,
1520 1700 1550 1721 ut
1559 1695 1646 1729 capite
1656 1699 1747 1729 operto
1757 1695 1805 1726 sit,
1819 1701 1896 1720 sum—

1101 1741 1172 1759 mam
1183 1742 1242 1760 esse
1254 1735 1281 1760 in
1293 1741 1324 1759 eo
1334 1733 1453 1767 corporis
1463 1733 1625 1758 siccitatem:
1648 1733 1737 1766 itaque
1747 1731 1837 1757 omnia
1848 1739 1896 1757 ex-

1078 1791 1080 1807 Ι
1100 1772 1179 1805 sequi
1195 1771 1267 1806 regis
1277 1769 1365 1797 officia
1377 1774 1403 1796 et
1413 1777 1534 1795 munera.
1575 1769 1661 1795 Potest
1673 1769 1755 1804 igitur
1765 1769 1896 1795 exercita-

1101 1807 1137 1834 tio
1151 1813 1177 1835 et
1191 1807 1366 1842 temperantia
1383 1807 1462 1833 etiam
1479 1807 1506 1832 in
1521 1811 1657 1832 senectute
1672 1814 1831 1832 conservare
1845 1805 1896 1831 ali—

1078 1863 1079 1867 η
1100 1845 1167 1879 quid
1179 1845 1286 1880 pristini
1298 1844 1411 1871 roboris.
1452 1843 1499 1870 XI.
1520 1844 1578 1869 Non
1594 1848 1657 1870 sunt
1668 1844 1694 1869 in
1706 1847 1842 1869 senectute
1853 1842 1897 1868 vi-

1078 1882 1080 1889 '
1101 1882 1161 1908 res?
1181 1883 1219 1908 Ne
1230 1881 1400 1917 postulantur
1409 1881 1520 1915 quidem
1532 1881 1604 1907 vires
1615 1889 1629 1906 a
1639 1884 1786 1906 senectute.
1826 1879 1896 1915 Ergo

1101 1924 1126 1946 et
1142 1919 1248 1955 legibus
1264 1924 1291 1945 et
1307 1919 1438 1945 institutis
1454 1923 1530 1944 vacat
1545 1923 1617 1944 aetas
1633 1922 1722 1944 nostra
1735 1917 1896 1944 muneribus

1101 1957 1149 1987 iis,
1167 1965 1235 1991 quae
1252 1965 1303 1983 non
1316 1960 1429 1991 possunt
1439 1956 1497 1981 sine
1509 1954 1615 1981 viribus
1625 1955 1764 1981 sustineri.
1804 1955 1895 1990 ltaque

1102 2003 1153 2020 non
1166 1993 1253 2025 modo,
1268 1993 1341 2028 quod
1353 2001 1404 2019 non
1416 2000 1575 2027 possumus,
1588 1992 1636 2019 sed
1647 2000 1680 2018 ne
1690 1996 1822 2027 quantum
1833 2000 1896 2026 pos-

1101 2040 1197 2057 sumus
1212 2031 1338 2066 quidem,
1353 2031 1486 2066 cogimur.
1526 2031 1567 2056 35.
1589 2030 1622 2056 At
1633 2030 1668 2055 ita
1679 2028 1758 2056 multi
1769 2033 1832 2055 sunt
1843 2029 1895 2055 im-

1102 2068 1192 2095 becilli
1207 2077 1300 2099 senes,
1318 2072 1347 2094 ut
1362 2067 1468 2094 nullum
1483 2066 1565 2094 officii
1579 2071 1624 2093 aut
1633 2067 1744 2093 omnino
1754 2067 1824 2092 vitae
1835 2074 1896 2092 mu-

1101 2115 1152 2132 nus
1170 2106 1283 2140 exsequi
1304 2105 1417 2140 possint.
1458 2105 1491 2131 At
1509 2104 1537 2130 id
1556 2103 1667 2139 quidem
1687 2112 1740 2130 non
1755 2103 1895 2138 proprium

1100 2143 1247 2169 senectutis
1271 2147 1312 2168 est
1336 2143 1447 2172 vitium,
1479 2141 1527 2167 sed
1551 2149 1694 2168 commune
1720 2139 1893 2167 valetudinis.

1100 2181 1186 2213 Quam
1199 2179 1250 2206 fuit
1260 2178 1415 2206 imbecillus
1426 2179 1454 2205 P.
1468 2178 1587 2205 Africani
1599 2178 1672 2204 filius
1682 2178 1719 2208 is.
1735 2178 1783 2212 qui
1796 2182 1820 2204 te
1831 2177 1895 2204 ado—

1100 2218 1198 2252 ptavit!
1212 2225 1294 2252 quam
1305 2217 1379 2243 tenui
1393 2221 1440 2243 aut
1450 2215 1523 2242 nulla
1535 2216 1624 2251 potius
1635 2214 1802 2241 valetudine!
1817 2213 1895 2247 Quod

1100 2256 1128 2281 ni
1140 2256 1174 2281 ita
1187 2254 1296 2284 fuisset,
1314 2253 1427 2280 alterum
1442 2253 1488 2279 ille
1504 2253 1651 2279 exstitisset
1663 2252 1754 2278 lumen
1765 2251 1892 2278 civitatis.

1071 2290 1080 2324 ,'
1099 2291 1140 2318 Ad
1153 2296 1289 2326 paternam
1300 2291 1373 2317 enim
1384 2290 1599 2326 magnitudinem
1611 2288 1820 2316 animidoctrina
1826 2288 1894 2314 uhe-

1100 2329 1154 2355 rior
1165 2333 1320 2355 accesserat.
1359 2327 1430 2360 Quid
1442 2328 1542 2354 mirum
1553 2327 1636 2363 igitur
1645 2327 1673 2353 in
1683 2325 1804 2356 senibus,
1817 2326 1840 2351 si
1852 2326 1894 2352 in-

1100 2366 1170 2393 firmi
1181 2371 1244 2392 sunt
1257 2365 1411 2400 aliquando,
1419 2373 1504 2400 quum
1513 2364 1539 2391 id
1545 2373 1578 2391 ne
1589 2363 1772 2390 adolescentes
1782 2361 1892 2397 quidem

1099 2403 1217 2439 effugere
1227 2401 1349 2438 possint?
1365 2401 1552 2428 Resistendum
1561 2422 1567 2432 ,
1579 2400 1653 2427 Laeli
1663 2405 1689 2427 et
1697 2400 1802 2434 Scipio,
1814 2407 1894 2426 sene-

1099 2442 1165 2467 ctuti
1179 2445 1232 2471 est.
1255 2441 1369 2474 eiusque
1384 2440 1450 2466 vitia
1461 2438 1602 2474 diligentia
1611 2436 1808 2472 compensanda
1819 2441 1892 2463 sunt.

1100 2477 1287 2513 Pugnandum‚
1301 2482 1437 2511 tamquam
1449 2481 1538 2503 contra
1550 2475 1683 2505 morbum.
1698 2474 1739 2500 sic
1748 2479 1838 2500 contra
1850 2482 1894 2500 se-

1100 2520 1245 2542 nectutem.
1285 2516 1327 2541 36.
1349 2513 1475 2540 Habenda
1489 2514 1556 2540 ratio
1570 2511 1745 2543 valetudinis3
1761 2511 1892 2537 utendum

1099 2551 1338 2578 exercitationibus
1349 2550 1477 2577 modicis:
1494 2555 1596 2577 tantum
1610 2548 1665 2575 cibi
1680 2552 1705 2574 et
1716 2548 1832 2582 potionis
1845 2547 1894 2574 ad-

1100 2589 1260 2619 hibendum,
1273 2593 1303 2615 ut
1313 2588 1466 2614 reficiantur
1475 2588 1556 2617 vires,
1564 2594 1615 2613 non
1626 2586 1822 2620 opprimantur.
1838 2585 1894 2611 Nec

1101 2635 1163 2653 vero
1173 2626 1278 2661 corpori
1289 2625 1340 2651 soli
1350 2623 1568 2651 subveniendum
1579 2627 1632 2654 est,
1653 2622 1701 2649 sed
1716 2623 1798 2649 menti
1813 2626 1893 2657 atque

1100 2664 1189 2690 animo
1200 2662 1285 2690 multo
1295 2663 1395 2698 magis:
1409 2669 1470 2688 nam
1486 2661 1550 2687 haec
1560 2668 1678 2696 quoque.
1691 2660 1744 2686 nisi
1755 2664 1892 2694 tamquam
