1941 3052
383 158 570 185 ORATIO
601 158 693 185 PRO
725 159 791 186 CN.

59 230 85 257 si
103 233 127 257 te
141 238 203 256 cum
222 237 280 256 mea
298 228 383 255 salute
397 229 556 264 complecti?
579 229 699 256 Salutem
716 230 764 257 tibi
775 229 857 256 iidem

60 267 122 294 dare
134 271 256 302 possunt,
269 267 316 301 qui
328 267 394 293 mihi
406 267 589 293 reddiderunt.
611 268 647 293 Te
659 272 859 298 tamemexsur-

59 313 94 341 ge
109 312 219 339 quaeso,
236 303 356 330 retinebo
367 308 393 330 et
403 304 577 338 complectar:
600 313 648 331 nec
659 313 701 331 me
712 305 800 331 solum
812 305 859 331 de—

59 346 222 377 precatorem
239 340 404 367 fortunarum
418 346 533 373 tuarum,
547 342 594 368 sed
605 343 730 368 comitem
741 343 859 368 socium-

59 387 113 414 que
125 378 280 414 profitebor:
303 383 391 413 atque,
404 383 434 405 ut
445 387 523 414 spero
534 387 623 410 ,nemo
633 380 682 405 erit
692 384 746 405 tam
756 379 857 406 crudeli

59 416 148 443 animo
163 420 272 451 tamque
286 416 443 447 inhumano,
462 425 510 442 nec
525 421 578 443 tam
589 417 738 448 immemor,
753 425 805 443 non
816 417 858 443 di-

58 462 117 480 cam
129 461 250 480 meorum
261 453 288 479 in
301 453 384 480 bonos
396 454 560 485 meritorum,
573 454 621 480 sed
632 454 797 480 bonorumin
804 463 855 485 me,

58 491 107 526 qui
123 499 137 517 a
153 499 196 517 me
211 490 265 516 mei
276 495 437 517 servatorem
449 491 543 525 capitis
555 491 666 517 divellat
676 500 705 517 ac
717 491 855 518 distrahat.

58 528 116 554 Non
128 536 178 564 ego
189 528 256 554 meis
270 532 393 554 ornatum
405 528 542 554 beneficiis
553 537 567 554 a
579 528 655 554 vobis
666 528 802 563 deprecor,
814 529 857 554 iu-

58 564 141 596 dices,
150 565 197 591 sed
203 565 341 591 custodem
348 565 443 591 salutis
450 574 537 592 meae:
554 574 605 591 non
611 565 710 600 opibus
716 566 855 597 contendo,

58 611 111 629 non
123 603 286 633 auctoritate,
300 611 352 629 non
362 603 455 638 gratia,
469 602 516 628 sed
527 603 661 637 precibus.
674 602 854 634 sedlacrimis,

58 639 107 666 sed
122 639 317 666 misericordia:
343 648 505 674 mecumque
521 648 568 666 vos
583 639 665 665 simul
681 639 725 666 hic
737 640 857 666 miserri-

58 685 120 703 mus
136 681 161 704 et
173 677 292 712 optimus
302 677 449 703 obtestatur
460 685 564 711 parens,
578 681 603 702 et
614 685 661 711 pro
672 685 726 703 uno
738 676 793 703 filio
803 677 857 703 duo

59 718 147 748 patres
158 714 342 749 deprecamur.
376 716 432 740 103.
446 713 540 745 Nolite,
554 713 667 745 iudices,
681 722 727 748 per
738 722 794 745 vos=
809 723 856 749 per

58 751 179 778 fortunas
200 755 312 782 vestras,
334 759 382 786 per
399 750 497 777 liberos
513 756 626 782 vestros,
643 751 761 777 inimicis
777 752 853 783 meis,

57 789 102 815 his
120 789 285 824 praesertim,
307 797 375 823 quos
396 796 445 823 ego
465 796 513 822 pro
533 793 618 814 vestra
635 787 721 814 salute
736 789 853 823 suscepi,

57 826 122 853 dare
137 825 272 857 laetitiam,
285 825 472 862 gloriantibuS‚
487 834 535 852 vos
544 826 598 852 iam
609 825 706 852 oblitos
718 826 770 852 mei
783 826 856 852 salu-

827 159 1058 186 PLANCIO.

1109 159 1128 186 C
1143 159 1164 185 A
1179 159 1207 185 P.
1243 160 1274 185 39
1295 174 1331 178 -
1353 160 1393 185 42.
1659 161 1708 186 569

911 231 944 257 tis
959 231 1027 261 eius,
1045 239 1059 256 a
1074 239 1128 265 quo
1140 238 1197 256 mea
1211 229 1285 256 salus
1296 234 1450 256 conservata
1461 234 1509 260 est,
1524 229 1614 256 hostes
1626 231 1709 256 exsti-

910 268 983 294 tisse.
1023 267 1110 294 Nolite
1125 268 1245 293 animum
1261 276 1351 293 meum
1367 267 1506 294 debilitare
1521 275 1606 302 quum
1624 267 1705 298 luctu,

910 310 967 331 tum
989 305 1068 331 etiam
1089 309 1161 331 metu
1177 309 1353 331 commutatae
1369 309 1471 331 vestrae
1486 304 1631 330 voluntatis
1647 313 1708 340 erga

910 351 966 369 me:
992 343 1072 368 sinite
1084 351 1134 372 me,
1148 342 1221 377 quod
1233 342 1309 368 vobis
1321 342 1405 368 fretus
1420 342 1482 368 huic
1493 350 1573 376 saepe
1584 343 1705 376 promisi,

910 380 937 406 id
952 389 966 406 a
983 380 1060 406 vobis
1073 380 1097 405 ei
1110 379 1269 414 persolvere.
1303 381 1360 406 ⁴04.
1374 380 1472 414 Teque,
1486 378 1515 406 C.
1529 379 1613 410 Flavi,
1627 387 1672 405 oro
1683 384 1708 406 et

909 417 1034 448 obtestor,
1043 417 1090 451 qui
1100 425 1220 443 meorum
1231 416 1404 443 consiliorum
1416 418 1443 443 in
1455 416 1594 443 consulatu
1607 417 1705 447 socius,

909 454 1090 489 periculorum
1102 454 1244 488 particeps,
1257 462 1356 485 rerum,
1370 462 1437 489 quas
1449 454 1530 489 gessi,
1543 453 1708 480 adiutorsui-

909 492 952 522 sti,
971 500 1068 526 meque
1079 500 1131 517 non
1144 491 1222 517 modo
1232 491 1338 517 salvum
1350 500 1465 526 semper,
1479 491 1526 517 sed
1536 491 1616 517 etiam
1631 499 1708 518 orna-

909 533 966 555 tum
981 528 1172 563 florentemque
1189 537 1248 554 esse
1259 528 1383 555 voluisti:
1408 533 1437 555 ut
1447 529 1514 554 mihi
1526 537 1573 563 per
1585 528 1633 555 hos
1644 537 1708 555 con-

909 574 1000 592 serves
1016 574 1088 596 eum,
1105 574 1152 600 per
1166 574 1247 601 quem
1264 574 1306 592 me
1318 566 1365 592 tibi
1377 566 1456 592 ethis
1466 571 1654 592 conservatum
1666 567 1708 592 vi-

908 603 966 629 des.
997 603 1076 629 Plura
1088 611 1120 629 ne
1131 603 1228 633 dicam,
1241 607 1301 629 tuae
1313 612 1355 629 me
1367 604 1446 629 etiam
1459 602 1581 629 lacrimae
1592 603 1708 638 impedi-

909 645 957 666 unt
976 645 1142 675 vestraeque,
1165 640 1277 671 iudices.
1304 649 1356 667 non
1378 640 1466 666 solum
1488 649 1573 667 meae:
1604 641 1707 676 quihus

908 686 966 713 ego,
990 686 1088 712 magno
1107 677 1134 703 in
1155 682 1229 703 metu
1250 686 1318 708 meo,
1342 678 1432 704 subito
1448 677 1561 704 inducor
1575 678 1602 704 in
1619 687 1704 713 spem.

911 723 956 741 vos
977 714 1084 741 eosdem
1100 715 1127 740 in
1144 714 1193 741 hoc
1208 715 1390 741 conservando
1408 715 1520 745 futuros,
1538 715 1585 750 qui
1603 715 1707 741 fueritis

907 752 936 778 in
951 760 1008 778 me:
1045 752 1173 787 quoniam
1190 752 1249 778 istis
1265 753 1361 778 vestris
1378 752 1495 778 lacrimis
1511 752 1543 778 de
1554 752 1609 778 illis
1621 761 1707 779 recor-

907 789 964 821 dor,
976 797 1044 824 quas
1055 797 1103 824 pro
1115 797 1157 815 me
1168 797 1248 825 saepe
1258 793 1284 816 et
1295 789 1411 816 multum
1424 789 1593 825 profudistis.

768 916 998 932 --—ea‘.·oQ——

859 1043 900 1069 52.

590 1106 624 1135 M.
660 1106 840 1136 TULLII
875 1107 1170 1137 CICERONIS

843 1182 918 1205 PRO

344 1241 386 1290 C.
456 1242 880 1294 RABIRIO
950 1242 1427 1294 POSTUMO

669 1335 858 1375 ORA

905 1338 1086 1376 TlO.

597 1482 808 1510 NOTITIA
841 1482 1164 1511 LITTERARIA.

165 1540 227 1562 Haec
237 1541 311 1563 oratio
319 1541 383 1564 aicta
390 1546 423 1564 es!
433 1543 458 1563 L.
471 1543 570 1564 Domttz'n
581 1543 726 1565 Ahenobarbo
735 1559 741 1569 ,
756 1543 833 1572 Appio
844 1543 941 1565 claudio
950 1544 1052 1565 Pulchro
1062 1552 1117 1566 con.
1128 1547 1186 1572 (700.
1202 1545 1239 1569 ζ’.)

109 1645 186 1666 ARG.
197 1645 224 1666 Α.
232 1645 351 1671 Gabinius,
357 1653 422 1672 quum
433 1647 529 1673 insyria
539 1655 586 1669 tum
598 1648 751 1675 proconsulari
763 1649 856 1676 imperio

55 1684 122 1706 esset,
142 1687 154 1701 a
168 1680 296 1702 Ptolemaeo
311 1689 362 1707 rege
372 1682 468 1710 Aegypti
483 1683 555 1704 decem
566 1683 667 1705 millibus
678 1684 784 1705 talentum
795 1691 856 1705 aece-

56 1715 108 1742 ptis,
127 1722 196 1737 ausu}
211 1720 245 1737 est
259 1723 306 1737 eum
317 1717 340 1737 in
351 1724 440 1742 regnum
451 1718 578 1744 restituere,
590 1726 632 1739 non
643 1719 705 1740 modo
717 1719 806 1740 iniussu
817 1727 855 1746 po-

56 1749 111 1778 puli,
131 1751 170 1771 :etl
183 1751 248 1772 etiam
260 1755 337 1772 contra
346 1752 370 1773 S.
382 1753 407 1774 C.
431 1753 509 1780 Itaque
519 1761 583 1781 quum
595 1761 622 1774 ex
633 1754 748 1781 provincia
758 1755 855 1775 rentium

56 1785 153 1810 Rumam.
165 1792 215 1807 reus
227 1786 299 1808 factus
310 1790 344 1808 est
353 1787 469 1814 legelulia
478 1789 505 1809 de
516 1789 645 1817 repetundis
656 1796 669 1809 a
680 1789 822 1814 antoninum.
834 1793 855 1810 et

55 1820 154 1847 quamvis
174 1821 305 1843 defendente
319 1822 427 1844 Cicerone
446 1823 604 1845 condemnatus
619 1827 659 1845 est.
685 1824 723 1845 Lis
738 1824 855 1845 aestimata

54 1858 90 1876 est
98 1855 190 1876 totidem
202 1855 301 1882 talantin,
312 1860 367 1884 quot
376 1862 498 1886 acceperat.
515 1861 577 1883 Quae
587 1866 670 1880 summa
680 1859 788 1887 pecuniae
798 1860 854 1887 quod

55 1896 83 1911 ex
102 1890 167 1912 laonia
178 1891 271 1912 Gabinii
289 1892 378 1914 redacta
392 1900 435 1913 non
450 1896 505 1919 erat,
526 1894 600 1914 caulem
611 1893 659 1919 loge
669 1893 728 1915 Iulia
737 1899 854 1916 accuratu·

54 1928 89 1946 eut
98 1925 205 1947 Rabiriu-
215 1927 343 1952 Poutumun.
364 1934 430 1954 eques
441 1928 561 1953 Romanus.
573 1928 610 1955 qui
620 1931 704 1956 partem
715 1928 778 1950 iniu-
789 1936 854 1956 pecu—

54 1960 106 1981 niae
124 1961 256 1988 accepi-net.
275 1965 307 1987 ut,
319 1965 423 1989 quantum
443 1970 540 1984 summae
555 1964 627 1984 decem
639 1964 734 1985 millium
745 1964 853 1985 talentum

53 1995 149 2020 ‹leon-et.
160 1995 305 2023 penali-oret.
335 1997 375 2018 Ent-
385 2004 435 2022 ergo
446 2004 526 2019 caussa
536 1998 624 2019 Rabirii
634 1999 781 2026 appendicula
790 2006 854 2020 caua-

54 2037 93 2051 aae
113 2030 260 2056 Gabiniano,
277 2031 351 2052 eodem
362 2035 499 2057 accusatore,
511 2033 585 2054 eodum
596 2034 713 2055 ulefensoro
723 2037 780 2055 acta.
810 2035 854 2056 De-

28 2070 30 2072 ’
54 2065 166 2087 tensionis
177 2065 230 2087 baec
240 2065 299 2087 inita
308 2069 343 2088 est
352 2067 410 2088 ratio
422 2074 434 2088 a
445 2067 560 2093 Cicerone,
571 2070 596 2089 ut
607 2068 685 2096 primo,
696 2069 745 2094 lege
755 2070 781 2090 de
792 2076 854 2097 repo-

53 2099 138 2124 tundis,
157 2107 214 2127 quae
232 2099 340 2121 avaritiae
358 2101 525 2126 iungi-trutinum
539 2103 709 2131 provincialium
721 2105 855 2125 coercendae

53 2141 133 2156 eauaaa
153 2134 199 2156 lata
209 2138 276 2159 esset.
292 2138 415 2162 eque-trem
426 2137 525 2158 ordinem
537 2138 608 2158 teneri
619 2142 720 2164 negaret:
737 2139 818 2160 deinde
827 2140 854 2160 ant

51 2169 168 2191 Rabirium
188 2170 271 2191 nullam
289 2174 373 2198 partem
393 2172 501 2198 pecuniae
518 2173 647 2200 powfflune
666 2174 800 2199 ostenderet.
816 2175 853 2195 aetl

54 2211 102 2226 euin
120 2205 196 2233 potius
209 2208 293 2226 tantum
312 2206 419 2233 pecuniae
428 2206 556 2228 Ptolemaeo
567 2209 698 2233 credidi-ne.
709 2211 741 2233 ut,
752 2216 817 2235 quum
829 2216 854 2230 ει

54 2240 148 2268 pecunia
163 2240 251 2262 :eddim
260 2248 303 2261 non
314 2245 381 2267 euet,
392 2241 496 2263 omnihu-
508 2243 572 2264 bonin
583 2250 674 2264 ever-un
685 2247 706 2264 et
717 2244 765 2264 furo
775 2245 853 2265 centem

53 2277 143 2296 tunetu-
162 2278 229 2300 esset,
245 2275 291 2296 nisi
310 2276 335 2297 C.
347 2276 451 2297 Cae-nri·
466 2276 604 2299 liberalitate
620 2279 701 2299 rui-not
716 2278 851 2300 sublevatus.

53 2309 155 2337 nonique
165 2317 221 2335 eum.
241 2310 305 2332 cuiun
325 2311 439 2332 beneficii·
454 2319 478 2332 ne
492 2312 591 2334 exsulem
611 2316 697 2335 auctum
714 2321 764 2335 ense
777 2318 853 2340 gratum

53 2348 166 2371 memorat,
177 2345 274 2367 iudicum
285 2345 454 2367 misericordiae
463 2348 608 2368 commendat.

109 2393 130 2421 1.
149 2395 172 2421 l.
190 2389 223 2422 Si
238 2395 301 2430 quis
317 2399 366 2426 est,
383 2395 496 2427 iudices.
514 2397 561 2431 qui
577 2396 606 2423 C.
619 2397 766 2428 Rabirium.
779 2398 852 2433 quod

53 2438 118 2458 suae
129 2430 251 2459 fortunae
262 2432 386 2460 fundatas
400 2434 640 2468 praesertimntque
647 2435 747 2469 optime
753 2435 854 2462 consti-

54 2471 125 2495 tutas
148 2477 214 2504 opes
237 2471 359 2505 potestati
385 2471 472 2506 regiae
497 2470 658 2506 libidinique
679 2473 850 2503 commiserit.

54 2505 306 2540 reprehendendum
327 2512 411 2543 putet,
438 2508 553 2534 ascribat
577 2508 609 2535 ad
625 2508 755 2535 iudicium
771 2518 852 2536 suum

56 2549 108 2569 uon
123 2543 201 2570 modo
215 2553 312 2576 meam,
329 2544 376 2571 sed
388 2545 470 2572 huius
481 2545 560 2571 etiam
573 2545 669 2580 ipsius
682 2546 729 2581 qui
741 2547 854 2573 conimi-

55 2578 99 2610 sit.
112 2581 280 2608 sententiam.
312 2583 405 2617 Neque
416 2582 486 2609 enim
499 2583 625 2617 cuiquam
637 2584 696 2609 eius
707 2583 852 2610 consilium

56 2615 251 2650 vehementius.
273 2627 354 2654 quam
370 2619 431 2654 ipsi,
448 2619 582 2654 displicet.
622 2620 791 2655 Quamquam
804 2621 852 2648 hoo

56 2651 216 2689 plerumque
236 2655 359 2688 facimus,
373 2661 402 2683 ut
422 2656 532 2684 consilia
544 2658 647 2684 eventis
660 2658 849 2692 ponderemus,

56 2693 90 2721 et.
103 2691 147 2718 cui
159 2690 226 2718 bene
236 2693 301 2728 quid
313 2694 480 2729 processerit,
495 2694 611 2722 multum
623 2694 702 2722 illum
716 2695 852 2731 providis-

908 1659 946 1682 se,
968 1651 1012 1677 cui
1028 1659 1116 1683 secus,
1134 1651 1201 1678 nihil
1219 1652 1336 1678 sensisse
1347 1650 1479 1677 dicamus.
1521 1649 1549 1676 Si
1561 1649 1708 1676 exstitisset

907 1689 935 1714 in
956 1696 1018 1724 rege
1039 1689 1114 1720 fides,
1139 1689 1207 1715 nihil
1224 1689 1373 1723 sapientius
1391 1689 1528 1715 Postumo:
1552 1688 1615 1722 quia
1632 1686 1708 1713 sefel-

908 1725 939 1752 lit
959 1734 1014 1757 rex,
1033 1726 1100 1753 nihil
1118 1726 1166 1753 boc
1182 1727 1314 1753 amentius
1330 1726 1441 1752 dicitur:
1464 1726 1556 1752 utiam
1570 1724 1636 1751 nibil
1648 1733 1708 1751 esse

907 1763 1039 1794 videatur,
1062 1764 1115 1790 nisi
1136 1764 1265 1794 divinare.
1289 1763 1428 1798 sapientis⁴
1460 1765 1485 1789 Ξ.
1503 1762 1554 1789 Sed
1567 1767 1664 1792 tamen.
1683 1762 1707 1788 si

906 1801 969 1835 quis
980 1805 1028 1832 est,
1042 1801 1209 1837 iudices„qui
1222 1801 1294 1827 illam
1302 1801 1421 1827 Postumi
1438 1801 1495 1826 sive
1505 1801 1611 1826 inanem
1619 1808 1705 1834 spem,

906 1838 965 1864 sive
985 1838 1163 1865 inconsultam
1180 1839 1307 1865 rationem
1324 1839 1381 1864 sive
1396 1838 1435 1873 (ut
1449 1838 1611 1874 gravissimo
1626 1837 1708 1864 verbo

906 1875 975 1911 utar)
995 1877 1179 1907 temeritatem.
1199 1876 1402 1911 vituperandam
1419 1879 1502 1910 putet,
1519 1884 1568 1911 ego
1579 1875 1638 1901 eius
1649 1875 1708 1909 opi-

907 1914 980 1940 nioni
1002 1922 1052 1940 non
1069 1922 1203 1950 repugno:
1226 1913 1294 1940 illud
1314 1918 1400 1940 tamen
1417 1913 1552 1948 deprecor.
1566 1917 1604 1943 ut.
1620 1920 1706 1947 quum

906 1950 1006 1985 abipsa
1019 1951 1123 1977 fortuna
1135 1951 1323 1978 crudelissime
1336 1951 1424 1977 videat
1436 1951 1518 1976 buius
1529 1949 1641 1977 consilia
1648 1957 1707 1976 esse

907 1988 1042 2019 mulctata,
1056 1997 1088 2015 ne
1099 1989 1166 2024 quid
1178 1989 1210 2015 ad
1225 1997 1270 2015 eas
1281 1988 1492 2023 ruinas-„quibus
1505 1988 1548 2014 bic
1558 1995 1706 2022 oppressus

906 2029 954 2057 est,
977 2026 1131 2052 addendum
1147 2026 1300 2052 acerbitatis
1312 2030 1396 2061 putet.
1437 2025 1508 2052 Satis
1520 2029 1568 2055 est,
1584 2025 1706 2051 homines

905 2063 1086 2097 imprudentia
1108 2063 1196 2098 lapsos
1208 2072 1258 2090 non
1271 2064 1386 2098 erigere:
1409 2071 1504 2098 urgere
1516 2070 1579 2088 vero
1590 2063 1705 2088 iacentes

906 2105 952 2126 aut
972 2101 1176 2135 praecipitantes
1198 2100 1336 2135 impellere
1360 2105 1430 2126 certe
1449 2105 1489 2126 est
1511 2100 1703 2126 inhumanum:

906 2139 1071 2172 praesertim.
1094 2138 1206 2168 iudices.
1229 2147 1315 2173 quum
1337 2138 1373 2164 sit
1394 2138 1442 2164 boc
1457 2137 1548 2173 generi
1565 2137 1704 2163 bominum

906 2183 988 2209 prope
1009 2179 1101 2201 natura
1117 2175 1224 2206 (latum,
1242 2176 1290 2205 uti.
1307 2183 1361 2210 qua
1377 2175 1404 2201 in
1425 2174 1525 2200 familia
1543 2174 1600 2200 laus
1615 2173 1704 2208 aliqua

907 2211 972 2238 sorte
993 2211 1125 2242 floruerit.
1148 2213 1215 2238 banc
1232 2211 1299 2242 sere,
1316 2213 1364 2247 qui
1384 2217 1448 2238 sunt
1463 2211 1584 2238 eiusdem
1601 2211 1702 2245 stirpis.

904 2249 978 2283 quod
994 2250 1133 2275 sermone·
1146 2249 1285 2275 bominum
1302 2258 1332 2275 uc
1343 2250 1470 2275 memoria
1483 2254 1587 2284 patrum
1601 2248 1704 2274 virtus·

906 2286 1065 2315 celebretur,
1079 2286 1255 2321 cupidissime
1268 2291 1476 2321 persequuntur:
1500 2285 1635 2320 siquidem
1653 2293 1704 2311 non

906 2323 984 2349 modo
999 2324 1025 2350 in
1041 2323 1125 2358 glorio
1138 2324 1174 2349 rei
1187 2323 1310 2349 militaris
1328 2323 1450 2349 Paullum
1463 2323 1553 2357 Scipio
1563 2327 1608 2348 aut
1621 2322 1704 2348 Muxi-

906 2369 979 2386 mum
993 2360 1075 2391 titius.
1092 2361 1139 2386 scd
1151 2361 1229 2386 etiiun
1243 2360 1269 2386 in
1281 2360 1422 2386 dovotione
1435 2361 1503 2386 vitae
1514 2364 1538 2385 ct
1550 2360 1576 2385 in
1589 2360 1647 2394 ipso
1657 2367 1704 2395 gt>

906 2406 966 2424 nere
979 2398 1070 2423 mortis
1083 2398 1202 2424 imitatus
1214 2402 1254 2423 est
1266 2398 1293 2423 Ι).
1308 2398 1415 2423 Decium
1429 2397 1510 2422 lilius.
1551 2397 1611 2422 Sint
1622 2397 1705 2432 igitur

905 2434 1013 2465 similia.
1031 2434 1142 2464 iudices.
1158 2443 1237 2469 parva
1251 2435 1365 2470 magnis.
1389 2435 1418 2460 ll.
1433 2436 1456 2459 3.
1471 2434 1529 2460 Fuit
1542 2434 1623 2460 enim.
1637 2442 1704 2468 pu&

906 2473 942 2498 ris
963 2472 1054 2503 nobiS,
1078 2472 1160 2498 liuius
1182 2477 1254 2507 puter
1268 2472 1297 2497 (ἶ.
1315 2472 1438 2500 Curtius.
1457 2472 1581 2506 princeps
1600 2471 1702 2497 ordinis

904 2509 1047 2544 equestris.
1066 2508 1228 2535 fortissimus
1243 2514 1267 2535 et
1279 2510 1414 2535 maximus
1427 2509 1602 2543 publicanus:
1623 2509 1702 2535 cuius

904 2547 931 2572 in
944 2546 1057 2581 negotiis
1067 2546 1192 2582 gerendis
1207 2546 1418 2582 magnitudinem
1431 2546 1512 2572 nuiuii
1525 2555 1576 2572 non
1589 2551 1641 2572 tam
1654 2545 1703 2572 bo-

905 2584 991 2610 minos
1002 2583 1168 2618 probassent.
1178 2584 1229 2610 nisi
1243 2583 1367 2610 iueodcm
1376 2583 1526 2619 benignitas
1535 2582 1701 2609 incredibilis

905 2620 1012 2647 suisset:
1036 2625 1065 2647 ut
1085 2621 1111 2648 in
1128 2621 1249 2657 migendn
1266 2630 1292 2647 rt·
1305 2630 1355 2647 non
1367 2621 1492 2646 avaritiae
1505 2621 1638 2655 praedam.
1652 2620 1700 2646 sed

903 2658 1112 2684 instrumentum
1127 2658 1236 2685 bonitati
1249 2666 1376 2693 quaerero
1388 2658 1530 2684 videretur.
1553 2659 1576 2685 t.
1591 2658 1643 2684 lloc
1656 2656 1700 2684 illo

903 2696 1124 2731 natus.quamvis
1136 2701 1238 2731 patrem
1249 2704 1330 2722 suuni
1343 2703 1490 2731 numquam
1499 2695 1602 2726 viderit.
1612 2700 1699 2722 tamen

1461 2744 1492 2768 7²
