1941 3052
250 197 280 220 38
832 197 855 221 5.
892 196 914 221 Μ
962 196 989 221 Ἰἶ

251 266 336 300 primo
355 269 460 299 propter
479 264 644 291 in-olvntiam
665 265 844 295 ret-laniantes,
865 265 961 291 ‹li-inde
980 275 1040 300 pr«)-

250 308 308 337 ptcr
326 304 452 329 ratium—m
471 308 549 337 atqui·
567 304 710 328 orationem
730 303 877 328 stunlm-ius
891 303 1037 333 audit-ntes,

249 350 280 366 ex
306 340 367 366 feris
385 345 409 365 ct
429 340 591 366 immanibus
611 346 687 365 mites
707 340 819 365 reddidit
837 345 862 364 ct
877 346 1038 366 mansuetos.

250 381 274 403 1⁵,
307 378 343 404 Ac
358 378 422 403 milii
438 377 546 411 quidem
564 377 667 402 iidetur
687 377 734 402 lim·
750 386 796 402 ιιι-ι·
812 377 886 402 tacita
903 386 949 403 nec
964 378 1040 412 inops

249 415 354 441 diccudi
378 415 505 449 supientia
530 415 653 448 perfici-re
677 415 802 447 putuisse,
831 419 857 439 ut
882 414 1002 440 hominen
1027 425 1039 440 a

249 452 440 478 cousuetudim·
458 452 547 477 subito
566 456 728 476 coru-vrtn-ret
754 456 778 476 et
793 451 824 476 ad
839 451 958 477 diversas
974 452 1040 477 ritae

251 490 363 515 rationes
387 489 541 514 traduceret,
577 489 630 519 ,tm-
656 497 724 518 wro,
752 488 864 513 urbibus
878 490 1037 518 constitutis,

251 531 278 552 ut
293 526 371 552 fidem
386 526 469 551 t·(›lt·t't·
484 530 507 550 vt
524 526 651 550 iustitium
669 526 779 551 retineri·
794 525 966 555 ‹tiss-oronim!
981 526 1040 552 aliis

251 572 340 597 part-ro
359 572 405 588 ¹sua
423 563 554 588 voluntat«-
573 567 782 592 consiwsccrent,
800 573 828 587 ιιι·
844 572 893 588 non
912 563 990 589 modo
1005 563 1041 588 la-
1062 584 1063 591 ,

250 601 325 626 bores
340 600 510 633 excipiendos
524 600 674 625 ‹winmunis
685 600 815 625 commodi
828 609 930 629 caussa,
945 601 990 626 sed
1002 606 1041 626 ct-
1062 627 1063 630 ,

251 638 300 663 iam
318 638 396 663 xitam
412 637 582 662 amittendam
597 638 792 662 existimarent:
809 638 855 671 qui
868 638 972 663 tamti-in
985 638 1039 663 ficri

250 675 342 709 putuit,
369 674 418 700 uisi
444 674 564 700 homines
589 683 626 704 ca,
651 683 719 708 quae
743 675 841 700 ratione
865 675 1038 704 inu-nissum,

249 712 398 746 eloquentia
414 711 571 746 persuadere
582 712 748 745 potuissent?
763 711 878 737 Protei-to
891 721 976 741 nenio,
990 713 1039 738 nisi

247 749 321 782 gravi
337 754 362 774 ct
376 749 451 774 suavi
466 754 614 774 commotus
628 749 752 779 oratione,
769 758 853 783 quum
867 750 969 775 virilius
981 749 1040 783 plu—

249 787 346 812 rimum
371 791 467 820 posset,
492 786 524 812 ud
547 786 588 812 ius
608 786 736 812 voluisset
756 787 813 812 sine
830 787 853 812 ιί
868 786 1038 816 descendere.

249 828 285 854 ut,
306 824 374 850 inter
391 833 459 858 quos
474 828 563 858 posset
579 823 717 854 excellere,
742 833 802 849 cum
819 824 851 849 iis
865 833 893 849 se
909 829 1040 858 pateretur

248 861 398 895 aeqtiai·i,et
411 870 458 887 sua
472 861 604 887 voluntate
619 870 632 886 a
643 861 836 887 iucundissima
847 861 1039 887 consuetudine

248 898 388 928 recederet,
404 907 472 933 quac
488 899 640 932 praesertim
657 899 708 924 iam
723 903 830 924 naturae
847 899 899 924 vim
910 898 1040 924 obtineret

249 940 354 970 propter
369 940 535 961 vetustatem.
570 936 605 961 Ac
625 935 710 970 ptimo
723 935 832 970 quidem
851 935 889 961 sic
903 940 929 962 et
943 940 1001 962 nata
1015 940 1040 961 et

248 982 386 1007 progressa
406 973 465 1006 long„¹
460 973 510 998 ius
529 973 678 1007 (loquentia
699 973 758 998 ild«
762 978 811 1003 tur
828 978 853 999 et
872 973 934 999 item
950 978 1038 1007 postea

248 1011 372 1036 maximis
384 1011 409 1036 in
423 1001 501 1036 relius
513 1020 558 1044 pac
563 1011 584 1036 is
594 1015 617 1036 et
629 1010 691 1036 belli
701 1019 762 1036 cum
773 1011 888 1036 summis
900 1010 1038 1036 hominum

249 1047 408 1074 utilit-itibus
427 1056 485 1073 esse
505 1052 615 1073 iti-sita.
651 1048 793 1082 Postquam
810 1056 872 1074 vero
885 1047 1038 1073 calliditas*

247 1085 386 1119 quaedam.
404 1094 483 1119 prava
499 1085 604 1111 virtutis
615 1085 751 1116 imitatrix,
765 1086 822 1111 sine
837 1085 935 1111 ratione
947 1085 1036 1116 officii,

246 1122 351 1148 dicendi
370 1123 473 1156 copiam
488 1127 626 1148 consecuta
641 1127 689 1153 est,
711 1127 766 1148 tum
783 1123 890 1157 ingenio
904 1122 968 1148 freta
984 1132 1039 1148 ma-

248 1160 302 1186 litia
327 1164 474 1194 pervertere
499 1160 578 1186 urbes
601 1164 626 1186 ct
640 1160 707 1186 vitas
723 1160 862 1186 homiuum
883 1159 1038 1186 labefactare

246 1197 373 1223 assuevit.
408 1198 450 1223 111.
475 1196 561 1232 Atque
581 1197 662 1223 liuius
679 1206 787 1232 quoque
805 1197 944 1223 exordium
964 1197 1036 1228 mali,

246 1235 372 1269 quoniam
387 1235 548 1268 principium
563 1235 624 1260 boni
639 1235 767 1266 diximus,
785 1235 960 1269 explicemus.

303 1273 326 1298 ιι.
336 1272 393 1298 veri
409 1272 578 1298 simillimum
593 1272 659 1298 mihi
671 1272 784 1302 iidetur,
793 1272 908 1306 quodam
923 1277 1038 1306 tempore
1060 1281 1061 1288 ι

247 1318 332 1344 neque
347 1310 372 1335 ιιι
388 1309 504 1343 publicis
519 1310 599 1335 rebus
614 1309 727 1336 infantes
741 1315 766 1336 et
780 1310 936 1344 insipientes
952 1309 1039 1335 hoini-

246 1356 292 1372 nes
306 1346 397 1373 solitos
415 1355 473 1372 esse
488 1348 595 1377 versari,
616 1356 663 1373 nec
678 1356 739 1373 vero
753 1347 784 1372 ad
800 1348 915 1381 privatas
930 1356 1038 1373 caussas

246 1393 356 1419 magnos
374 1392 402 1409 ac
420 1384 532 1410 disertos
552 1384 673 1411 homines
687 1384 823 1416 accedcrc;
852 1384 907 1415 sed,
924 1393 1008 1419 quum
1023 1393 1037 1409 a

244 1421 359 1447 summis
374 1421 438 1447 viris
453 1422 583 1447 maximae
597 1431 638 1448 res
653 1422 909 1452 administrarentur,
926 1422 1038 1448 arbitror

244 1458 310 1485 alios
333 1458 416 1484 fuisse
440 1467 490 1485 non
514 1459 653 1485 incallidos
678 1460 808 1490 homines,
829 1460 876 1494 qui
895 1459 927 1485 ad
943 1468 1037 1493 parvas

243 1497 435 1522 controversias
450 1497 613 1530 privatorum
628 1496 789 1522 accederent.
814 1497 919 1528 Quibus
934 1497 960 1522 in
975 1505 1038 1522 con·
1059 1506 1061 1510 ’

245 1533 380 1559 troversiis
399 1542 483 1567 quum
502 1542 580 1568 saepe
599 1543 612 1559 a
627 1534 764 1560 mendacio
777 1538 866 1559 contra
881 1542 974 1559 verum
989 1533 1038 1560 ho-

244 1570 329 1596 mines
352 1575 419 1596 stare
442 1576 655 1602 consuescerent,
680 1571 786 1597 dicendi
809 1571 952 1597 assiduitas
971 1570 1037 1597 aluit

243 1607 389 1639 audaciam,
412 1612 441 1634 ut
458 1608 607 1635 necessario
625 1609 775 1643 superiores
790 1608 828 1634 illi
844 1613 951 1643 propter
965 1609 1037 1634 iniu-

243 1645 295 1671 rias
319 1645 420 1671 civium
443 1646 565 1672 resistere
588 1645 749 1676 audacibus,
774 1649 800 1671 et
825 1645 950 1680 opitulari
978 1646 1036 1672 suis

242 1682 359 1717 quisque
373 1683 528 1709 necessariis
542 1687 707 1718 cogerentur.

242 1719 326 1746 cendo
344 1728 422 1754 saepe
437 1729 491 1755 par,
515 1729 716 1755 nonnumquam
730 1721 810 1746 etiam
824 1721 946 1754 superior
960 1721 1036 1746 visus

242 1761 312 1783 esset
326 1757 357 1788 is,
373 1757 430 1791 qui,
443 1758 542 1784 omisso
552 1757 641 1784 studio
651 1757 804 1792 sapientiae,
818 1757 885 1784 nihil
896 1758 948 1783 sibi
960 1766 1037 1792 prae-

244 1798 281 1820 tei
299 1794 477 1829 eloquentiam
491 1799 677 1829 compar,assct
695 1795 781 1826 fiebat,
803 1800 832 1821 ut
846 1800 871 1821 et
884 1795 1037 1821 multitudi-

243 1832 284 1858 nis
298 1836 323 1858 et
337 1840 386 1858 suo
400 1832 499 1858 iudicio
524 1832 570 1865 dig
561 1841 632 1863 ⁷,nus
653 1833 699 1867 qui
715 1832 940 1868 rempublicamD
924 1837 1033 1863 ‘vereret

1065 1873 1066 1881 ¹
1087 1873 1113 1895 et
1131 1877 1160 1896 ea
1180 1869 1300 1900 facultas,
1321 1877 1390 1904 quae
1403 1869 1542 1895 conficitur
1555 1877 1589 1896 ex
1601 1873 1664 1900 arte,
1681 1874 1811 1896 versatur.

243 1869 385 1895 videretur.
420 1870 486 1895 Hinc
505 1869 631 1895 nimirum
647 1879 698 1896 non
712 1869 818 1901 iniuria,
839 1878 925 1904 quum
923 1853 972 1896 Dad
987 1878 1003 1889 υ
986 1878 1037 1900 ,ιιι-

241 1906 383 1933 bernacula
402 1906 564 1941 reipublicae
583 1907 713 1933 temerarii
727 1911 807 1942 atque
821 1907 934 1933 audaces
949 1907 1036 1934 homi·
1065 1932 1067 1934 ,

241 1952 288 1970 nes
307 1949 478 1975 accesserant,
500 1945 615 1971 maxima
634 1949 659 1970 et
673 1945 821 1971 miserrima
836 1944 973 1979 naufragia
989 1944 1036 1970 fie-

241 1981 313 2007 bant.
348 1980 453 2013 Quibus
471 1982 551 2008 rebus
570 1986 674 2008 tantum
691 1981 745 2008 odii
765 1987 844 2017 atque
858 1966 975 2008 invidiae
988 1990 1036 2008 su—

240 2019 325 2053 scepit
339 2018 497 2053 eloquentia,
510 2024 540 2045 ut
550 2019 901 2055 liommesinweniosissimi
914 2028 991 2054 quasi
1002 2027 1036 2046 ex

241 2054 330 2090 aliqua
345 2056 450 2083 turbida
463 2060 618 2091 tempestate
632 2057 659 2082 in
673 2061 789 2091 portum,
810 2057 848 2083 sic
862 2065 896 2083 ex
909 2057 1033 2083 seditiosa

241 2097 267 2119 et
290 2093 454 2120 tumultuosa
476 2095 529 2120 vita
552 2103 580 2120 se
599 2094 626 2120 in
644 2094 766 2120 studium
780 2094 889 2129 aliquod
903 2094 1035 2120 traderent
1056 2117 1058 2120 ⁴

240 2130 373 2165 quietum.
407 2130 493 2163 Quare
511 2131 577 2157 mihi
596 2131 722 2157 videntur
739 2135 830 2166 postea
847 2136 932 2158 cetera
946 2131 1034 2157 studia

241 2172 309 2193 recta
328 2171 407 2202 atque
426 2168 534 2194 honesta
554 2177 600 2203 per
617 2168 701 2195 otium
719 2168 900 2195 concelebrata
919 2169 952 2195 ab
965 2169 1035 2203 opti·
1057 2185 1059 2191 ι

241 2205 292 2231 ιιιι5
307 2204 449 2237 enituisse;
473 2205 523 2232 hoc
538 2214 599 2232 vero
614 2214 627 2232 a
642 2205 778 2240 plerisque
792 2214 884 2232 eorum
898 2206 1033 2232 desertum

240 2241 404 2268 obsolevisse
418 2250 449 2269 eo
464 2247 588 2277 tempore,
609 2251 663 2278 quo
681 2242 766 2269 multo
780 2243 965 2269 vehementius
979 2247 1034 2269 erat
1064 2251 1065 2270 1

240 2279 410 2305 retinendum
423 2283 449 2306 et
462 2280 610 2306 studiosius
624 2280 822 2316 adaugendum.
857 2282 882 2306 5.
899 2281 965 2306 Nam
979 2288 1034 2315 quo

240 2316 378 2352 indignius
393 2325 448 2343 rem
463 2317 678 2343 honestissimam
693 2322 717 2344 et
731 2317 906 2344 rectissimam
918 2317 1034 2344 violabat

240 2353 383 2380 stultorum
397 2358 422 2380 et
436 2354 617 2389 improborum
630 2355 762 2381 temeritas
772 2359 798 2381 et
808 2354 916 2381 audacia
926 2363 1034 2381 summo

239 2399 301 2416 cum
316 2391 479 2426 reipublicae
493 2391 660 2422 detrimento,
677 2400 708 2418 eo
721 2392 869 2418 studiosius
883 2396 909 2418 et
923 2391 977 2418 illis
991 2400 1034 2418 re-

240 2428 389 2454 sistendum
405 2428 455 2455 fuit
468 2433 494 2455 et
507 2428 670 2464 reipublicae
683 2428 889 2455 consulendum.
905 2428 1033 2461 tv.Qu0d

240 2469 359 2491 nostrum
384 2466 461 2492 illum
485 2475 536 2493 non
558 2466 627 2501 sugit
645 2466 779 2497 Catonem,
799 2475 886 2502 neque
900 2466 1030 2497 Laelium,

240 2510 326 2536 neque
342 2502 437 2529 Ιιοιιιιιι
450 2504 490 2538 (ut
505 2512 565 2530 ieie
579 2503 676 2538 dicam)
689 2503 854 2538 discipulum
865 2503 1030 2535 Africanum,

239 2547 326 2574 neque
341 2539 473 2567 Gracchos
487 2540 602 2567 Africani
618 2545 740 2575 nepotes:
760 2541 881 2576 quibus'
874 2550 902 2567 ιιι
917 2541 1033 2567 homini-

239 2575 291 2602 bus
309 2581 363 2602 erat
381 2585 487 2603 summa
501 2578 586 2604 xirtus
599 2583 624 2604 et
638 2587 743 2604 sunnna
758 2578 856 2604 virtute
874 2577 1031 2612 amplificata
1062 2596 1063 2602 ι

239 2614 380 2639 auctoritas
398 2619 432 2645 et,
452 2623 520 2649 quae
538 2615 580 2641 his
599 2615 679 2641 rebus
697 2620 851 2642 ornamento
864 2620 889 2641 et
903 2615 1033 2649 reipubli-

239 2658 284 2676 cae
302 2650 435 2685 praesidio
453 2657 530 2683 esset,
551 2652 712 2687 eloquentia.
746 2652 833 2684 Quare
848 2661 908 2678 meo
921 2651 1032 2687 quidem

238 2687 327 2714 animo
346 2688 430 2715 nihilo
448 2689 538 2715 minus
555 2689 721 2724 eloquentiae
740 2689 903 2715 studendum
918 2693 966 2719 est,
982 2689 1031 2715 etsi

238 2732 267 2750 ea
282 2724 391 2759 quidam
406 2731 430 2752 ct
445 2727 568 2761 privatim
583 2732 607 2752 et
617 2727 723 2761 publice
735 2735 858 2761 perverse
869 2726 1028 2757 abutuntur3

742 1683 833 1717 Itaque
851 1691 936 1717 quum
953 1683 980 1709 in
994 1683 1036 1709 di-
1058 1681 1066 1715 ,¹

1064 1647 1067 1669 ἵ
1087 1646 1110 1672 ci
1129 1645 1247 1672 officium
1266 1645 1383 1671 dicimus
1401 1653 1468 1675 esse,
1484 1653 1576 1671 curare
1589 1644 1622 1671 ad
1635 1645 1784 1671 sanandum
1797 1654 1880 1680 appo·
1907 1671 1911 1683 Ι,

1087 1683 1145 1713 site,
1163 1682 1250 1714 finem,
1267 1691 1359 1708 sanare
1373 1682 1521 1714 curatione;
1542 1682 1604 1708 item
1618 1683 1727 1708 oratoris
1740 1682 1806 1717 quid
1820 1683 1879 1709 offi-
1906 1687 1909 1707 ῑ

1064 2215 1065 2219 ’
1085 2204 1218 2231 subiicere
1239 2204 1355 2230 videtur.

1025 194 1298 222 ‹zttjtittuxts

1092 266 1137 291 sed
1151 275 1182 291 eo
1195 266 1304 300 quidem
1321 265 1513 293 vehementius.
1530 274 1562 291 ne
1577 265 1637 291 muli
1653 274 1749 301 magno
1761 275 1822 293 cum
1833 267 1881 293 de-
1908 284 1921 290 -.

1093 303 1215 329 trinu-niu
1229 303 1357 328 lastrorum
1372 307 1397 328 et
1410 303 1544 329 communi
1559 303 1678 329 oninium
1695 304 1809 337 pernicie
1820 304 1881 339 plu·
1913 311 1919 318 ⁴*

1092 341 1189 366 rimum
1205 340 1320 374 possint:
1335 348 1420 374 quum
1436 341 1588 374 praesertim
1601 341 1649 366 tior
1660 349 1743 366 uuum
1754 342 1796 370 sit,
1808 342 1880 376 quod
1908 343 1917 375 s

1091 378 1123 402 ad
1137 386 1229 402 ‹uniit-s
1245 387 1286 402 res
1300 382 1324 402 et
1339 377 1453 411 privatas
1468 382 1492 402 et
1507 377 1627 411 publicai·
1642 378 1756 404 maxime
1767 379 1881 413 pertin&
1910 373 1918 390 '⁸

1092 419 1125 443 at,
1152 414 1200 440 hoc
1223 419 1285 444 tum,
1312 414 1360 440 lioc
1378 414 1496 444 bom-sta,
1517 415 1566 440 hoc
1584 415 1705 442 illustris.
1728 415 1775 441 hoc
1789 416 1881 442 eodem
1916 422 1917 425 ’

1094 452 1144 477 vita
1165 451 1280 477 iucurula
1295 452 1347 477 fiat.
1383 451 1448 477 Nam
1468 451 1529 477 hinc
1543 451 1575 477 ad
1590 452 1782 486 rempublicam
1797 453 1882 487 pluri-

1092 498 1133 514 nia
1151 488 1288 514 coiinnmla
1309 489 1428 519 veniunt,
1448 489 1470 514 si
1486 488 1644 515 moderatrix
1658 490 1777 515 υιιιιιιιιιιι
1793 498 1880 516 rerum

1092 531 1195 560 praesto
1217 531 1256 551 est
1270 526 1412 560 ⁴sapientiam
1437 525 1499 552 hinc
1513 525 1544 551 ad
1560 526 1639 559 ipsos,
1660 527 1706 561 qui
1721 535 1778 552 eam
1793 526 1881 562 adepti
1908 543 1915 546 -

1091 568 1162 593 sunt,
1181 563 1246 593 laus,
1264 563 1355 592 liutius.
1372 563 1488 597 dignitas
1502 562 1623 591 confluit;
1640 564 1701 589 hinc
1712 565 1804 589 amicis
1813 573 1881 599 quo-

1091 609 1143 635 que
1165 610 1256 626 eorum
1279 601 1458 626 rvi-tissimum
1482 609 1511 625 ac
1534 601 1698 626 tutissimum
1718 601 1881 635 praesidium

1091 643 1267 672 ‹·oiiiparattir.
1306 638 1342 663 Aa
1369 638 1434 664 milii
1461 637 1570 672 ‹piidem
1599 637 1722 663 videntur
1748 638 1879 669 homines,

1092 683 1176 709 quum
1193 675 1284 700 multis
1299 675 1378 700 rebus
1390 675 1545 701 humiliores
1556 679 1580 700 et
1591 675 1749 700 infirmiores
1760 676 1820 705 sint.
1834 676 1881 702 tuac

1093 721 1118 738 rc
1145 713 1260 738 maxime
1287 712 1378 738 bestiis
1401 717 1541 746 praestare.
1565 712 1636 747 quod
1663 712 1734 746 loqui
1759 717 1879 747 possunt.

1091 748 1176 780 Quare
1196 749 1358 784 praeclarum
1379 750 1443 775 milii
1459 749 1587 784 quiddam
1604 750 1708 775 videtur
1721 750 1833 785 adeptus
1847 751 1879 781 is,

1091 787 1147 821 qui.
1163 796 1215 821 qua
1231 796 1257 812 re
1273 787 1392 813 homines
1407 787 1498 812 bez-tiis
1514 792 1653 821 praestent,
1670 796 1698 812 ea
1714 788 1740 813 in
1755 797 1781 813 re
1796 787 1882 814 homi·
1914 784 1915 789 ¹

1092 824 1172 850 nibus
1187 824 1252 858 ipsis
1267 824 1412 850 antecellat.
1450 824 1502 849 ttoc
1516 824 1538 850 si
1554 824 1618 850 forte
1632 833 1682 850 ιιυιι
1699 829 1789 850 natura
1804 824 1882 851 rnodo

1092 870 1177 895 neque
1196 862 1382 887 exercitatione
1400 861 1547 891 conficitur,
1569 870 1660 887 verum
1679 863 1756 887 etiam
1771 862 1882 889 artificio

1090 898 1205 933 quodam
1229 903 1406 933 comparatur,
1430 908 1480 924 uon
1505 898 1620 924 alienum
1644 904 1683 924 est
1701 899 1799 929 videre,
1815 898 1881 934 quid

1091 936 1179 962 dicant
1198 936 1224 967 ii,
1245 936 1291 970 qui
1307 935 1437 971 quaedam
1452 936 1510 961 eius
1525 936 1561 962 rei
1578 941 1713 971 praecepta
1729 936 1805 962 nobis
1820 936 1881 962 reli-

1090 978 1216 1008 querunt.

1091 1019 1160 1041 mus,
1178 1010 1283 1036 videtur
1296 1010 1439 1036 dicendum
1454 1010 1487 1036 de
1501 1020 1517 1030 ¹
1500 1019 1596 1043 „encre
1611 1011 1696 1045 ipsius
1711 1011 1782 1041 artis,
1798 1010 1831 1037 de
1841 1010 1882 1037 os—

1060 1078 1061 1085 *
1091 1048 1157 1078 ficio,
1172 1047 1204 1073 de
1219 1048 1279 1077 fine
1295 1048 1328 1074 de
1342 1048 1458 1078 materia,
1475 1048 1507 1073 de
1522 1048 1651 1082 partibus.
1668 1049 1733 1074 Nam
1749 1048 1790 1074 his
1801 1048 1881 1075 rebus

1089 1085 1212 1120 cognitis,
1234 1085 1339 1111 facilius
1357 1090 1382 1111 et
1400 1085 1550 1119 expeditius
1570 1086 1650 1111 unius
1672 1086 1805 1120 cuiusque
1823 1086 1882 1112 ani-

1091 1131 1151 1148 mus=
1163 1132 1247 1157 ipsam
1259 1123 1385 1149 rationem
1397 1131 1426 1148 ac
1438 1123 1506 1148 viam
1518 1123 1581 1148 artis
1596 1122 1763 1149 considerare
1778 1123 1879 1158 poterit.

1147 1160 1175 1186 V.
1192 1162 1216 1186 6.
1233 1160 1326 1186 Civilis
1348 1160 1478 1194 quaedam
1503 1160 1568 1186 ratio
1590 1165 1638 1190 est,
1659 1169 1727 1195 quae
1746 1160 1838 1186 multis
1856 1164 1882 1186 et.

1091 1198 1194 1233 magnis
1217 1206 1249 1223 ex
1268 1200 1347 1223 rebus
1365 1202 1475 1223 constat
1510 1197 1575 1223 Eius
1593 1198 1723 1232 quaedam
1743 1206 1837 1233 magna
1856 1202 1882 1224 et

1089 1234 1177 1269 ampla
1192 1243 1252 1269 pars
1265 1239 1305 1260 est
1315 1235 1453 1261 artificiosa
1465 1234 1623 1277 eloquentia
1632 1244 1712 1269 quam
1725 1235 1880 1261 rhetoricam

1091 1281 1137 1297 ιυι·
1139 1277 1192 1298 ·mt.
1228 1273 1293 1298 Nam
1313 1281 1399 1306 neque
1416 1281 1477 1298 cum
1497 1272 1530 1298 iis
1548 1273 1688 1302 sentimus,
1708 1273 1756 1307 qui
1773 1272 1880 1298 citilem

1089 1309 1227 1335 scientiam
1246 1309 1396 1344 eloquentia
1415 1318 1466 1335 non
1486 1314 1578 1343 putant
1593 1309 1725 1344 indigere:
1750 1314 1775 1335 et
1789 1309 1842 1336 ab
1837 1310 1878 1340 iis,

1089 1346 1136 1381 qui
1155 1355 1212 1372 eam
1233 1351 1325 1381 putant
1343 1355 1449 1373 omnem
1469 1346 1580 1373 rhetoris
1595 1347 1620 1372 vi
1635 1352 1659 1372 et
1673 1347 1784 1373 artificio
1796 1347 1881 1373 conti-

1090 1384 1154 1415 neri,
1172 1393 1231 1416 maz.
1225 1393 1269 1410 no
1282 1393 1360 1425 opere
1373 1384 1558 1410 dissentimus.
1591 1383 1677 1415 Quare
1692 1384 1759 1410 hanc
1771 1384 1881 1411 oratori-

1058 1426 1067 1442 ἰ
1089 1430 1130 1447 ani
1149 1405 1300 1447 laenitatem
1321 1421 1348 1447 in
1365 1429 1396 1447 eo
1413 1430 1508 1456 genere
1523 1426 1778 1456 ponenius.11team
1791 1422 1880 1448 civilis
1905 1422 1911 1434 '¹

1580 1458 1705 1485 Officium
1719 1463 1806 1485 autem
1821 1459 1880 1485 eius
1907 1470 1908 1473 ι

1089 1459 1214 1484 scientiae
1228 1463 1328 1493 partem
1342 1467 1401 1484 esse
1415 1459 1545 1484 dicamus.

1089 1495 1222 1522 facultatis
1241 1496 1346 1522 videtur
1365 1504 1432 1527 esse,
1448 1495 1536 1522 dicere
1549 1496 1669 1530 apposite
1683 1495 1715 1522 ad
1729 1496 1880 1530 persuasio-

1089 1542 1163 1566 nem,
1192 1533 1262 1564 finis,
1283 1533 1443 1568 persuadere
1460 1533 1584 1559 dictione.

1089 1576 1140 1597 tem
1159 1575 1185 1597 et
1203 1571 1282 1596 finem
1298 1571 1346 1597 hoc
1360 1571 1476 1600 interest,
1492 1570 1564 1605 quod
1579 1571 1605 1596 in
1619 1570 1715 1601 officio,
1731 1570 1797 1605 quid
1812 1571 1877 1601 fieri,

1089 1609 1115 1634 in
1130 1608 1190 1639 fine,
1206 1608 1272 1643 quid
1286 1607 1373 1634 officio
1385 1608 1532 1637 conveniat,
1545 1607 1736 1634 consideratur.
1752 1608 1783 1634 Ut
1795 1607 1880 1634 rnedi-

1087 1720 1168 1750 cium,
1184 1724 1210 1746 et
1219 1720 1285 1754 quid
1295 1720 1375 1746 finem
1385 1728 1443 1745 esse
1453 1719 1583 1750 dicamus,
1595 1719 1878 1755 intelligemus,quum

1089 1757 1124 1788 id,
1145 1757 1218 1792 quod
1238 1757 1322 1783 facere
1340 1757 1427 1788 debet,
1448 1756 1566 1783 officium
1580 1765 1639 1783 esse
1652 1756 1782 1788 dicemus,
1798 1757 1876 1789 illud,
1906 1767 1908 1770 ·

1087 1795 1166 1821 cuius
1179 1803 1273 1821 caussa
1288 1794 1372 1821 facere
1386 1794 1472 1824 debet,
1491 1794 1570 1820 finem
1584 1794 1790 1829 appellabimus.

1142 1833 1168 1858 7.
1184 1832 1319 1858 Materiam
1333 1832 1396 1858 artis
1410 1840 1467 1857 eam
1481 1831 1606 1862 dicimus,
1627 1832 1654 1858 in
1667 1840 1721 1867 qua
1734 1832 1822 1858 omnis
1835 1840 1878 1858 ars

1087 1907 1110 1932 si
1134 1906 1281 1933 medicinae
1303 1907 1439 1933 materiam
1457 1906 1578 1932 dicamus
1596 1906 1702 1933 morbos
1716 1915 1746 1933 ac
1756 1906 1875 1938 vulnera,

1087 1944 1159 1979 quod
1174 1944 1201 1970 in
1215 1944 1258 1970 liis
1271 1944 1358 1970 omnis
1380 1943 1510 1970 medicina
1528 1948 1661 1976 vei-setun
1688 1945 1761 1975 item,
1776 1944 1878 1979 quibus

1087 1982 1114 2008 in
1129 1981 1208 2008 rebus
1223 1986 1344 2007 versatur
1357 1989 1399 2007 ars
1413 1986 1437 2007 et
1451 1980 1562 2007 facultas
1576 1981 1695 2011 oratoria,
1711 1989 1755 2008 eas
1769 1990 1810 2008 res
1821 1989 1879 2007 ma-

1087 2019 1179 2045 teriam
1197 2019 1261 2045 artis
1278 2018 1422 2045 rhetoricae
1441 2018 1620 2044 nominamus.

1086 2055 1130 2082 alii
1146 2055 1246 2090 plures,
1259 2055 1303 2082 alii
1318 2055 1456 2090 pauciores
1470 2055 1700 2082 existimaverunt.
1727 2056 1794 2082 Nam
1809 2055 1878 2083 Gor-

1085 2094 1143 2128 gias
1162 2093 1319 2123 Leontinus,
1340 2093 1544 2127 antiquissimas
1563 2092 1616 2118 fere
1635 2093 1734 2123 rhetor,
1751 2093 1877 2119 omnibus
1896 2124 1898 2126 Υ

1086 2131 1119 2156 de
1141 2130 1222 2156 rebus
1244 2135 1372 2156 oratorem
1390 2130 1490 2164 optime
1507 2138 1586 2164 posse
1602 2129 1690 2156 dicere
1702 2130 1874 2156 existimavit.

1086 2168 1134 2194 Hie
1156 2167 1287 2193 infinitam
1309 2171 1336 2193 et
1355 2167 1514 2193 immensam
1533 2166 1596 2193 huic
1613 2167 1722 2194 artificio
1740 2167 1875 2194 materiam

1085 2242 1202 2277 plurima
1219 2241 1372 2268 adiumenta
1391 2246 1471 2276 atque
1484 2246 1636 2268 ornamenta
1649 2241 1873 2272 subministravit,

1085 2279 1173 2305 tribus
1196 2279 1223 2305 in
1244 2279 1389 2314 generibus
1407 2286 1495 2304 rerum
1514 2279 1614 2305 versari
1631 2278 1744 2305 rhetoris
1756 2277 1875 2306 officium

1085 2317 1197 2351 putavit,
1217 2315 1433 2346 demonstrativo,
1454 2315 1637 2346 deliberativo,
1657 2315 1787 2342 iudiciali.

1062 2357 1064 2360 '
1084 2354 1289 2380 monstrativum
1312 2357 1360 2383 est,
1381 2352 1454 2388 quod
1472 2353 1599 2379 tribuitur
1616 2353 1644 2379 in
1661 2352 1777 2379 alicuius
1789 2358 1876 2380 certae

1083 2398 1212 2425 personae
1226 2389 1331 2416 laudem
1346 2395 1391 2416 aut
1405 2390 1639 2424 vituperationem3
1658 2389 1873 2421 deliberativum,

1083 2428 1156 2462 quod
1175 2427 1292 2462 positum
1309 2428 1338 2453 in
1351 2427 1541 2462 disceptatione
1558 2431 1585 2453 et
1595 2427 1788 2454 consultatione
1800 2426 1875 2454 civili
1883 2431 1898 2463 [-

1062 2471 1063 2478 ¹
1084 2465 1163 2491 habet
1177 2465 1204 2490 in
1219 2473 1248 2490 se
1261 2465 1407 2490 sententiae
1419 2464 1575 2496 dictionem;
1591 2463 1724 2495 iudiciale,
1740 2464 1813 2499 quod
1826 2466 1895 2499 1²⁰³·

1084 2502 1166 2529 situm
1184 2502 1212 2528 in
1226 2501 1326 2528 iudicio
1344 2501 1423 2528 habet
1440 2502 1468 2527 in
1484 2509 1514 2527 se
1531 2501 1726 2527 accusationem
1743 2506 1770 2527 et
1782 2501 1875 2528 defen-
1891 2500 1894 2526 ἓ

1083 2540 1195 2569 sionem,
1215 2543 1261 2564 aut
1278 2539 1434 2573 petitionem
1447 2543 1473 2564 et
1485 2539 1688 2564 recusationem.
1720 2538 1762 2569 Et,
1777 2546 1874 2573 quem-

1083 2576 1228 2602 admodum
1247 2580 1335 2602 nostra
1357 2575 1467 2610 quidem
1485 2575 1535 2601 fert
1556 2576 1654 2610 opinio,
1670 2575 1780 2602 oratoris
1792 2584 1835 2602 ars
1847 2578 1890 2602 et

1061 2615 1063 2633 ἒ
1083 2613 1195 2640 facultas
1212 2614 1240 2639 in
1255 2613 1304 2639 hac
1316 2612 1424 2639 materia
1439 2613 1567 2646 tripartita
1582 2613 1679 2638 versari
1697 2611 1872 2638 existimanda

1083 2655 1131 2676 est.
1166 2651 1208 2677 Vl.
1224 2652 1249 2676 8.
1268 2651 1335 2676 Nam
1348 2650 1522 2678 Hermaooras
1535 2649 1645 2684 quidem
1662 2657 1711 2676 nec
1723 2648 1791 2684 quid
1803 2649 1874 2676 dicat
1887 2657 1890 2668 ⁶

1083 2687 1226 2718 attendere,
1252 2695 1301 2713 nec
1322 2686 1390 2722 quid
1412 2686 1568 2721 polliceatur
1591 2686 1738 2722 intelligere
1754 2685 1886 2717 videtur

1082 2725 1130 2759 qui
1147 2725 1257 2751 oratoris
1275 2724 1412 2751 materiam
1429 2725 1457 2750 in
1471 2732 1592 2750 caussam
1607 2729 1632 2750 et
1645 2724 1674 2750 in
1688 2724 1869 2758 quaestionem

1248 973 1299 999 Sed
1314 978 1455 1007 antequam
1470 973 1502 998 de
1518 974 1663 1015 praeceptis
1676 974 1796 1000 oratoriis
1809 973 1881 999 dica·
1908 964 1915 1009 J

1618 1533 1686 1559 lnter
1699 1533 1817 1560 officium
1831 1542 1880 1560 au·
1901 1532 1908 1546 ‘¹

1846 1868 1905 1896 Ut'

1658 2018 1710 2044 Has
1727 2023 1816 2045 autem
1835 2026 1877 2045 res
1896 2028 1898 2030 ·

1385 2203 1539 2230 Aristoteles
1562 2209 1660 2235 autem,
1680 2205 1729 2239 qui
1746 2204 1810 2231 huic
1826 2204 1874 2231 arti
1892 2214 1898 2241 j

1825 2316 1876 2342 Do.
1896 2333 1898 2337 ,

1903 1556 1911 1597 *3

1903 1607 1910 1651 i

1905 1654 1911 1669 S
