<?xml version="1.0" encoding="UTF-8"?>
<!DOCTYPE html PUBLIC "-//W3C//DTD XHTML 1.0 Transitional//EN"
    "http://www.w3.org/TR/xhtml1/DTD/xhtml1-transitional.dtd">
<html xmlns="http://www.w3.org/1999/xhtml" xml:lang="en" lang="en">
 <head>
  <title>
</title>
<meta http-equiv="Content-Type" content="text/html;charset=utf-8" />
  <meta name='ocr-system' content='tesseract 3.04.00' />
  <meta name='ocr-capabilities' content='ocr_page ocr_carea ocr_par ocr_line ocrx_word'/>
</head>
<body>
  <div class='ocr_page' id='page_1' title='image "./operaomniaunovol00ciceuoft_0127.png"; bbox 0 0 1941 3052; ppageno 0'>
   <div class='ocr_carea' id='block_1_1' title="bbox 0 2088 62 3052">
    <p class='ocr_par' dir='ltr' id='par_1_1' title="bbox 0 2088 62 3052">
     <span class='ocr_line' id='line_1_1' title="bbox 0 2088 62 3052; baseline 0 0"><span class='ocrx_word' id='word_1_1' title='bbox 0 2088 62 3052; x_wconf 95' lang='lat' dir='ltr'> </span> 
     </span>
    </p>
   </div>
   <div class='ocr_carea' id='block_1_2' title="bbox 478 126 920 154">
    <p class='ocr_par' dir='ltr' id='par_1_2' title="bbox 478 126 920 154">
     <span class='ocr_line' id='line_1_2' title="bbox 478 126 920 154; baseline -0.002 -1"><span class='ocrx_word' id='word_1_2' title='bbox 478 127 531 153; x_wconf 88' lang='lat' dir='ltr'>DE</span> <span class='ocrx_word' id='word_1_3' title='bbox 566 126 797 154; x_wconf 80' lang='lat' dir='ltr'>ORATORE</span> <span class='ocrx_word' id='word_1_4' title='bbox 833 127 920 153; x_wconf 87' lang='lat' dir='ltr'>LIB.</span> 
     </span>
    </p>
   </div>
   <div class='ocr_carea' id='block_1_3' title="bbox 65 197 866 833">
    <p class='ocr_par' dir='ltr' id='par_1_3' title="bbox 65 197 866 833">
     <span class='ocr_line' id='line_1_3' title="bbox 65 197 863 234; baseline -0.004 -7"><span class='ocrx_word' id='word_1_5' title='bbox 65 204 135 227; x_wconf 85' lang='lat' dir='ltr'>certe</span> <span class='ocrx_word' id='word_1_6' title='bbox 147 199 176 226; x_wconf 88' lang='lat' dir='ltr'>in</span> <span class='ocrx_word' id='word_1_7' title='bbox 190 199 284 234; x_wconf 84' lang='lat' dir='ltr'>primis</span> <span class='ocrx_word' id='word_1_8' title='bbox 298 199 479 233; x_wconf 88' lang='lat' dir='ltr'>imperatores,</span> <span class='ocrx_word' id='word_1_9' title='bbox 495 207 611 233; x_wconf 90' lang='lat' dir='ltr'>quorum</span> <span class='ocrx_word' id='word_1_10' title='bbox 625 197 760 229; x_wconf 87' lang='lat' dir='ltr'>consiliis,</span> <span class='ocrx_word' id='word_1_11' title='bbox 777 198 863 224; x_wconf 82' lang='lat' dir='ltr'>virtu-</span> 
     </span>
     <span class='ocr_line' id='line_1_4' title="bbox 67 235 862 272; baseline -0.004 -8"><span class='ocrx_word' id='word_1_12' title='bbox 67 242 104 269; x_wconf 88' lang='lat' dir='ltr'>te,</span> <span class='ocrx_word' id='word_1_13' title='bbox 122 236 250 272; x_wconf 88' lang='lat' dir='ltr'>periculis</span> <span class='ocrx_word' id='word_1_14' title='bbox 262 236 408 262; x_wconf 82' lang='lat' dir='ltr'>retinemus</span> <span class='ocrx_word' id='word_1_15' title='bbox 422 240 448 261; x_wconf 86' lang='lat' dir='ltr'>et</span> <span class='ocrx_word' id='word_1_16' title='bbox 461 240 579 262; x_wconf 88' lang='lat' dir='ltr'>nostram</span> <span class='ocrx_word' id='word_1_17' title='bbox 593 235 708 262; x_wconf 87' lang='lat' dir='ltr'>salutem</span> <span class='ocrx_word' id='word_1_18' title='bbox 719 240 745 263; x_wconf 87' lang='lat' dir='ltr'>et</span> <span class='ocrx_word' id='word_1_19' title='bbox 755 236 862 270; x_wconf 87' lang='lat' dir='ltr'>imperii</span> 
     </span>
     <span class='ocr_line' id='line_1_5' title="bbox 66 273 863 311; baseline -0.003 -10"><span class='ocrx_word' id='word_1_20' title='bbox 66 275 233 311; x_wconf 86' lang='lat' dir='ltr'>dignitatem.</span> <span class='ocrx_word' id='word_1_21' title='bbox 274 274 315 300; x_wconf 86' lang='lat' dir='ltr'>Ex</span> <span class='ocrx_word' id='word_1_22' title='bbox 329 273 507 299; x_wconf 83' lang='lat' dir='ltr'>similitudine</span> <span class='ocrx_word' id='word_1_23' title='bbox 520 278 623 300; x_wconf 88' lang='lat' dir='ltr'>autem:</span> <span class='ocrx_word' id='word_1_24' title='bbox 649 273 673 299; x_wconf 91' lang='lat' dir='ltr'>si</span> <span class='ocrx_word' id='word_1_25' title='bbox 687 273 757 300; x_wconf 87' lang='lat' dir='ltr'>ferae</span> <span class='ocrx_word' id='word_1_26' title='bbox 771 278 863 308; x_wconf 90' lang='lat' dir='ltr'>partus</span> 
     </span>
     <span class='ocr_line' id='line_1_6' title="bbox 66 310 864 347; baseline -0.004 -8"><span class='ocrx_word' id='word_1_27' title='bbox 66 320 130 339; x_wconf 86' lang='lat' dir='ltr'>suos</span> <span class='ocrx_word' id='word_1_28' title='bbox 144 312 274 347; x_wconf 84' lang='lat' dir='ltr'>diligunt,</span> <span class='ocrx_word' id='word_1_29' title='bbox 294 319 348 346; x_wconf 88' lang='lat' dir='ltr'>qua</span> <span class='ocrx_word' id='word_1_30' title='bbox 362 319 410 337; x_wconf 92' lang='lat' dir='ltr'>nos</span> <span class='ocrx_word' id='word_1_31' title='bbox 423 311 451 337; x_wconf 93' lang='lat' dir='ltr'>in</span> <span class='ocrx_word' id='word_1_32' title='bbox 466 310 564 337; x_wconf 92' lang='lat' dir='ltr'>liberos</span> <span class='ocrx_word' id='word_1_33' title='bbox 578 315 682 337; x_wconf 92' lang='lat' dir='ltr'>nostros</span> <span class='ocrx_word' id='word_1_34' title='bbox 696 311 864 346; x_wconf 82' lang='lat' dir='ltr'><strong>indulgentia</strong></span> 
     </span>
     <span class='ocr_line' id='line_1_7' title="bbox 66 347 865 376; baseline -0.001 0"><span class='ocrx_word' id='word_1_35' title='bbox 66 358 125 376; x_wconf 89' lang='lat' dir='ltr'>esse</span> <span class='ocrx_word' id='word_1_36' title='bbox 138 347 287 375; x_wconf 67' lang='lat' dir='ltr'>debemus?</span> <span class='ocrx_word' id='word_1_37' title='bbox 313 349 370 374; x_wconf 68' lang='lat'>⁴69.</span> <span class='ocrx_word' id='word_1_38' title='bbox 385 349 419 374; x_wconf 80' lang='lat' dir='ltr'>At</span> <span class='ocrx_word' id='word_1_39' title='bbox 433 357 465 374; x_wconf 85' lang='lat' dir='ltr'>ex</span> <span class='ocrx_word' id='word_1_40' title='bbox 479 347 714 375; x_wconf 80' lang='lat' dir='ltr'>dissimilitudine:</span> <span class='ocrx_word' id='word_1_41' title='bbox 731 349 755 374; x_wconf 86' lang='lat' dir='ltr'>si</span> <span class='ocrx_word' id='word_1_42' title='bbox 769 349 865 375; x_wconf 87' lang='lat' dir='ltr'>barba-</span> 
     </span>
     <span class='ocr_line' id='line_1_8' title="bbox 67 385 865 421; baseline -0.001 -8"><span class='ocrx_word' id='word_1_43' title='bbox 67 395 156 414; x_wconf 88' lang='lat' dir='ltr'>rorum</span> <span class='ocrx_word' id='word_1_44' title='bbox 175 390 215 412; x_wconf 88' lang='lat' dir='ltr'>est</span> <span class='ocrx_word' id='word_1_45' title='bbox 233 386 261 412; x_wconf 94' lang='lat' dir='ltr'>in</span> <span class='ocrx_word' id='word_1_46' title='bbox 279 385 351 412; x_wconf 87' lang='lat' dir='ltr'>diem</span> <span class='ocrx_word' id='word_1_47' title='bbox 366 386 471 417; x_wconf 83' lang='lat' dir='ltr'>vivere,</span> <span class='ocrx_word' id='word_1_48' title='bbox 493 390 583 412; x_wconf 90' lang='lat' dir='ltr'>nostra</span> <span class='ocrx_word' id='word_1_49' title='bbox 596 386 709 412; x_wconf 91' lang='lat' dir='ltr'>consilia</span> <span class='ocrx_word' id='word_1_50' title='bbox 723 387 865 421; x_wconf 90' lang='lat' dir='ltr'>sempiter-</span> 
     </span>
     <span class='ocr_line' id='line_1_9' title="bbox 67 423 866 459; baseline -0.001 -8"><span class='ocrx_word' id='word_1_51' title='bbox 67 433 133 451; x_wconf 91' lang='lat' dir='ltr'>num</span> <span class='ocrx_word' id='word_1_52' title='bbox 146 428 254 458; x_wconf 87' lang='lat' dir='ltr'>tempus</span> <span class='ocrx_word' id='word_1_53' title='bbox 268 427 387 457; x_wconf 85' lang='lat' dir='ltr'>spectare</span> <span class='ocrx_word' id='word_1_54' title='bbox 400 423 507 449; x_wconf 89' lang='lat' dir='ltr'>debent.</span> <span class='ocrx_word' id='word_1_55' title='bbox 548 423 636 458; x_wconf 83' lang='lat' dir='ltr'>Atque</span> <span class='ocrx_word' id='word_1_56' title='bbox 649 428 764 459; x_wconf 90' lang='lat' dir='ltr'>utroque</span> <span class='ocrx_word' id='word_1_57' title='bbox 777 425 805 450; x_wconf 90' lang='lat' dir='ltr'>in</span> <span class='ocrx_word' id='word_1_58' title='bbox 819 432 866 459; x_wconf 82' lang='lat' dir='ltr'>ge-</span> 
     </span>
     <span class='ocr_line' id='line_1_10' title="bbox 67 460 866 495; baseline -0.001 -7"><span class='ocrx_word' id='word_1_59' title='bbox 67 470 129 488; x_wconf 87' lang='lat' dir='ltr'>nere</span> <span class='ocrx_word' id='word_1_60' title='bbox 144 465 170 487; x_wconf 90' lang='lat' dir='ltr'>et</span> <span class='ocrx_word' id='word_1_61' title='bbox 180 460 367 487; x_wconf 75' lang='lat' dir='ltr'>similitudinis</span> <span class='ocrx_word' id='word_1_62' title='bbox 379 465 404 486; x_wconf 90' lang='lat' dir='ltr'>et</span> <span class='ocrx_word' id='word_1_63' title='bbox 414 460 656 492; x_wconf 85' lang='lat' dir='ltr'>dissimilitudinis,</span> <span class='ocrx_word' id='word_1_64' title='bbox 669 461 791 495; x_wconf 85' lang='lat' dir='ltr'>exempla</span> <span class='ocrx_word' id='word_1_65' title='bbox 802 465 866 487; x_wconf 89' lang='lat' dir='ltr'>sunt</span> 
     </span>
     <span class='ocr_line' id='line_1_11' title="bbox 67 497 866 529; baseline -0.001 -4"><span class='ocrx_word' id='word_1_66' title='bbox 67 507 101 525; x_wconf 85' lang='lat' dir='ltr'>ex</span> <span class='ocrx_word' id='word_1_67' title='bbox 114 498 227 525; x_wconf 87' lang='lat' dir='ltr'>aliorum</span> <span class='ocrx_word' id='word_1_68' title='bbox 242 497 317 524; x_wconf 84' lang='lat' dir='ltr'>factis</span> <span class='ocrx_word' id='word_1_69' title='bbox 332 502 378 524; x_wconf 88' lang='lat' dir='ltr'>aut</span> <span class='ocrx_word' id='word_1_70' title='bbox 391 498 470 524; x_wconf 87' lang='lat' dir='ltr'>dictis</span> <span class='ocrx_word' id='word_1_71' title='bbox 485 502 531 524; x_wconf 87' lang='lat' dir='ltr'>aut</span> <span class='ocrx_word' id='word_1_72' title='bbox 544 498 655 529; x_wconf 84' lang='lat' dir='ltr'>eventis,</span> <span class='ocrx_word' id='word_1_73' title='bbox 677 502 702 524; x_wconf 89' lang='lat' dir='ltr'>et</span> <span class='ocrx_word' id='word_1_74' title='bbox 716 498 790 524; x_wconf 85' lang='lat' dir='ltr'>fictae</span> <span class='ocrx_word' id='word_1_75' title='bbox 805 507 866 524; x_wconf 87' lang='lat' dir='ltr'>nar-</span> 
     </span>
     <span class='ocr_line' id='line_1_12' title="bbox 68 535 866 570; baseline -0.001 -8"><span class='ocrx_word' id='word_1_76' title='bbox 68 536 181 563; x_wconf 84' lang='lat' dir='ltr'>rationes</span> <span class='ocrx_word' id='word_1_77' title='bbox 195 544 274 570; x_wconf 88' lang='lat' dir='ltr'>saepe</span> <span class='ocrx_word' id='word_1_78' title='bbox 288 535 435 570; x_wconf 88' lang='lat' dir='ltr'>ponendae.</span> <span class='ocrx_word' id='word_1_79' title='bbox 469 536 524 562; x_wconf 88' lang='lat' dir='ltr'>Iam</span> <span class='ocrx_word' id='word_1_80' title='bbox 539 544 572 562; x_wconf 89' lang='lat' dir='ltr'>ex</span> <span class='ocrx_word' id='word_1_81' title='bbox 585 535 729 561; x_wconf 85' lang='lat' dir='ltr'>contrario:</span> <span class='ocrx_word' id='word_1_82' title='bbox 745 536 769 561; x_wconf 91' lang='lat' dir='ltr'>si</span> <span class='ocrx_word' id='word_1_83' title='bbox 783 536 866 562; x_wconf 87' lang='lat' dir='ltr'>Grac-</span> 
     </span>
     <span class='ocr_line' id='line_1_13' title="bbox 67 572 866 608; baseline -0.001 -8"><span class='ocrx_word' id='word_1_84' title='bbox 67 573 135 600; x_wconf 86' lang='lat' dir='ltr'>chus</span> <span class='ocrx_word' id='word_1_85' title='bbox 158 572 270 603; x_wconf 85' lang='lat' dir='ltr'>nefarie,</span> <span class='ocrx_word' id='word_1_86' title='bbox 296 572 430 608; x_wconf 88' lang='lat' dir='ltr'>praeclare</span> <span class='ocrx_word' id='word_1_87' title='bbox 452 572 587 607; x_wconf 87' lang='lat' dir='ltr'>Opimius.</span> <span class='ocrx_word' id='word_1_88' title='bbox 629 573 687 599; x_wconf 74' lang='lat'><strong>⁴70.</strong></span> <span class='ocrx_word' id='word_1_89' title='bbox 708 572 750 599; x_wconf 87' lang='lat' dir='ltr'>Ex</span> <span class='ocrx_word' id='word_1_90' title='bbox 771 581 866 599; x_wconf 91' lang='lat' dir='ltr'>conse-</span> 
     </span>
     <span class='ocr_line' id='line_1_14' title="bbox 67 609 865 646; baseline -0.001 -9"><span class='ocrx_word' id='word_1_91' title='bbox 67 610 227 646; x_wconf 88' lang='lat' dir='ltr'>quentibus:</span> <span class='ocrx_word' id='word_1_92' title='bbox 253 610 276 636; x_wconf 92' lang='lat' dir='ltr'>si</span> <span class='ocrx_word' id='word_1_93' title='bbox 294 615 320 636; x_wconf 92' lang='lat' dir='ltr'>et</span> <span class='ocrx_word' id='word_1_94' title='bbox 338 609 406 637; x_wconf 83' lang='lat' dir='ltr'>ferro</span> <span class='ocrx_word' id='word_1_95' title='bbox 422 609 578 636; x_wconf 85' lang='lat' dir='ltr'>interfectus</span> <span class='ocrx_word' id='word_1_96' title='bbox 596 609 642 636; x_wconf 86' lang='lat' dir='ltr'>ille</span> <span class='ocrx_word' id='word_1_97' title='bbox 656 614 681 636; x_wconf 94' lang='lat' dir='ltr'>et</span> <span class='ocrx_word' id='word_1_98' title='bbox 695 614 723 636; x_wconf 87' lang='lat' dir='ltr'>tu</span> <span class='ocrx_word' id='word_1_99' title='bbox 738 610 865 636; x_wconf 90' lang='lat' dir='ltr'>inimicus</span> 
     </span>
     <span class='ocr_line' id='line_1_15' title="bbox 67 647 866 684; baseline -0.001 -10"><span class='ocrx_word' id='word_1_100' title='bbox 67 649 126 674; x_wconf 83' lang='lat' dir='ltr'>eius</span> <span class='ocrx_word' id='word_1_101' title='bbox 140 656 202 674; x_wconf 90' lang='lat' dir='ltr'>cum</span> <span class='ocrx_word' id='word_1_102' title='bbox 216 647 306 684; x_wconf 84' lang='lat' dir='ltr'>gladio</span> <span class='ocrx_word' id='word_1_103' title='bbox 319 652 428 674; x_wconf 88' lang='lat' dir='ltr'>cruento</span> <span class='ocrx_word' id='word_1_104' title='bbox 442 647 654 682; x_wconf 87' lang='lat' dir='ltr'>comprehensus</span> <span class='ocrx_word' id='word_1_105' title='bbox 667 655 696 674; x_wconf 90' lang='lat' dir='ltr'>es</span> <span class='ocrx_word' id='word_1_106' title='bbox 710 648 738 673; x_wconf 90' lang='lat' dir='ltr'>in</span> <span class='ocrx_word' id='word_1_107' title='bbox 748 647 796 674; x_wconf 93' lang='lat' dir='ltr'>illo</span> <span class='ocrx_word' id='word_1_108' title='bbox 806 648 866 682; x_wconf 88' lang='lat' dir='ltr'>ipso</span> 
     </span>
     <span class='ocr_line' id='line_1_16' title="bbox 68 685 865 720; baseline -0.001 -8"><span class='ocrx_word' id='word_1_109' title='bbox 68 685 124 712; x_wconf 86' lang='lat' dir='ltr'>loco</span> <span class='ocrx_word' id='word_1_110' title='bbox 138 690 164 712; x_wconf 93' lang='lat' dir='ltr'>et</span> <span class='ocrx_word' id='word_1_111' title='bbox 177 693 255 711; x_wconf 86' lang='lat' dir='ltr'>nemo</span> <span class='ocrx_word' id='word_1_112' title='bbox 269 689 372 720; x_wconf 86' lang='lat' dir='ltr'>praeter</span> <span class='ocrx_word' id='word_1_113' title='bbox 385 689 410 711; x_wconf 90' lang='lat' dir='ltr'>te</span> <span class='ocrx_word' id='word_1_114' title='bbox 422 685 462 711; x_wconf 85' lang='lat' dir='ltr'>ibi</span> <span class='ocrx_word' id='word_1_115' title='bbox 476 685 552 711; x_wconf 87' lang='lat' dir='ltr'>visus</span> <span class='ocrx_word' id='word_1_116' title='bbox 566 689 606 711; x_wconf 89' lang='lat' dir='ltr'>est</span> <span class='ocrx_word' id='word_1_117' title='bbox 620 689 645 711; x_wconf 90' lang='lat' dir='ltr'>et</span> <span class='ocrx_word' id='word_1_118' title='bbox 658 693 752 711; x_wconf 80' lang='lat' dir='ltr'>caussa</span> <span class='ocrx_word' id='word_1_119' title='bbox 764 686 865 711; x_wconf 88' lang='lat' dir='ltr'>nemini</span> 
     </span>
     <span class='ocr_line' id='line_1_17' title="bbox 67 722 866 757; baseline -0.001 -8"><span class='ocrx_word' id='word_1_120' title='bbox 67 727 92 749; x_wconf 86' lang='lat' dir='ltr'>et</span> <span class='ocrx_word' id='word_1_121' title='bbox 106 727 135 749; x_wconf 90' lang='lat' dir='ltr'>tu</span> <span class='ocrx_word' id='word_1_122' title='bbox 148 731 255 757; x_wconf 85' lang='lat' dir='ltr'>semper</span> <span class='ocrx_word' id='word_1_123' title='bbox 268 722 365 753; x_wconf 82' lang='lat' dir='ltr'>audax,</span> <span class='ocrx_word' id='word_1_124' title='bbox 378 722 445 757; x_wconf 87' lang='lat' dir='ltr'>quid</span> <span class='ocrx_word' id='word_1_125' title='bbox 460 726 508 753; x_wconf 89' lang='lat' dir='ltr'>est,</span> <span class='ocrx_word' id='word_1_126' title='bbox 521 722 594 757; x_wconf 90' lang='lat' dir='ltr'>quod</span> <span class='ocrx_word' id='word_1_127' title='bbox 608 722 641 748; x_wconf 91' lang='lat' dir='ltr'>de</span> <span class='ocrx_word' id='word_1_128' title='bbox 656 722 771 749; x_wconf 84' lang='lat' dir='ltr'>facinore</span> <span class='ocrx_word' id='word_1_129' title='bbox 785 722 866 748; x_wconf 89' lang='lat' dir='ltr'>dubi-</span> 
     </span>
     <span class='ocr_line' id='line_1_18' title="bbox 67 759 866 795; baseline 0 -9"><span class='ocrx_word' id='word_1_130' title='bbox 67 764 120 787; x_wconf 90' lang='lat' dir='ltr'>tare</span> <span class='ocrx_word' id='word_1_131' title='bbox 134 759 289 795; x_wconf 72' lang='lat' dir='ltr'>possimus?</span> <span class='ocrx_word' id='word_1_132' title='bbox 301 760 342 786; x_wconf 90' lang='lat' dir='ltr'>Ex</span> <span class='ocrx_word' id='word_1_133' title='bbox 355 760 539 786; x_wconf 86' lang='lat' dir='ltr'>consentaneis</span> <span class='ocrx_word' id='word_1_134' title='bbox 553 763 579 786; x_wconf 88' lang='lat' dir='ltr'>et</span> <span class='ocrx_word' id='word_1_135' title='bbox 591 760 827 795; x_wconf 85' lang='lat' dir='ltr'>praecurrentibus</span> <span class='ocrx_word' id='word_1_136' title='bbox 841 763 866 786; x_wconf 91' lang='lat' dir='ltr'>et</span> 
     </span>
     <span class='ocr_line' id='line_1_19' title="bbox 67 797 865 833; baseline 0.001 -10"><span class='ocrx_word' id='word_1_137' title='bbox 67 797 290 833; x_wconf 82' lang='lat' dir='ltr'>repugnantibus,</span> <span class='ocrx_word' id='word_1_138' title='bbox 317 801 347 823; x_wconf 91' lang='lat' dir='ltr'>ut</span> <span class='ocrx_word' id='word_1_139' title='bbox 368 797 433 824; x_wconf 91' lang='lat' dir='ltr'>olim</span> <span class='ocrx_word' id='word_1_140' title='bbox 448 797 560 824; x_wconf 86' lang='lat' dir='ltr'>Crassus</span> <span class='ocrx_word' id='word_1_141' title='bbox 584 797 752 824; x_wconf 88' lang='lat' dir='ltr'>adolescens:</span> <span class='ocrx_word' id='word_1_142' title='bbox 776 806 828 824; x_wconf 90' lang='lat' dir='ltr'>non</span> <span class='ocrx_word' id='word_1_143' title='bbox 842 797 865 823; x_wconf 91' lang='lat' dir='ltr'>si</span> 
     </span>
    </p>
   </div>
   <div class='ocr_carea' id='block_1_4' title="bbox 67 833 888 870">
    <p class='ocr_par' dir='ltr' id='par_1_4' title="bbox 67 833 888 870">
     <span class='ocr_line' id='line_1_20' title="bbox 67 833 888 870; baseline 0.001 -10"><span class='ocrx_word' id='word_1_144' title='bbox 67 834 204 870; x_wconf 89' lang='lat' dir='ltr'>Opimium</span> <span class='ocrx_word' id='word_1_145' title='bbox 219 833 371 866; x_wconf 79' lang='lat' dir='ltr'>defendisti,</span> <span class='ocrx_word' id='word_1_146' title='bbox 389 835 482 866; x_wconf 85' lang='lat' dir='ltr'>Carbo,</span> <span class='ocrx_word' id='word_1_147' title='bbox 502 835 601 861; x_wconf 86' lang='lat' dir='ltr'>idcirco</span> <span class='ocrx_word' id='word_1_148' title='bbox 615 839 639 861; x_wconf 84' lang='lat' dir='ltr'>te</span> <span class='ocrx_word' id='word_1_149' title='bbox 653 836 698 861; x_wconf 89' lang='lat' dir='ltr'>isti</span> <span class='ocrx_word' id='word_1_150' title='bbox 712 835 813 861; x_wconf 91' lang='lat' dir='ltr'>bonum</span> <span class='ocrx_word' id='word_1_151' title='bbox 827 835 867 861; x_wconf 82' lang='lat' dir='ltr'>ci-</span> <span class='ocrx_word' id='word_1_152' title='bbox 887 848 888 855; x_wconf 66' lang='lat'>.</span> 
     </span>
    </p>
   </div>
   <div class='ocr_carea' id='block_1_5' title="bbox 67 871 866 945">
    <p class='ocr_par' dir='ltr' id='par_1_5' title="bbox 67 871 866 945">
     <span class='ocr_line' id='line_1_21' title="bbox 69 871 866 908; baseline 0 -10"><span class='ocrx_word' id='word_1_153' title='bbox 69 880 128 898; x_wconf 91' lang='lat' dir='ltr'>vem</span> <span class='ocrx_word' id='word_1_154' title='bbox 141 871 284 907; x_wconf 88' lang='lat' dir='ltr'>putabunt.</span> <span class='ocrx_word' id='word_1_155' title='bbox 323 871 471 898; x_wconf 84' lang='lat' dir='ltr'>Simulasse</span> <span class='ocrx_word' id='word_1_156' title='bbox 482 877 506 899; x_wconf 88' lang='lat' dir='ltr'>te</span> <span class='ocrx_word' id='word_1_157' title='bbox 520 876 546 899; x_wconf 90' lang='lat' dir='ltr'>et</span> <span class='ocrx_word' id='word_1_158' title='bbox 560 872 632 899; x_wconf 85' lang='lat' dir='ltr'>aliud</span> <span class='ocrx_word' id='word_1_159' title='bbox 647 872 714 908; x_wconf 89' lang='lat' dir='ltr'>quid</span> <span class='ocrx_word' id='word_1_160' title='bbox 727 873 866 907; x_wconf 83' lang='lat' dir='ltr'>quaesisse</span> 
     </span>
     <span class='ocr_line' id='line_1_22' title="bbox 67 909 865 945; baseline 0.001 -10"><span class='ocrx_word' id='word_1_161' title='bbox 67 909 241 945; x_wconf 89' lang='lat' dir='ltr'>perspicuum</span> <span class='ocrx_word' id='word_1_162' title='bbox 260 913 308 940; x_wconf 87' lang='lat' dir='ltr'>est,</span> <span class='ocrx_word' id='word_1_163' title='bbox 334 910 407 944; x_wconf 92' lang='lat' dir='ltr'>quod</span> <span class='ocrx_word' id='word_1_164' title='bbox 425 910 465 936; x_wconf 87' lang='lat' dir='ltr'>Ti.</span> <span class='ocrx_word' id='word_1_165' title='bbox 486 910 599 937; x_wconf 84' lang='lat' dir='ltr'>Gracchi</span> <span class='ocrx_word' id='word_1_166' title='bbox 618 914 730 937; x_wconf 90' lang='lat' dir='ltr'>mortem</span> <span class='ocrx_word' id='word_1_167' title='bbox 744 918 823 944; x_wconf 84' lang='lat' dir='ltr'>saepe</span> <span class='ocrx_word' id='word_1_168' title='bbox 837 910 865 936; x_wconf 89' lang='lat' dir='ltr'>in</span> 
     </span>
    </p>
   </div>
   <div class='ocr_carea' id='block_1_6' title="bbox 66 983 865 1694">
    <p class='ocr_par' dir='ltr' id='par_1_6' title="bbox 67 983 865 1392">
     <span class='ocr_line' id='line_1_23' title="bbox 68 983 865 1020; baseline 0.001 -10"><span class='ocrx_word' id='word_1_169' title='bbox 68 983 151 1015; x_wconf 86' lang='lat' dir='ltr'>fuisti,</span> <span class='ocrx_word' id='word_1_170' title='bbox 176 984 249 1019; x_wconf 92' lang='lat' dir='ltr'>quod</span> <span class='ocrx_word' id='word_1_171' title='bbox 271 993 330 1010; x_wconf 91' lang='lat' dir='ltr'>eam</span> <span class='ocrx_word' id='word_1_172' title='bbox 353 984 439 1020; x_wconf 81' lang='lat' dir='ltr'>legem</span> <span class='ocrx_word' id='word_1_173' title='bbox 461 985 489 1011; x_wconf 93' lang='lat' dir='ltr'>in</span> <span class='ocrx_word' id='word_1_174' title='bbox 512 985 649 1012; x_wconf 83' lang='lat' dir='ltr'>tribunatu</span> <span class='ocrx_word' id='word_1_175' title='bbox 671 984 767 1016; x_wconf 89' lang='lat' dir='ltr'>tulisti,</span> <span class='ocrx_word' id='word_1_176' title='bbox 792 985 865 1020; x_wconf 91' lang='lat' dir='ltr'>quod</span> 
     </span>
     <span class='ocr_line' id='line_1_24' title="bbox 67 1021 865 1057; baseline 0.001 -9"><span class='ocrx_word' id='word_1_177' title='bbox 67 1030 172 1057; x_wconf 88' lang='lat' dir='ltr'>semper</span> <span class='ocrx_word' id='word_1_178' title='bbox 186 1030 200 1048; x_wconf 88' lang='lat' dir='ltr'>a</span> <span class='ocrx_word' id='word_1_179' title='bbox 214 1022 291 1048; x_wconf 89' lang='lat' dir='ltr'>bonis</span> <span class='ocrx_word' id='word_1_180' title='bbox 306 1021 452 1048; x_wconf 86' lang='lat' dir='ltr'>dissedisti.</span> <span class='ocrx_word' id='word_1_181' title='bbox 475 1023 532 1049; x_wconf 73' lang='lat'>471.</span> <span class='ocrx_word' id='word_1_182' title='bbox 548 1023 589 1049; x_wconf 85' lang='lat' dir='ltr'>Ex</span> <span class='ocrx_word' id='word_1_183' title='bbox 602 1023 706 1049; x_wconf 84' lang='lat' dir='ltr'>caussis</span> <span class='ocrx_word' id='word_1_184' title='bbox 720 1026 808 1048; x_wconf 85' lang='lat' dir='ltr'>autem</span> <span class='ocrx_word' id='word_1_185' title='bbox 823 1031 865 1049; x_wconf 87' lang='lat' dir='ltr'>re-</span> 
     </span>
     <span class='ocr_line' id='line_1_25' title="bbox 67 1059 865 1092; baseline 0.001 -7"><span class='ocrx_word' id='word_1_186' title='bbox 67 1068 127 1086; x_wconf 91' lang='lat' dir='ltr'>rum</span> <span class='ocrx_word' id='word_1_187' title='bbox 149 1059 201 1085; x_wconf 88' lang='lat' dir='ltr'>sic:</span> <span class='ocrx_word' id='word_1_188' title='bbox 229 1059 367 1086; x_wconf 86' lang='lat' dir='ltr'>avaritiam</span> <span class='ocrx_word' id='word_1_189' title='bbox 391 1060 414 1086; x_wconf 91' lang='lat' dir='ltr'>si</span> <span class='ocrx_word' id='word_1_190' title='bbox 433 1059 526 1086; x_wconf 88' lang='lat' dir='ltr'>tollere</span> <span class='ocrx_word' id='word_1_191' title='bbox 543 1060 637 1092; x_wconf 90' lang='lat' dir='ltr'>vultis,</span> <span class='ocrx_word' id='word_1_192' title='bbox 654 1064 738 1086; x_wconf 89' lang='lat' dir='ltr'>mater</span> <span class='ocrx_word' id='word_1_193' title='bbox 751 1060 809 1086; x_wconf 91' lang='lat' dir='ltr'>eius</span> <span class='ocrx_word' id='word_1_194' title='bbox 824 1064 865 1087; x_wconf 89' lang='lat' dir='ltr'>est</span> 
     </span>
     <span class='ocr_line' id='line_1_26' title="bbox 68 1096 864 1133; baseline 0.001 -10"><span class='ocrx_word' id='word_1_195' title='bbox 68 1096 191 1128; x_wconf 84' lang='lat' dir='ltr'>tollenda,</span> <span class='ocrx_word' id='word_1_196' title='bbox 213 1096 342 1123; x_wconf 88' lang='lat' dir='ltr'>luxuries.</span> <span class='ocrx_word' id='word_1_197' title='bbox 374 1097 415 1123; x_wconf 89' lang='lat' dir='ltr'>Ex</span> <span class='ocrx_word' id='word_1_198' title='bbox 432 1098 466 1123; x_wconf 90' lang='lat' dir='ltr'>iis</span> <span class='ocrx_word' id='word_1_199' title='bbox 484 1102 581 1129; x_wconf 87' lang='lat' dir='ltr'>autem,</span> <span class='ocrx_word' id='word_1_200' title='bbox 598 1106 667 1133; x_wconf 90' lang='lat' dir='ltr'>quae</span> <span class='ocrx_word' id='word_1_201' title='bbox 685 1102 748 1124; x_wconf 91' lang='lat' dir='ltr'>sunt</span> <span class='ocrx_word' id='word_1_202' title='bbox 761 1101 817 1124; x_wconf 88' lang='lat' dir='ltr'>orta</span> <span class='ocrx_word' id='word_1_203' title='bbox 831 1098 864 1124; x_wconf 90' lang='lat' dir='ltr'>de</span> 
     </span>
     <span class='ocr_line' id='line_1_27' title="bbox 67 1134 864 1170; baseline 0.001 -10"><span class='ocrx_word' id='word_1_204' title='bbox 67 1135 185 1160; x_wconf 88' lang='lat' dir='ltr'>caussis:</span> <span class='ocrx_word' id='word_1_205' title='bbox 208 1134 231 1160; x_wconf 88' lang='lat' dir='ltr'>si</span> <span class='ocrx_word' id='word_1_206' title='bbox 250 1135 344 1161; x_wconf 86' lang='lat' dir='ltr'>aerarii</span> <span class='ocrx_word' id='word_1_207' title='bbox 361 1135 446 1170; x_wconf 84' lang='lat' dir='ltr'>copiis</span> <span class='ocrx_word' id='word_1_208' title='bbox 460 1140 486 1161; x_wconf 91' lang='lat' dir='ltr'>et</span> <span class='ocrx_word' id='word_1_209' title='bbox 499 1136 532 1162; x_wconf 91' lang='lat' dir='ltr'>ad</span> <span class='ocrx_word' id='word_1_210' title='bbox 546 1135 610 1162; x_wconf 90' lang='lat' dir='ltr'>belli</span> <span class='ocrx_word' id='word_1_211' title='bbox 624 1135 777 1162; x_wconf 91' lang='lat' dir='ltr'>adiumenta</span> <span class='ocrx_word' id='word_1_212' title='bbox 792 1139 817 1162; x_wconf 90' lang='lat' dir='ltr'>et</span> <span class='ocrx_word' id='word_1_213' title='bbox 831 1135 864 1161; x_wconf 89' lang='lat' dir='ltr'>ad</span> 
     </span>
     <span class='ocr_line' id='line_1_28' title="bbox 67 1172 861 1208; baseline 0.001 -10"><span class='ocrx_word' id='word_1_214' title='bbox 67 1176 219 1198; x_wconf 87' lang='lat' dir='ltr'>ornamenta</span> <span class='ocrx_word' id='word_1_215' title='bbox 249 1172 322 1207; x_wconf 87' lang='lat' dir='ltr'>pacis</span> <span class='ocrx_word' id='word_1_216' title='bbox 353 1173 467 1204; x_wconf 87' lang='lat' dir='ltr'>utimur,</span> <span class='ocrx_word' id='word_1_217' title='bbox 497 1173 674 1208; x_wconf 84' lang='lat' dir='ltr'>vectigalibus</span> <span class='ocrx_word' id='word_1_218' title='bbox 701 1173 861 1199; x_wconf 82' lang='lat' dir='ltr'>serviamus.</span> 
     </span>
     <span class='ocr_line' id='line_1_29' title="bbox 69 1209 862 1245; baseline 0.001 -10"><span class='ocrx_word' id='word_1_219' title='bbox 69 1210 126 1236; x_wconf 71' lang='lat'>⁴72.</span> <span class='ocrx_word' id='word_1_220' title='bbox 141 1209 239 1236; x_wconf 84' lang='lat' dir='ltr'>Maiora</span> <span class='ocrx_word' id='word_1_221' title='bbox 258 1213 346 1236; x_wconf 83' lang='lat' dir='ltr'>autem</span> <span class='ocrx_word' id='word_1_222' title='bbox 365 1214 391 1236; x_wconf 88' lang='lat' dir='ltr'>et</span> <span class='ocrx_word' id='word_1_223' title='bbox 404 1210 506 1237; x_wconf 88' lang='lat' dir='ltr'>minora</span> <span class='ocrx_word' id='word_1_224' title='bbox 520 1215 545 1237; x_wconf 91' lang='lat' dir='ltr'>et</span> <span class='ocrx_word' id='word_1_225' title='bbox 559 1211 632 1245; x_wconf 88' lang='lat' dir='ltr'>paria</span> <span class='ocrx_word' id='word_1_226' title='bbox 645 1210 862 1245; x_wconf 87' lang='lat' dir='ltr'>comparabimus</span> 
     </span>
     <span class='ocr_line' id='line_1_30' title="bbox 67 1246 864 1282; baseline 0.003 -10"><span class='ocrx_word' id='word_1_227' title='bbox 67 1247 115 1273; x_wconf 89' lang='lat' dir='ltr'>sic.</span> <span class='ocrx_word' id='word_1_228' title='bbox 145 1246 187 1273; x_wconf 83' lang='lat' dir='ltr'>Ex</span> <span class='ocrx_word' id='word_1_229' title='bbox 200 1247 312 1274; x_wconf 87' lang='lat' dir='ltr'>maiore:</span> <span class='ocrx_word' id='word_1_230' title='bbox 335 1247 358 1274; x_wconf 89' lang='lat' dir='ltr'>si</span> <span class='ocrx_word' id='word_1_231' title='bbox 372 1247 441 1274; x_wconf 86' lang='lat' dir='ltr'>bona</span> <span class='ocrx_word' id='word_1_232' title='bbox 455 1248 617 1274; x_wconf 82' lang='lat' dir='ltr'>existimatio</span> <span class='ocrx_word' id='word_1_233' title='bbox 630 1247 734 1274; x_wconf 89' lang='lat' dir='ltr'>divitiis</span> <span class='ocrx_word' id='word_1_234' title='bbox 749 1252 864 1282; x_wconf 82' lang='lat' dir='ltr'>praestat</span> 
     </span>
     <span class='ocr_line' id='line_1_31' title="bbox 67 1285 863 1321; baseline 0.001 -11"><span class='ocrx_word' id='word_1_235' title='bbox 67 1289 92 1310; x_wconf 87' lang='lat' dir='ltr'>et</span> <span class='ocrx_word' id='word_1_236' title='bbox 105 1285 218 1319; x_wconf 79' lang='lat' dir='ltr'>pec-unia</span> <span class='ocrx_word' id='word_1_237' title='bbox 232 1288 304 1311; x_wconf 91' lang='lat' dir='ltr'>tanto</span> <span class='ocrx_word' id='word_1_238' title='bbox 317 1293 395 1319; x_wconf 87' lang='lat' dir='ltr'>opere</span> <span class='ocrx_word' id='word_1_239' title='bbox 409 1286 550 1320; x_wconf 84' lang='lat' dir='ltr'>expetitur,</span> <span class='ocrx_word' id='word_1_240' title='bbox 567 1289 666 1321; x_wconf 90' lang='lat' dir='ltr'>quanto</span> <span class='ocrx_word' id='word_1_241' title='bbox 679 1285 763 1321; x_wconf 84' lang='lat' dir='ltr'>gloria</span> <span class='ocrx_word' id='word_1_242' title='bbox 778 1286 863 1321; x_wconf 84' lang='lat' dir='ltr'>magis</span> 
     </span>
     <span class='ocr_line' id='line_1_32' title="bbox 67 1321 475 1357; baseline 0.002 -9"><span class='ocrx_word' id='word_1_243' title='bbox 67 1326 107 1348; x_wconf 87' lang='lat' dir='ltr'>est</span> <span class='ocrx_word' id='word_1_244' title='bbox 120 1321 286 1357; x_wconf 75' lang='lat' dir='ltr'>expetenda?</span> <span class='ocrx_word' id='word_1_245' title='bbox 304 1322 346 1348; x_wconf 86' lang='lat' dir='ltr'>Ex</span> <span class='ocrx_word' id='word_1_246' title='bbox 359 1323 475 1349; x_wconf 86' lang='lat' dir='ltr'>minore:</span> 
     </span>
     <span class='ocr_line' id='line_1_33' title="bbox 268 1361 623 1392; baseline 0.003 -7"><span class='ocrx_word' id='word_1_247' title='bbox 268 1361 308 1385; x_wconf 85' lang='lat' dir='ltr'>hic</span> <span class='ocrx_word' id='word_1_248' title='bbox 321 1362 419 1392; x_wconf 70' lang='lat' dir='ltr'>parvae</span> <span class='ocrx_word' id='word_1_249' title='bbox 433 1362 623 1386; x_wconf 68' lang='lat' dir='ltr'>consuetudinis</span> 
     </span>
    </p>

    <p class='ocr_par' dir='ltr' id='par_1_7' title="bbox 103 1398 732 1431">
     <span class='ocr_line' id='line_1_34' title="bbox 103 1398 732 1431; baseline 0.002 -9"><span class='ocrx_word' id='word_1_250' title='bbox 103 1405 197 1423; x_wconf 79' lang='lat' dir='ltr'>caussa</span> <span class='ocrx_word' id='word_1_251' title='bbox 215 1398 292 1423; x_wconf 62' lang='lat' dir='ltr'>huius</span> <span class='ocrx_word' id='word_1_252' title='bbox 305 1401 410 1423; x_wconf 83' lang='lat' dir='ltr'>mortem</span> <span class='ocrx_word' id='word_1_253' title='bbox 422 1400 471 1431; x_wconf 67' lang='grc' dir='ltr'><em>[έν-ι</em></span> <span class='ocrx_word' id='word_1_254' title='bbox 486 1402 538 1423; x_wconf 82' lang='lat' dir='ltr'>tam</span> <span class='ocrx_word' id='word_1_255' title='bbox 550 1399 732 1431; x_wconf 73' lang='lat' dir='ltr'>samilidriter:</span> 
     </span>
    </p>

    <p class='ocr_par' dir='ltr' id='par_1_8' title="bbox 66 1433 864 1694">
     <span class='ocr_line' id='line_1_35' title="bbox 103 1433 815 1468; baseline 0 -8"><span class='ocrx_word' id='word_1_256' title='bbox 103 1436 165 1467; x_wconf 77' lang='lat' dir='ltr'>quid</span> <span class='ocrx_word' id='word_1_257' title='bbox 178 1436 202 1460; x_wconf 84' lang='lat' dir='ltr'>si</span> <span class='ocrx_word' id='word_1_258' title='bbox 214 1436 268 1467; x_wconf 71' lang='lat' dir='ltr'>ipse</span> <span class='ocrx_word' id='word_1_259' title='bbox 280 1434 410 1460; x_wconf 81' lang='lat' dir='ltr'>amasset?</span> <span class='ocrx_word' id='word_1_260' title='bbox 430 1437 492 1468; x_wconf 70' lang='lat' dir='ltr'>quid</span> <span class='ocrx_word' id='word_1_261' title='bbox 506 1436 567 1461; x_wconf 77' lang='lat' dir='ltr'>milti</span> <span class='ocrx_word' id='word_1_262' title='bbox 580 1436 621 1460; x_wconf 82' lang='lat' dir='ltr'>hic</span> <span class='ocrx_word' id='word_1_263' title='bbox 633 1437 711 1468; x_wconf 76' lang='lat' dir='ltr'>saciet</span> <span class='ocrx_word' id='word_1_264' title='bbox 723 1433 815 1468; x_wconf 84' lang='lat' dir='ltr'>patri?</span> 
     </span>
     <span class='ocr_line' id='line_1_36' title="bbox 66 1471 864 1507; baseline 0.001 -10"><span class='ocrx_word' id='word_1_265' title='bbox 66 1471 106 1498; x_wconf 89' lang='lat' dir='ltr'>Ex</span> <span class='ocrx_word' id='word_1_266' title='bbox 120 1471 177 1506; x_wconf 88' lang='lat' dir='ltr'>pari</span> <span class='ocrx_word' id='word_1_267' title='bbox 191 1472 243 1498; x_wconf 87' lang='lat' dir='ltr'>sic:</span> <span class='ocrx_word' id='word_1_268' title='bbox 259 1472 307 1498; x_wconf 88' lang='lat' dir='ltr'>Est</span> <span class='ocrx_word' id='word_1_269' title='bbox 320 1471 442 1498; x_wconf 88' lang='lat' dir='ltr'>eiusdem</span> <span class='ocrx_word' id='word_1_270' title='bbox 457 1476 482 1498; x_wconf 89' lang='lat' dir='ltr'>et</span> <span class='ocrx_word' id='word_1_271' title='bbox 495 1472 597 1507; x_wconf 88' lang='lat' dir='ltr'>eripere</span> <span class='ocrx_word' id='word_1_272' title='bbox 611 1476 701 1498; x_wconf 90' lang='lat' dir='ltr'>contra</span> <span class='ocrx_word' id='word_1_273' title='bbox 714 1471 864 1507; x_wconf 86' lang='lat' dir='ltr'>rempubli-</span> 
     </span>
     <span class='ocr_line' id='line_1_37' title="bbox 66 1508 864 1545; baseline 0 -10"><span class='ocrx_word' id='word_1_274' title='bbox 66 1517 123 1535; x_wconf 89' lang='lat' dir='ltr'>cam</span> <span class='ocrx_word' id='word_1_275' title='bbox 138 1513 163 1535; x_wconf 91' lang='lat' dir='ltr'>et</span> <span class='ocrx_word' id='word_1_276' title='bbox 178 1508 268 1545; x_wconf 88' lang='lat' dir='ltr'>largiri</span> <span class='ocrx_word' id='word_1_277' title='bbox 282 1510 420 1544; x_wconf 91' lang='lat' dir='ltr'>pecunias.</span> <span class='ocrx_word' id='word_1_278' title='bbox 454 1510 510 1536; x_wconf 71' lang='lat'><strong>⁴73.</strong></span> <span class='ocrx_word' id='word_1_279' title='bbox 526 1510 601 1536; x_wconf 88' lang='lat' dir='ltr'>Foris</span> <span class='ocrx_word' id='word_1_280' title='bbox 615 1513 703 1535; x_wconf 91' lang='lat' dir='ltr'>autem</span> <span class='ocrx_word' id='word_1_281' title='bbox 718 1518 864 1535; x_wconf 90' lang='lat' dir='ltr'>assumun-</span> 
     </span>
     <span class='ocr_line' id='line_1_38' title="bbox 66 1546 864 1581; baseline 0 -8"><span class='ocrx_word' id='word_1_282' title='bbox 66 1551 109 1573; x_wconf 87' lang='lat' dir='ltr'>tur</span> <span class='ocrx_word' id='word_1_283' title='bbox 122 1554 160 1578; x_wconf 85' lang='lat' dir='ltr'>ea,</span> <span class='ocrx_word' id='word_1_284' title='bbox 177 1554 246 1581; x_wconf 91' lang='lat' dir='ltr'>quae</span> <span class='ocrx_word' id='word_1_285' title='bbox 260 1555 312 1573; x_wconf 90' lang='lat' dir='ltr'>non</span> <span class='ocrx_word' id='word_1_286' title='bbox 326 1555 375 1573; x_wconf 92' lang='lat' dir='ltr'>sua</span> <span class='ocrx_word' id='word_1_287' title='bbox 389 1547 425 1578; x_wconf 95' lang='lat' dir='ltr'>vi,</span> <span class='ocrx_word' id='word_1_288' title='bbox 441 1547 489 1573; x_wconf 90' lang='lat' dir='ltr'>sed</span> <span class='ocrx_word' id='word_1_289' title='bbox 503 1551 626 1573; x_wconf 87' lang='lat' dir='ltr'>extranea</span> <span class='ocrx_word' id='word_1_290' title='bbox 640 1546 826 1577; x_wconf 81' lang='lat' dir='ltr'>sublevantur,</span> <span class='ocrx_word' id='word_1_291' title='bbox 836 1551 864 1573; x_wconf 90' lang='lat' dir='ltr'>ut</span> 
     </span>
     <span class='ocr_line' id='line_1_39' title="bbox 66 1583 864 1617; baseline 0 -7"><span class='ocrx_word' id='word_1_292' title='bbox 66 1583 144 1610; x_wconf 81' lang='lat' dir='ltr'>haec:</span> <span class='ocrx_word' id='word_1_293' title='bbox 172 1584 226 1610; x_wconf 86' lang='lat' dir='ltr'>Hoc</span> <span class='ocrx_word' id='word_1_294' title='bbox 240 1593 334 1610; x_wconf 88' lang='lat' dir='ltr'>verum</span> <span class='ocrx_word' id='word_1_295' title='bbox 348 1588 401 1617; x_wconf 85' lang='lat' dir='ltr'>est;</span> <span class='ocrx_word' id='word_1_296' title='bbox 424 1584 493 1610; x_wconf 82' lang='lat' dir='ltr'>dixit</span> <span class='ocrx_word' id='word_1_297' title='bbox 506 1585 577 1610; x_wconf 90' lang='lat' dir='ltr'>enim</span> <span class='ocrx_word' id='word_1_298' title='bbox 591 1584 622 1616; x_wconf 90' lang='lat' dir='ltr'>Q.</span> <span class='ocrx_word' id='word_1_299' title='bbox 639 1585 771 1610; x_wconf 89' lang='lat' dir='ltr'>Lutatius.</span> <span class='ocrx_word' id='word_1_300' title='bbox 811 1584 864 1610; x_wconf 84' lang='lat' dir='ltr'>Hoc</span> 
     </span>
     <span class='ocr_line' id='line_1_40' title="bbox 68 1620 863 1657; baseline -0.001 -9"><span class='ocrx_word' id='word_1_301' title='bbox 68 1620 165 1648; x_wconf 88' lang='lat' dir='ltr'>falsum</span> <span class='ocrx_word' id='word_1_302' title='bbox 179 1625 232 1654; x_wconf 86' lang='lat' dir='ltr'>est;</span> <span class='ocrx_word' id='word_1_303' title='bbox 255 1622 345 1648; x_wconf 86' lang='lat' dir='ltr'>habita</span> <span class='ocrx_word' id='word_1_304' title='bbox 359 1622 431 1648; x_wconf 89' lang='lat' dir='ltr'>enim</span> <span class='ocrx_word' id='word_1_305' title='bbox 445 1622 567 1657; x_wconf 86' lang='lat' dir='ltr'>quaestio</span> <span class='ocrx_word' id='word_1_306' title='bbox 581 1626 629 1648; x_wconf 90' lang='lat' dir='ltr'>est.</span> <span class='ocrx_word' id='word_1_307' title='bbox 656 1622 710 1647; x_wconf 88' lang='lat' dir='ltr'>Hoc</span> <span class='ocrx_word' id='word_1_308' title='bbox 724 1622 801 1656; x_wconf 89' lang='lat' dir='ltr'>sequi</span> <span class='ocrx_word' id='word_1_309' title='bbox 817 1630 863 1647; x_wconf 87' lang='lat' dir='ltr'>ne-</span> 
     </span>
     <span class='ocr_line' id='line_1_41' title="bbox 67 1659 863 1694; baseline 0 -9"><span class='ocrx_word' id='word_1_310' title='bbox 67 1667 140 1685; x_wconf 88' lang='lat' dir='ltr'>cesse</span> <span class='ocrx_word' id='word_1_311' title='bbox 158 1663 211 1692; x_wconf 70' lang='lat' dir='ltr'>est,</span> <span class='ocrx_word' id='word_1_312' title='bbox 234 1659 315 1686; x_wconf 88' lang='lat' dir='ltr'>recito</span> <span class='ocrx_word' id='word_1_313' title='bbox 337 1659 410 1686; x_wconf 91' lang='lat' dir='ltr'>enim</span> <span class='ocrx_word' id='word_1_314' title='bbox 433 1659 547 1686; x_wconf 90' lang='lat' dir='ltr'>tabulas.</span> <span class='ocrx_word' id='word_1_315' title='bbox 581 1659 618 1685; x_wconf 89' lang='lat' dir='ltr'>De</span> <span class='ocrx_word' id='word_1_316' title='bbox 631 1668 686 1694; x_wconf 89' lang='lat' dir='ltr'>quo</span> <span class='ocrx_word' id='word_1_317' title='bbox 700 1667 796 1694; x_wconf 80' lang='lat' dir='ltr'>genere</span> <span class='ocrx_word' id='word_1_318' title='bbox 811 1663 863 1685; x_wconf 89' lang='lat' dir='ltr'>toto</span> 
     </span>
    </p>
   </div>
   <div class='ocr_carea' id='block_1_7' title="bbox 68 1695 886 1731">
    <p class='ocr_par' dir='ltr' id='par_1_9' title="bbox 68 1695 886 1731">
     <span class='ocr_line' id='line_1_42' title="bbox 68 1695 886 1731; baseline -0.001 -8"><span class='ocrx_word' id='word_1_319' title='bbox 68 1695 157 1731; x_wconf 88' lang='lat' dir='ltr'>paullo</span> <span class='ocrx_word' id='word_1_320' title='bbox 170 1701 230 1723; x_wconf 88' lang='lat' dir='ltr'>ante</span> <span class='ocrx_word' id='word_1_321' title='bbox 244 1696 310 1723; x_wconf 82' lang='lat' dir='ltr'>dixi.</span> <span class='ocrx_word' id='word_1_322' title='bbox 332 1697 410 1728; x_wconf 86' lang='lat' dir='ltr'>Haec,</span> <span class='ocrx_word' id='word_1_323' title='bbox 426 1702 456 1723; x_wconf 91' lang='lat' dir='ltr'>ut</span> <span class='ocrx_word' id='word_1_324' title='bbox 469 1697 629 1723; x_wconf 88' lang='lat' dir='ltr'>brevissime</span> <span class='ocrx_word' id='word_1_325' title='bbox 643 1696 696 1723; x_wconf 92' lang='lat' dir='ltr'>dici</span> <span class='ocrx_word' id='word_1_326' title='bbox 707 1701 860 1731; x_wconf 87' lang='lat' dir='ltr'>potuerunt,</span> <span class='ocrx_word' id='word_1_327' title='bbox 884 1714 886 1721; x_wconf 65' lang='grc'>,</span> 
     </span>
    </p>
   </div>
   <div class='ocr_carea' id='block_1_8' title="bbox 67 1734 864 1806">
    <p class='ocr_par' dir='ltr' id='par_1_10' title="bbox 67 1734 864 1806">
     <span class='ocr_line' id='line_1_43' title="bbox 67 1734 860 1765; baseline 0 -5"><span class='ocrx_word' id='word_1_328' title='bbox 67 1734 102 1760; x_wconf 88' lang='lat' dir='ltr'>ita</span> <span class='ocrx_word' id='word_1_329' title='bbox 115 1742 129 1760; x_wconf 85' lang='lat' dir='ltr'>a</span> <span class='ocrx_word' id='word_1_330' title='bbox 144 1742 185 1760; x_wconf 91' lang='lat' dir='ltr'>me</span> <span class='ocrx_word' id='word_1_331' title='bbox 199 1734 268 1760; x_wconf 89' lang='lat' dir='ltr'>dicta</span> <span class='ocrx_word' id='word_1_332' title='bbox 283 1738 355 1760; x_wconf 90' lang='lat' dir='ltr'>sunt.</span> <span class='ocrx_word' id='word_1_333' title='bbox 371 1734 440 1760; x_wconf 81' lang='lat' dir='ltr'>XLI.</span> <span class='ocrx_word' id='word_1_334' title='bbox 458 1735 515 1761; x_wconf 70' lang='lat'>⁴74.</span> <span class='ocrx_word' id='word_1_335' title='bbox 531 1734 564 1761; x_wconf 90' lang='lat' dir='ltr'>Ut</span> <span class='ocrx_word' id='word_1_336' title='bbox 578 1734 649 1760; x_wconf 85' lang='lat' dir='ltr'>enim</span> <span class='ocrx_word' id='word_1_337' title='bbox 664 1734 686 1760; x_wconf 91' lang='lat' dir='ltr'>si</span> <span class='ocrx_word' id='word_1_338' title='bbox 701 1742 796 1760; x_wconf 89' lang='lat' dir='ltr'>aurum</span> <span class='ocrx_word' id='word_1_339' title='bbox 807 1735 860 1765; x_wconf 91' lang='lat' dir='ltr'>cui,</span> 
     </span>
     <span class='ocr_line' id='line_1_44' title="bbox 67 1770 864 1806; baseline -0.001 -8"><span class='ocrx_word' id='word_1_340' title='bbox 67 1770 139 1806; x_wconf 92' lang='lat' dir='ltr'>quod</span> <span class='ocrx_word' id='word_1_341' title='bbox 152 1776 222 1798; x_wconf 89' lang='lat' dir='ltr'>esset</span> <span class='ocrx_word' id='word_1_342' title='bbox 236 1771 410 1798; x_wconf 82' lang='lat' dir='ltr'>multifariam</span> <span class='ocrx_word' id='word_1_343' title='bbox 424 1771 571 1803; x_wconf 81' lang='lat' dir='ltr'>defossum,</span> <span class='ocrx_word' id='word_1_344' title='bbox 587 1776 795 1798; x_wconf 87' lang='lat' dir='ltr'>commonstrare</span> <span class='ocrx_word' id='word_1_345' title='bbox 807 1771 864 1798; x_wconf 89' lang='lat' dir='ltr'>vel-</span> 
     </span>
    </p>
   </div>
   <div class='ocr_carea' id='block_1_9' title="bbox 68 1807 885 1845">
    <p class='ocr_par' dir='ltr' id='par_1_11' title="bbox 68 1807 885 1845">
     <span class='ocr_line' id='line_1_45' title="bbox 68 1807 885 1845; baseline 0 -10"><span class='ocrx_word' id='word_1_346' title='bbox 68 1807 128 1840; x_wconf 86' lang='lat' dir='ltr'>lem,</span> <span class='ocrx_word' id='word_1_347' title='bbox 145 1809 209 1835; x_wconf 91' lang='lat' dir='ltr'>satis</span> <span class='ocrx_word' id='word_1_348' title='bbox 223 1817 282 1835; x_wconf 83' lang='lat' dir='ltr'>esse</span> <span class='ocrx_word' id='word_1_349' title='bbox 296 1809 412 1840; x_wconf 85' lang='lat' dir='ltr'>deberet,</span> <span class='ocrx_word' id='word_1_350' title='bbox 434 1810 456 1836; x_wconf 91' lang='lat' dir='ltr'>si</span> <span class='ocrx_word' id='word_1_351' title='bbox 475 1810 551 1845; x_wconf 84' lang='lat' dir='ltr'>signa</span> <span class='ocrx_word' id='word_1_352' title='bbox 566 1813 592 1836; x_wconf 89' lang='lat' dir='ltr'>et</span> <span class='ocrx_word' id='word_1_353' title='bbox 605 1813 680 1835; x_wconf 91' lang='lat' dir='ltr'>notas</span> <span class='ocrx_word' id='word_1_354' title='bbox 694 1809 861 1835; x_wconf 84' lang='lat' dir='ltr'>ostenderem</span> <span class='ocrx_word' id='word_1_355' title='bbox 884 1816 885 1819; x_wconf 56' lang='lat'>¹</span> 
     </span>
    </p>
   </div>
   <div class='ocr_carea' id='block_1_10' title="bbox 67 1845 863 2181">
    <p class='ocr_par' dir='ltr' id='par_1_12' title="bbox 67 1845 863 2181">
     <span class='ocr_line' id='line_1_46' title="bbox 68 1845 860 1882; baseline 0 -9"><span class='ocrx_word' id='word_1_356' title='bbox 68 1845 193 1878; x_wconf 86' lang='lat' dir='ltr'>locorum,</span> <span class='ocrx_word' id='word_1_357' title='bbox 212 1846 314 1882; x_wconf 87' lang='lat' dir='ltr'>quibus</span> <span class='ocrx_word' id='word_1_358' title='bbox 332 1847 445 1882; x_wconf 79' lang='lat' dir='ltr'>cognitis</span> <span class='ocrx_word' id='word_1_359' title='bbox 464 1847 509 1873; x_wconf 89' lang='lat' dir='ltr'>ille</span> <span class='ocrx_word' id='word_1_360' title='bbox 527 1847 578 1873; x_wconf 86' lang='lat' dir='ltr'>sibi</span> <span class='ocrx_word' id='word_1_361' title='bbox 598 1847 656 1881; x_wconf 81' lang='lat' dir='ltr'>ipse</span> <span class='ocrx_word' id='word_1_362' title='bbox 671 1846 771 1873; x_wconf 86' lang='lat' dir='ltr'>foderet</span> <span class='ocrx_word' id='word_1_363' title='bbox 785 1851 810 1873; x_wconf 85' lang='lat' dir='ltr'>et</span> <span class='ocrx_word' id='word_1_364' title='bbox 824 1846 860 1878; x_wconf 88' lang='lat' dir='ltr'>id,</span> 
     </span>
     <span class='ocr_line' id='line_1_47' title="bbox 68 1883 860 1919; baseline 0 -9"><span class='ocrx_word' id='word_1_365' title='bbox 68 1883 138 1918; x_wconf 88' lang='lat' dir='ltr'>quod</span> <span class='ocrx_word' id='word_1_366' title='bbox 151 1883 240 1915; x_wconf 85' lang='lat' dir='ltr'>vellet,</span> <span class='ocrx_word' id='word_1_367' title='bbox 266 1884 378 1919; x_wconf 89' lang='lat' dir='ltr'>parvulo</span> <span class='ocrx_word' id='word_1_368' title='bbox 394 1884 490 1916; x_wconf 83' lang='lat' dir='ltr'>labore,</span> <span class='ocrx_word' id='word_1_369' title='bbox 515 1884 590 1911; x_wconf 91' lang='lat' dir='ltr'>nullo</span> <span class='ocrx_word' id='word_1_370' title='bbox 603 1893 698 1915; x_wconf 86' lang='lat' dir='ltr'>errore,</span> <span class='ocrx_word' id='word_1_371' title='bbox 716 1885 860 1910; x_wconf 88' lang='lat' dir='ltr'>inveniret:</span> 
     </span>
     <span class='ocr_line' id='line_1_48' title="bbox 67 1920 863 1958; baseline 0 -10"><span class='ocrx_word' id='word_1_372' title='bbox 67 1921 105 1947; x_wconf 84' lang='lat' dir='ltr'>sic</span> <span class='ocrx_word' id='word_1_373' title='bbox 125 1921 174 1947; x_wconf 80' lang='lat' dir='ltr'>has</span> <span class='ocrx_word' id='word_1_374' title='bbox 197 1929 246 1957; x_wconf 83' lang='lat' dir='ltr'>ego</span> <span class='ocrx_word' id='word_1_375' title='bbox 268 1926 487 1957; x_wconf 85' lang='lat' dir='ltr'>argumentorum</span> <span class='ocrx_word' id='word_1_376' title='bbox 506 1920 618 1958; x_wconf 85' lang='lat' dir='ltr'>no[ta]vi</span> <span class='ocrx_word' id='word_1_377' title='bbox 634 1925 717 1953; x_wconf 77' lang='lat' dir='ltr'>notaS,</span> <span class='ocrx_word' id='word_1_378' title='bbox 734 1930 803 1956; x_wconf 87' lang='lat' dir='ltr'>quae</span> <span class='ocrx_word' id='word_1_379' title='bbox 818 1921 863 1948; x_wconf 90' lang='lat' dir='ltr'>illa</span> 
     </span>
     <span class='ocr_line' id='line_1_49' title="bbox 69 1957 862 1995; baseline 0 -10"><span class='ocrx_word' id='word_1_380' title='bbox 69 1957 155 1995; x_wconf 81' lang='lat' dir='ltr'>[mihi]</span> <span class='ocrx_word' id='word_1_381' title='bbox 171 1960 308 1994; x_wconf 85' lang='lat' dir='ltr'>quaerenti</span> <span class='ocrx_word' id='word_1_382' title='bbox 323 1959 505 1985; x_wconf 90' lang='lat' dir='ltr'>demonstrant</span> <span class='ocrx_word' id='word_1_383' title='bbox 521 1959 565 1985; x_wconf 90' lang='lat' dir='ltr'>ubi</span> <span class='ocrx_word' id='word_1_384' title='bbox 581 1959 648 1992; x_wconf 68' lang='lat' dir='ltr'>sint:</span> <span class='ocrx_word' id='word_1_385' title='bbox 681 1958 784 1994; x_wconf 88' lang='lat' dir='ltr'>reliqua</span> <span class='ocrx_word' id='word_1_386' title='bbox 799 1968 862 1985; x_wconf 84' lang='lat' dir='ltr'>cura</span> 
     </span>
     <span class='ocr_line' id='line_1_50' title="bbox 68 1996 863 2032; baseline 0.001 -10"><span class='ocrx_word' id='word_1_387' title='bbox 68 2000 92 2022; x_wconf 88' lang='lat' dir='ltr'>et</span> <span class='ocrx_word' id='word_1_388' title='bbox 108 1997 264 2032; x_wconf 82' lang='lat' dir='ltr'>cogitatione</span> <span class='ocrx_word' id='word_1_389' title='bbox 278 2001 418 2023; x_wconf 84' lang='lat' dir='ltr'>eruuntur.</span> <span class='ocrx_word' id='word_1_390' title='bbox 450 1998 508 2023; x_wconf 74' lang='lat'>475.</span> <span class='ocrx_word' id='word_1_391' title='bbox 525 1996 602 2029; x_wconf 89' lang='lat' dir='ltr'>Quod</span> <span class='ocrx_word' id='word_1_392' title='bbox 616 2000 705 2023; x_wconf 90' lang='lat' dir='ltr'>autem</span> <span class='ocrx_word' id='word_1_393' title='bbox 719 2005 863 2032; x_wconf 86' lang='lat' dir='ltr'>argumen-</span> 
     </span>
     <span class='ocr_line' id='line_1_51' title="bbox 67 2034 863 2070; baseline 0 -10"><span class='ocrx_word' id='word_1_394' title='bbox 67 2037 152 2060; x_wconf 79' lang='lat' dir='ltr'>torum</span> <span class='ocrx_word' id='word_1_395' title='bbox 170 2042 257 2069; x_wconf 79' lang='lat' dir='ltr'>genus</span> <span class='ocrx_word' id='word_1_396' title='bbox 276 2035 375 2068; x_wconf 91' lang='lat' dir='ltr'>cuique</span> <span class='ocrx_word' id='word_1_397' title='bbox 392 2043 549 2060; x_wconf 89' lang='lat' dir='ltr'>caussarum</span> <span class='ocrx_word' id='word_1_398' title='bbox 563 2034 655 2070; x_wconf 80' lang='lat' dir='ltr'>generi</span> <span class='ocrx_word' id='word_1_399' title='bbox 670 2034 786 2060; x_wconf 81' lang='lat' dir='ltr'>maxime</span> <span class='ocrx_word' id='word_1_400' title='bbox 800 2043 863 2060; x_wconf 84' lang='lat' dir='ltr'>con-</span> 
     </span>
     <span class='ocr_line' id='line_1_52' title="bbox 68 2071 863 2107; baseline 0 -10"><span class='ocrx_word' id='word_1_401' title='bbox 68 2071 163 2102; x_wconf 86' lang='lat' dir='ltr'>veniat,</span> <span class='ocrx_word' id='word_1_402' title='bbox 186 2080 237 2097; x_wconf 93' lang='lat' dir='ltr'>non</span> <span class='ocrx_word' id='word_1_403' title='bbox 256 2075 296 2098; x_wconf 88' lang='lat' dir='ltr'>est</span> <span class='ocrx_word' id='word_1_404' title='bbox 313 2072 376 2097; x_wconf 85' lang='lat' dir='ltr'>artis</span> <span class='ocrx_word' id='word_1_405' title='bbox 391 2072 541 2107; x_wconf 86' lang='lat' dir='ltr'>exquisitae</span> <span class='ocrx_word' id='word_1_406' title='bbox 556 2071 744 2106; x_wconf 84' lang='lat' dir='ltr'>praescribere,</span> <span class='ocrx_word' id='word_1_407' title='bbox 761 2072 808 2098; x_wconf 90' lang='lat' dir='ltr'>sed</span> <span class='ocrx_word' id='word_1_408' title='bbox 822 2076 863 2098; x_wconf 92' lang='lat' dir='ltr'>est</span> 
     </span>
     <span class='ocr_line' id='line_1_53' title="bbox 68 2108 862 2145; baseline 0.001 -11"><span class='ocrx_word' id='word_1_409' title='bbox 68 2108 208 2135; x_wconf 88' lang='lat' dir='ltr'>mediocris</span> <span class='ocrx_word' id='word_1_410' title='bbox 222 2109 323 2144; x_wconf 86' lang='lat' dir='ltr'>ingenii</span> <span class='ocrx_word' id='word_1_411' title='bbox 338 2108 464 2135; x_wconf 87' lang='lat' dir='ltr'>iudicare.</span> <span class='ocrx_word' id='word_1_412' title='bbox 485 2109 578 2144; x_wconf 83' lang='lat' dir='ltr'>Neque</span> <span class='ocrx_word' id='word_1_413' title='bbox 592 2109 663 2135; x_wconf 91' lang='lat' dir='ltr'>enim</span> <span class='ocrx_word' id='word_1_414' title='bbox 679 2117 750 2135; x_wconf 85' lang='lat' dir='ltr'>nunc</span> <span class='ocrx_word' id='word_1_415' title='bbox 764 2109 791 2135; x_wconf 94' lang='lat' dir='ltr'>id</span> <span class='ocrx_word' id='word_1_416' title='bbox 806 2109 862 2145; x_wconf 83' lang='lat' dir='ltr'>agi-</span> 
     </span>
     <span class='ocr_line' id='line_1_54' title="bbox 69 2145 863 2181; baseline 0.001 -9"><span class='ocrx_word' id='word_1_417' title='bbox 69 2153 137 2177; x_wconf 85' lang='lat' dir='ltr'>mus,</span> <span class='ocrx_word' id='word_1_418' title='bbox 162 2150 191 2172; x_wconf 90' lang='lat' dir='ltr'>ut</span> <span class='ocrx_word' id='word_1_419' title='bbox 211 2150 293 2172; x_wconf 86' lang='lat' dir='ltr'>artem</span> <span class='ocrx_word' id='word_1_420' title='bbox 312 2145 430 2180; x_wconf 88' lang='lat' dir='ltr'>aliquam</span> <span class='ocrx_word' id='word_1_421' title='bbox 447 2146 555 2173; x_wconf 88' lang='lat' dir='ltr'>dicendi</span> <span class='ocrx_word' id='word_1_422' title='bbox 569 2146 746 2181; x_wconf 76' lang='lat' dir='ltr'>explicemus.</span> <span class='ocrx_word' id='word_1_423' title='bbox 771 2147 819 2173; x_wconf 89' lang='lat' dir='ltr'>sed</span> <span class='ocrx_word' id='word_1_424' title='bbox 833 2151 863 2173; x_wconf 93' lang='lat' dir='ltr'>ut</span> 
     </span>
    </p>
   </div>
   <div class='ocr_carea' id='block_1_11' title="bbox 69 2182 892 2219">
    <p class='ocr_par' dir='ltr' id='par_1_13' title="bbox 69 2182 892 2219">
     <span class='ocr_line' id='line_1_55' title="bbox 69 2182 892 2219; baseline 0.001 -10"><span class='ocrx_word' id='word_1_425' title='bbox 69 2182 229 2210; x_wconf 85' lang='lat' dir='ltr'>doctissimis</span> <span class='ocrx_word' id='word_1_426' title='bbox 253 2183 408 2210; x_wconf 89' lang='lat' dir='ltr'>hominibus</span> <span class='ocrx_word' id='word_1_427' title='bbox 430 2192 498 2210; x_wconf 90' lang='lat' dir='ltr'>usus</span> <span class='ocrx_word' id='word_1_428' title='bbox 520 2184 603 2210; x_wconf 85' lang='lat' dir='ltr'>nostri</span> <span class='ocrx_word' id='word_1_429' title='bbox 630 2184 708 2219; x_wconf 87' lang='lat' dir='ltr'>quasi</span> <span class='ocrx_word' id='word_1_430' title='bbox 729 2184 861 2219; x_wconf 83' lang='lat' dir='ltr'>quaedam</span> <span class='ocrx_word' id='word_1_431' title='bbox 890 2191 892 2210; x_wconf 60' lang='lat' dir='ltr'><em>s</em></span> 
     </span>
    </p>
   </div>
   <div class='ocr_carea' id='block_1_12' title="bbox 68 2220 862 2705">
    <p class='ocr_par' dir='ltr' id='par_1_14' title="bbox 68 2220 862 2705">
     <span class='ocr_line' id='line_1_56' title="bbox 69 2220 862 2257; baseline 0.001 -10"><span class='ocrx_word' id='word_1_432' title='bbox 69 2221 165 2247; x_wconf 86' lang='lat' dir='ltr'>monita</span> <span class='ocrx_word' id='word_1_433' title='bbox 180 2220 324 2247; x_wconf 83' lang='lat' dir='ltr'>tradamus.</span> <span class='ocrx_word' id='word_1_434' title='bbox 347 2221 394 2247; x_wconf 84' lang='lat' dir='ltr'>His</span> <span class='ocrx_word' id='word_1_435' title='bbox 407 2221 492 2257; x_wconf 81' lang='lat' dir='ltr'>igitur</span> <span class='ocrx_word' id='word_1_436' title='bbox 507 2220 571 2247; x_wconf 88' lang='lat' dir='ltr'>locis</span> <span class='ocrx_word' id='word_1_437' title='bbox 587 2221 612 2247; x_wconf 91' lang='lat' dir='ltr'>in</span> <span class='ocrx_word' id='word_1_438' title='bbox 628 2225 715 2247; x_wconf 89' lang='lat' dir='ltr'>mente</span> <span class='ocrx_word' id='word_1_439' title='bbox 727 2226 752 2247; x_wconf 89' lang='lat' dir='ltr'>ct</span> <span class='ocrx_word' id='word_1_440' title='bbox 762 2222 862 2257; x_wconf 80' lang='lat' dir='ltr'>cogita-</span> 
     </span>
     <span class='ocr_line' id='line_1_57' title="bbox 68 2257 862 2294; baseline 0.001 -10"><span class='ocrx_word' id='word_1_441' title='bbox 68 2257 138 2285; x_wconf 85' lang='lat' dir='ltr'>tione</span> <span class='ocrx_word' id='word_1_442' title='bbox 150 2257 246 2285; x_wconf 82' lang='lat' dir='ltr'>defixis</span> <span class='ocrx_word' id='word_1_443' title='bbox 260 2262 286 2284; x_wconf 86' lang='lat' dir='ltr'>et</span> <span class='ocrx_word' id='word_1_444' title='bbox 298 2259 326 2284; x_wconf 95' lang='lat' dir='ltr'>in</span> <span class='ocrx_word' id='word_1_445' title='bbox 340 2259 414 2285; x_wconf 91' lang='lat' dir='ltr'>omni</span> <span class='ocrx_word' id='word_1_446' title='bbox 428 2267 456 2285; x_wconf 91' lang='lat' dir='ltr'>re</span> <span class='ocrx_word' id='word_1_447' title='bbox 469 2258 502 2285; x_wconf 87' lang='lat' dir='ltr'>ad</span> <span class='ocrx_word' id='word_1_448' title='bbox 512 2258 655 2285; x_wconf 87' lang='lat' dir='ltr'>dicendum</span> <span class='ocrx_word' id='word_1_449' title='bbox 668 2259 752 2294; x_wconf 91' lang='lat' dir='ltr'>posita</span> <span class='ocrx_word' id='word_1_450' title='bbox 762 2260 862 2285; x_wconf 85' lang='lat' dir='ltr'>excita-</span> 
     </span>
     <span class='ocr_line' id='line_1_58' title="bbox 69 2295 860 2332; baseline 0.001 -11"><span class='ocrx_word' id='word_1_451' title='bbox 69 2295 111 2327; x_wconf 87' lang='lat' dir='ltr'>tis,</span> <span class='ocrx_word' id='word_1_452' title='bbox 137 2295 203 2322; x_wconf 86' lang='lat' dir='ltr'>nibil</span> <span class='ocrx_word' id='word_1_453' title='bbox 227 2296 285 2327; x_wconf 86' lang='lat' dir='ltr'>erit,</span> <span class='ocrx_word' id='word_1_454' title='bbox 310 2295 382 2331; x_wconf 88' lang='lat' dir='ltr'>quod</span> <span class='ocrx_word' id='word_1_455' title='bbox 404 2300 533 2322; x_wconf 90' lang='lat' dir='ltr'>oratorem</span> <span class='ocrx_word' id='word_1_456' title='bbox 556 2295 672 2332; x_wconf 73' lang='lat' dir='ltr'>effugere</span> <span class='ocrx_word' id='word_1_457' title='bbox 694 2297 787 2331; x_wconf 86' lang='lat' dir='ltr'>possit,</span> <span class='ocrx_word' id='word_1_458' title='bbox 810 2305 860 2322; x_wconf 92' lang='lat' dir='ltr'>non</span> 
     </span>
     <span class='ocr_line' id='line_1_59' title="bbox 68 2332 861 2368; baseline 0.001 -9"><span class='ocrx_word' id='word_1_459' title='bbox 68 2332 146 2359; x_wconf 90' lang='lat' dir='ltr'>modo</span> <span class='ocrx_word' id='word_1_460' title='bbox 168 2333 194 2359; x_wconf 95' lang='lat' dir='ltr'>in</span> <span class='ocrx_word' id='word_1_461' title='bbox 219 2332 369 2359; x_wconf 77' lang='lat' dir='ltr'>forensibus</span> <span class='ocrx_word' id='word_1_462' title='bbox 383 2333 630 2368; x_wconf 78' lang='lat' dir='ltr'>disceptationibus,</span> <span class='ocrx_word' id='word_1_463' title='bbox 651 2333 698 2360; x_wconf 90' lang='lat' dir='ltr'>sed</span> <span class='ocrx_word' id='word_1_464' title='bbox 712 2334 821 2360; x_wconf 90' lang='lat' dir='ltr'>omnino</span> <span class='ocrx_word' id='word_1_465' title='bbox 835 2334 861 2360; x_wconf 88' lang='lat' dir='ltr'>in</span> 
     </span>
     <span class='ocr_line' id='line_1_60' title="bbox 68 2369 862 2406; baseline 0.001 -10"><span class='ocrx_word' id='word_1_466' title='bbox 68 2369 123 2397; x_wconf 90' lang='lat' dir='ltr'>ullo</span> <span class='ocrx_word' id='word_1_467' title='bbox 135 2378 231 2406; x_wconf 85' lang='lat' dir='ltr'>genere</span> <span class='ocrx_word' id='word_1_468' title='bbox 245 2370 360 2397; x_wconf 83' lang='lat' dir='ltr'>dicendi.</span> <span class='ocrx_word' id='word_1_469' title='bbox 385 2372 441 2397; x_wconf 75' lang='grc'><strong>176.</strong></span> <span class='ocrx_word' id='word_1_470' title='bbox 456 2371 484 2397; x_wconf 86' lang='lat' dir='ltr'>Si</span> <span class='ocrx_word' id='word_1_471' title='bbox 501 2379 562 2397; x_wconf 86' lang='lat' dir='ltr'>vero</span> <span class='ocrx_word' id='word_1_472' title='bbox 575 2375 742 2406; x_wconf 81' lang='lat' dir='ltr'>assequetur,</span> <span class='ocrx_word' id='word_1_473' title='bbox 759 2375 789 2398; x_wconf 88' lang='lat' dir='ltr'>ut</span> <span class='ocrx_word' id='word_1_474' title='bbox 802 2371 862 2398; x_wconf 83' lang='lat' dir='ltr'>talis</span> 
     </span>
     <span class='ocr_line' id='line_1_61' title="bbox 70 2406 861 2443; baseline 0.003 -10"><span class='ocrx_word' id='word_1_475' title='bbox 70 2406 197 2439; x_wconf 84' lang='lat' dir='ltr'>videatur,</span> <span class='ocrx_word' id='word_1_476' title='bbox 213 2407 321 2443; x_wconf 84' lang='lat' dir='ltr'>qualem</span> <span class='ocrx_word' id='word_1_477' title='bbox 335 2417 363 2434; x_wconf 90' lang='lat' dir='ltr'>se</span> <span class='ocrx_word' id='word_1_478' title='bbox 378 2408 462 2435; x_wconf 87' lang='lat' dir='ltr'>videri</span> <span class='ocrx_word' id='word_1_479' title='bbox 478 2408 550 2439; x_wconf 88' lang='lat' dir='ltr'>velit,</span> <span class='ocrx_word' id='word_1_480' title='bbox 567 2412 592 2434; x_wconf 85' lang='lat' dir='ltr'>ct</span> <span class='ocrx_word' id='word_1_481' title='bbox 606 2409 709 2435; x_wconf 90' lang='lat' dir='ltr'>animos</span> <span class='ocrx_word' id='word_1_482' title='bbox 723 2416 814 2435; x_wconf 90' lang='lat' dir='ltr'>eorum</span> <span class='ocrx_word' id='word_1_483' title='bbox 826 2409 861 2435; x_wconf 88' lang='lat' dir='ltr'>ita</span> 
     </span>
     <span class='ocr_line' id='line_1_62' title="bbox 69 2443 859 2482; baseline 0.001 -11"><span class='ocrx_word' id='word_1_484' title='bbox 69 2443 172 2476; x_wconf 79' lang='lat' dir='ltr'>afficiat,</span> <span class='ocrx_word' id='word_1_485' title='bbox 198 2445 269 2480; x_wconf 83' lang='lat' dir='ltr'>apud</span> <span class='ocrx_word' id='word_1_486' title='bbox 293 2453 361 2480; x_wconf 88' lang='lat' dir='ltr'>quos</span> <span class='ocrx_word' id='word_1_487' title='bbox 385 2450 452 2482; x_wconf 80' lang='lat' dir='ltr'>aget,</span> <span class='ocrx_word' id='word_1_488' title='bbox 479 2450 507 2472; x_wconf 85' lang='lat' dir='ltr'>ut</span> <span class='ocrx_word' id='word_1_489' title='bbox 525 2454 579 2476; x_wconf 89' lang='lat' dir='ltr'>eos,</span> <span class='ocrx_word' id='word_1_490' title='bbox 599 2453 772 2480; x_wconf 89' lang='lat' dir='ltr'>quocumque</span> <span class='ocrx_word' id='word_1_491' title='bbox 787 2445 859 2477; x_wconf 82' lang='lat' dir='ltr'>velit,</span> 
     </span>
     <span class='ocr_line' id='line_1_63' title="bbox 71 2481 861 2518; baseline 0.001 -10"><span class='ocrx_word' id='word_1_492' title='bbox 71 2481 111 2508; x_wconf 82' lang='lat' dir='ltr'>vel</span> <span class='ocrx_word' id='word_1_493' title='bbox 125 2482 227 2509; x_wconf 84' lang='lat' dir='ltr'>trahere</span> <span class='ocrx_word' id='word_1_494' title='bbox 242 2481 283 2508; x_wconf 88' lang='lat' dir='ltr'>vel</span> <span class='ocrx_word' id='word_1_495' title='bbox 298 2491 389 2518; x_wconf 87' lang='lat' dir='ltr'>rapere</span> <span class='ocrx_word' id='word_1_496' title='bbox 403 2483 497 2518; x_wconf 86' lang='lat' dir='ltr'>possit,</span> <span class='ocrx_word' id='word_1_497' title='bbox 515 2482 580 2509; x_wconf 76' lang='lat' dir='ltr'>nihil</span> <span class='ocrx_word' id='word_1_498' title='bbox 597 2482 714 2517; x_wconf 87' lang='lat' dir='ltr'>profecto</span> <span class='ocrx_word' id='word_1_499' title='bbox 728 2487 861 2518; x_wconf 86' lang='lat' dir='ltr'>praeterea</span> 
     </span>
     <span class='ocr_line' id='line_1_64' title="bbox 69 2518 861 2555; baseline 0.001 -10"><span class='ocrx_word' id='word_1_500' title='bbox 69 2518 102 2545; x_wconf 81' lang='lat' dir='ltr'>ad</span> <span class='ocrx_word' id='word_1_501' title='bbox 111 2518 254 2546; x_wconf 85' lang='lat' dir='ltr'>dicendum</span> <span class='ocrx_word' id='word_1_502' title='bbox 265 2520 390 2555; x_wconf 86' lang='lat' dir='ltr'>requiret.</span> <span class='ocrx_word' id='word_1_503' title='bbox 407 2521 460 2547; x_wconf 88' lang='lat' dir='ltr'>lam</span> <span class='ocrx_word' id='word_1_504' title='bbox 475 2520 543 2547; x_wconf 91' lang='lat' dir='ltr'>illud</span> <span class='ocrx_word' id='word_1_505' title='bbox 555 2520 678 2546; x_wconf 82' lang='lat' dir='ltr'>videmus</span> <span class='ocrx_word' id='word_1_506' title='bbox 690 2529 861 2555; x_wconf 87' lang='lat' dir='ltr'>nequaquam</span> 
     </span>
     <span class='ocr_line' id='line_1_65' title="bbox 70 2556 862 2592; baseline 0.001 -10"><span class='ocrx_word' id='word_1_507' title='bbox 70 2556 133 2582; x_wconf 79' lang='lat' dir='ltr'>satis</span> <span class='ocrx_word' id='word_1_508' title='bbox 150 2565 218 2589; x_wconf 86' lang='lat' dir='ltr'>esse,</span> <span class='ocrx_word' id='word_1_509' title='bbox 239 2557 353 2592; x_wconf 87' lang='lat' dir='ltr'>reperire</span> <span class='ocrx_word' id='word_1_510' title='bbox 367 2558 434 2592; x_wconf 89' lang='lat' dir='ltr'>quid</span> <span class='ocrx_word' id='word_1_511' title='bbox 447 2557 529 2589; x_wconf 83' lang='lat' dir='ltr'>dicas,</span> <span class='ocrx_word' id='word_1_512' title='bbox 546 2558 598 2584; x_wconf 88' lang='lat' dir='ltr'>nisi</span> <span class='ocrx_word' id='word_1_513' title='bbox 613 2557 639 2583; x_wconf 92' lang='lat' dir='ltr'>id</span> <span class='ocrx_word' id='word_1_514' title='bbox 655 2558 794 2584; x_wconf 86' lang='lat' dir='ltr'>inventum</span> <span class='ocrx_word' id='word_1_515' title='bbox 810 2562 862 2584; x_wconf 85' lang='lat' dir='ltr'>tra-</span> 
     </span>
     <span class='ocr_line' id='line_1_66' title="bbox 69 2594 858 2629; baseline 0 -9"><span class='ocrx_word' id='word_1_516' title='bbox 69 2596 138 2620; x_wconf 75' lang='lat' dir='ltr'>ctum</span> <span class='ocrx_word' id='word_1_517' title='bbox 150 2595 246 2629; x_wconf 88' lang='lat' dir='ltr'>possis.</span> <span class='ocrx_word' id='word_1_518' title='bbox 283 2595 340 2620; x_wconf 75' lang='lat'><strong>⁴77.</strong></span> <span class='ocrx_word' id='word_1_519' title='bbox 359 2595 488 2622; x_wconf 84' lang='lat' dir='ltr'>Tractatio</span> <span class='ocrx_word' id='word_1_520' title='bbox 505 2599 594 2621; x_wconf 88' lang='lat' dir='ltr'>autcm</span> <span class='ocrx_word' id='word_1_521' title='bbox 615 2595 685 2621; x_wconf 83' lang='lat' dir='ltr'>varia</span> <span class='ocrx_word' id='word_1_522' title='bbox 699 2603 758 2621; x_wconf 86' lang='lat' dir='ltr'>esse</span> <span class='ocrx_word' id='word_1_523' title='bbox 771 2594 858 2626; x_wconf 79' lang='lat' dir='ltr'>debet,</span> 
     </span>
     <span class='ocr_line' id='line_1_67' title="bbox 71 2631 861 2668; baseline 0.001 -11"><span class='ocrx_word' id='word_1_524' title='bbox 71 2638 103 2657; x_wconf 85' lang='lat' dir='ltr'>ne</span> <span class='ocrx_word' id='word_1_525' title='bbox 116 2635 161 2658; x_wconf 87' lang='lat' dir='ltr'>aut</span> <span class='ocrx_word' id='word_1_526' title='bbox 172 2636 313 2667; x_wconf 80' lang='lat' dir='ltr'>cognoscat</span> <span class='ocrx_word' id='word_1_527' title='bbox 326 2636 418 2663; x_wconf 85' lang='lat' dir='ltr'>artem,</span> <span class='ocrx_word' id='word_1_528' title='bbox 434 2633 481 2668; x_wconf 91' lang='lat' dir='ltr'>qui</span> <span class='ocrx_word' id='word_1_529' title='bbox 496 2632 578 2664; x_wconf 84' lang='lat' dir='ltr'>audit,</span> <span class='ocrx_word' id='word_1_530' title='bbox 595 2636 640 2658; x_wconf 88' lang='lat' dir='ltr'>aut</span> <span class='ocrx_word' id='word_1_531' title='bbox 653 2631 814 2668; x_wconf 76' lang='lat' dir='ltr'>defatigetur</span> <span class='ocrx_word' id='word_1_532' title='bbox 824 2632 861 2658; x_wconf 90' lang='lat' dir='ltr'>si—</span> 
     </span>
     <span class='ocr_line' id='line_1_68' title="bbox 71 2667 858 2705; baseline 0.001 -11"><span class='ocrx_word' id='word_1_533' title='bbox 71 2667 230 2696; x_wconf 87' lang='lat' dir='ltr'>militudinis</span> <span class='ocrx_word' id='word_1_534' title='bbox 251 2669 380 2696; x_wconf 83' lang='lat' dir='ltr'>satietate.</span> <span class='ocrx_word' id='word_1_535' title='bbox 415 2670 527 2705; x_wconf 81' lang='lat' dir='ltr'>Proponi</span> <span class='ocrx_word' id='word_1_536' title='bbox 546 2674 656 2704; x_wconf 84' lang='lat' dir='ltr'>oportet,</span> <span class='ocrx_word' id='word_1_537' title='bbox 676 2669 743 2705; x_wconf 89' lang='lat' dir='ltr'>quid</span> <span class='ocrx_word' id='word_1_538' title='bbox 757 2669 858 2701; x_wconf 72' lang='lat' dir='ltr'>alferus,</span> 
     </span>
    </p>
   </div>
   <div class='ocr_carea' id='block_1_13' title="bbox 955 127 1708 157">
    <p class='ocr_par' dir='ltr' id='par_1_15' title="bbox 955 127 1708 157">
     <span class='ocr_line' id='line_1_69' title="bbox 955 127 1708 157; baseline 0.005 -4"><span class='ocrx_word' id='word_1_539' title='bbox 955 128 986 153; x_wconf 89' lang='lat'>11.</span> <span class='ocrx_word' id='word_1_540' title='bbox 1022 127 1040 154; x_wconf 95' lang='lat' dir='ltr'>C</span> <span class='ocrx_word' id='word_1_541' title='bbox 1055 128 1075 153; x_wconf 76' lang='lat' dir='ltr'>A</span> <span class='ocrx_word' id='word_1_542' title='bbox 1091 128 1119 153; x_wconf 88' lang='lat' dir='ltr'>P.</span> <span class='ocrx_word' id='word_1_543' title='bbox 1154 129 1186 154; x_wconf 83' lang='lat'>37</span> <span class='ocrx_word' id='word_1_544' title='bbox 1206 144 1243 148; x_wconf 88' lang='lat'>—-</span> <span class='ocrx_word' id='word_1_545' title='bbox 1263 130 1304 155; x_wconf 69' lang='lat'>43.</span> <span class='ocrx_word' id='word_1_546' title='bbox 1664 134 1708 157; x_wconf 69' lang='grc'>1023</span> 
     </span>
    </p>
   </div>
   <div class='ocr_carea' id='block_1_14' title="bbox 890 196 1711 236">
    <p class='ocr_par' dir='ltr' id='par_1_16' title="bbox 890 196 1711 236">
     <span class='ocr_line' id='line_1_70' title="bbox 890 196 1711 236; baseline 0.005 -12"><span class='ocrx_word' id='word_1_547' title='bbox 890 196 893 236; x_wconf 46' lang='lat' dir='ltr'>l</span> <span class='ocrx_word' id='word_1_548' title='bbox 915 202 940 224; x_wconf 83' lang='lat' dir='ltr'>et</span> <span class='ocrx_word' id='word_1_549' title='bbox 953 207 1035 233; x_wconf 89' lang='lat' dir='ltr'>quare</span> <span class='ocrx_word' id='word_1_550' title='bbox 1050 199 1085 225; x_wconf 87' lang='lat' dir='ltr'>ita</span> <span class='ocrx_word' id='word_1_551' title='bbox 1099 199 1134 225; x_wconf 90' lang='lat' dir='ltr'>sit</span> <span class='ocrx_word' id='word_1_552' title='bbox 1147 199 1299 232; x_wconf 85' lang='lat' dir='ltr'>ostendere;</span> <span class='ocrx_word' id='word_1_553' title='bbox 1328 204 1353 226; x_wconf 90' lang='lat' dir='ltr'>et</span> <span class='ocrx_word' id='word_1_554' title='bbox 1367 208 1400 226; x_wconf 84' lang='lat' dir='ltr'>ex</span> <span class='ocrx_word' id='word_1_555' title='bbox 1413 200 1509 226; x_wconf 86' lang='lat' dir='ltr'>iisdem</span> <span class='ocrx_word' id='word_1_556' title='bbox 1524 200 1578 227; x_wconf 79' lang='lat' dir='ltr'>illis</span> <span class='ocrx_word' id='word_1_557' title='bbox 1594 201 1657 227; x_wconf 74' lang='lat' dir='ltr'>locis</span> <span class='ocrx_word' id='word_1_558' title='bbox 1670 203 1711 229; x_wconf 89' lang='lat' dir='ltr'>in-</span> 
     </span>
    </p>
   </div>
   <div class='ocr_carea' id='block_1_15' title="bbox 893 238 897 748">
    <p class='ocr_par' dir='ltr' id='par_1_17' title="bbox 893 238 897 748">
     <span class='ocr_line' id='line_1_71' title="bbox 893 238 897 748; baseline 0 0"><span class='ocrx_word' id='word_1_559' title='bbox 893 238 897 748; x_wconf 95' lang='lat' dir='ltr'> </span> 
     </span>
    </p>
   </div>
   <div class='ocr_carea' id='block_1_16' title="bbox 892 238 898 888">
    <p class='ocr_par' dir='ltr' id='par_1_18' title="bbox 892 238 898 888">
     <span class='ocr_line' id='line_1_72' title="bbox 892 238 898 888; baseline 0 0"><span class='ocrx_word' id='word_1_560' title='bbox 892 238 898 888; x_wconf 95' lang='lat' dir='ltr'> </span> 
     </span>
    </p>
   </div>
   <div class='ocr_carea' id='block_1_17' title="bbox 887 196 890 2435">
    <p class='ocr_par' dir='ltr' id='par_1_19' title="bbox 887 196 890 2435">
     <span class='ocr_line' id='line_1_73' title="bbox 887 196 890 2435; baseline 0 0"><span class='ocrx_word' id='word_1_561' title='bbox 887 196 890 2435; x_wconf 95' lang='lat' dir='ltr'> </span> 
     </span>
    </p>
   </div>
   <div class='ocr_carea' id='block_1_18' title="bbox 887 196 890 2689">
    <p class='ocr_par' dir='ltr' id='par_1_20' title="bbox 887 196 890 2689">
     <span class='ocr_line' id='line_1_74' title="bbox 887 196 890 2689; baseline 0 0"><span class='ocrx_word' id='word_1_562' title='bbox 887 196 890 2689; x_wconf 95' lang='lat' dir='ltr'> </span> 
     </span>
    </p>
   </div>
   <div class='ocr_carea' id='block_1_19' title="bbox 892 238 896 2694">
    <p class='ocr_par' dir='ltr' id='par_1_21' title="bbox 892 238 896 2694">
     <span class='ocr_line' id='line_1_75' title="bbox 892 238 896 2694; baseline 0 0"><span class='ocrx_word' id='word_1_563' title='bbox 892 238 896 2694; x_wconf 95' lang='lat' dir='ltr'> </span> 
     </span>
    </p>
   </div>
   <div class='ocr_carea' id='block_1_20' title="bbox 67 871 1613 982">
    <p class='ocr_par' dir='ltr' id='par_1_22' title="bbox 67 871 1613 982">
     <span class='ocr_line' id='line_1_76' title="bbox 894 871 1504 907; baseline 0.003 -10"><span class='ocrx_word' id='word_1_564' title='bbox 894 889 895 892; x_wconf 51' lang='lat'><em>«</em></span> <span class='ocrx_word' id='word_1_565' title='bbox 916 872 1006 906; x_wconf 88' lang='lat' dir='ltr'>aliqua</span> <span class='ocrx_word' id='word_1_566' title='bbox 1025 876 1070 897; x_wconf 89' lang='lat' dir='ltr'>aut</span> <span class='ocrx_word' id='word_1_567' title='bbox 1089 872 1182 898; x_wconf 88' lang='lat' dir='ltr'>iudicii</span> <span class='ocrx_word' id='word_1_568' title='bbox 1202 871 1316 898; x_wconf 85' lang='lat' dir='ltr'>formula</span> <span class='ocrx_word' id='word_1_569' title='bbox 1330 878 1375 899; x_wconf 87' lang='lat' dir='ltr'>aut</span> <span class='ocrx_word' id='word_1_570' title='bbox 1390 873 1504 907; x_wconf 71' lang='lat' dir='ltr'>legibus.</span> 
     </span>
     <span class='ocr_line' id='line_1_77' title="bbox 894 909 1613 947; baseline 0.001 -12"><span class='ocrx_word' id='word_1_571' title='bbox 894 910 895 947; x_wconf 47' lang='grc' dir='ltr'>ᾗ</span> <span class='ocrx_word' id='word_1_572' title='bbox 917 910 968 935; x_wconf 82' lang='lat' dir='ltr'>nisi</span> <span class='ocrx_word' id='word_1_573' title='bbox 983 909 1049 944; x_wconf 90' lang='lat' dir='ltr'>quid</span> <span class='ocrx_word' id='word_1_574' title='bbox 1065 909 1141 935; x_wconf 83' lang='lat' dir='ltr'>vobis</span> <span class='ocrx_word' id='word_1_575' title='bbox 1155 909 1229 935; x_wconf 89' lang='lat' dir='ltr'>aliud</span> <span class='ocrx_word' id='word_1_576' title='bbox 1243 909 1337 944; x_wconf 79' lang='lat' dir='ltr'>placet,</span> <span class='ocrx_word' id='word_1_577' title='bbox 1354 910 1387 936; x_wconf 90' lang='lat' dir='ltr'>ad</span> <span class='ocrx_word' id='word_1_578' title='bbox 1401 911 1445 936; x_wconf 90' lang='lat' dir='ltr'>illa</span> <span class='ocrx_word' id='word_1_579' title='bbox 1460 919 1613 946; x_wconf 83' lang='lat' dir='ltr'>pergamus.</span> 
     </span>
     <span class='ocr_line' id='line_1_78' title="bbox 67 946 895 982; baseline 0 -9"><span class='ocrx_word' id='word_1_580' title='bbox 67 946 240 973; x_wconf 90' lang='lat' dir='ltr'>concionibus</span> <span class='ocrx_word' id='word_1_581' title='bbox 254 946 408 982; x_wconf 78' lang='lat' dir='ltr'>deplorasti,</span> <span class='ocrx_word' id='word_1_582' title='bbox 424 947 497 982; x_wconf 87' lang='lat' dir='ltr'>quod</span> <span class='ocrx_word' id='word_1_583' title='bbox 510 948 539 973; x_wconf 89' lang='lat' dir='ltr'>P.</span> <span class='ocrx_word' id='word_1_584' title='bbox 556 947 673 974; x_wconf 77' lang='lat' dir='ltr'>Africani</span> <span class='ocrx_word' id='word_1_585' title='bbox 688 948 761 974; x_wconf 87' lang='lat' dir='ltr'>necis</span> <span class='ocrx_word' id='word_1_586' title='bbox 775 948 864 973; x_wconf 90' lang='lat' dir='ltr'>socius</span> <span class='ocrx_word' id='word_1_587' title='bbox 894 950 895 955; x_wconf 64' lang='lat'>¹</span> 
     </span>
    </p>
   </div>
   <div class='ocr_carea' id='block_1_21' title="bbox 915 236 1710 311">
    <p class='ocr_par' dir='ltr' id='par_1_23' title="bbox 915 236 1710 311">
     <span class='ocr_line' id='line_1_79' title="bbox 915 236 1707 273; baseline 0.004 -11"><span class='ocrx_word' id='word_1_588' title='bbox 915 236 1020 262; x_wconf 87' lang='lat' dir='ltr'>terdum</span> <span class='ocrx_word' id='word_1_589' title='bbox 1034 236 1200 268; x_wconf 82' lang='lat' dir='ltr'>concludere,</span> <span class='ocrx_word' id='word_1_590' title='bbox 1218 236 1368 272; x_wconf 85' lang='lat' dir='ltr'>relinquere</span> <span class='ocrx_word' id='word_1_591' title='bbox 1382 237 1455 269; x_wconf 88' lang='lat' dir='ltr'>alias,</span> <span class='ocrx_word' id='word_1_592' title='bbox 1467 237 1572 273; x_wconf 85' lang='lat' dir='ltr'>alioque</span> <span class='ocrx_word' id='word_1_593' title='bbox 1583 240 1707 266; x_wconf 83' lang='lat' dir='ltr'>transire.</span> 
     </span>
     <span class='ocr_line' id='line_1_80' title="bbox 916 275 1710 311; baseline 0.005 -12"><span class='ocrx_word' id='word_1_594' title='bbox 916 282 995 308; x_wconf 89' lang='lat' dir='ltr'>saepe</span> <span class='ocrx_word' id='word_1_595' title='bbox 1017 282 1069 300; x_wconf 93' lang='lat' dir='ltr'>non</span> <span class='ocrx_word' id='word_1_596' title='bbox 1092 283 1238 308; x_wconf 88' lang='lat' dir='ltr'>proponere</span> <span class='ocrx_word' id='word_1_597' title='bbox 1257 283 1285 300; x_wconf 93' lang='lat' dir='ltr'>ac</span> <span class='ocrx_word' id='word_1_598' title='bbox 1304 275 1403 301; x_wconf 87' lang='lat' dir='ltr'>ratione</span> <span class='ocrx_word' id='word_1_599' title='bbox 1417 275 1474 310; x_wconf 88' lang='lat' dir='ltr'>ipsa</span> <span class='ocrx_word' id='word_1_600' title='bbox 1488 275 1627 306; x_wconf 83' lang='lat' dir='ltr'>asserenda,</span> <span class='ocrx_word' id='word_1_601' title='bbox 1644 277 1710 311; x_wconf 90' lang='lat' dir='ltr'>quid</span> 
     </span>
    </p>
   </div>
   <div class='ocr_carea' id='block_1_22' title="bbox 893 311 1711 387">
    <p class='ocr_par' dir='ltr' id='par_1_24' title="bbox 893 311 1711 387">
     <span class='ocr_line' id='line_1_81' title="bbox 893 311 1711 348; baseline 0.005 -12"><span class='ocrx_word' id='word_1_602' title='bbox 893 335 894 342; x_wconf 60' lang='grc'>,</span> <span class='ocrx_word' id='word_1_603' title='bbox 916 311 1118 345; x_wconf 87' lang='lat' dir='ltr'>proponendum</span> <span class='ocrx_word' id='word_1_604' title='bbox 1133 311 1221 342; x_wconf 83' lang='lat' dir='ltr'>fuerit,</span> <span class='ocrx_word' id='word_1_605' title='bbox 1237 311 1384 345; x_wconf 78' lang='lat' dir='ltr'>declarare3</span> <span class='ocrx_word' id='word_1_606' title='bbox 1400 313 1423 338; x_wconf 91' lang='lat' dir='ltr'>si</span> <span class='ocrx_word' id='word_1_607' title='bbox 1437 313 1481 338; x_wconf 87' lang='lat' dir='ltr'>eui</span> <span class='ocrx_word' id='word_1_608' title='bbox 1495 313 1561 348; x_wconf 91' lang='lat' dir='ltr'>quid</span> <span class='ocrx_word' id='word_1_609' title='bbox 1571 314 1659 340; x_wconf 87' lang='lat' dir='ltr'>simile</span> <span class='ocrx_word' id='word_1_610' title='bbox 1670 314 1711 340; x_wconf 85' lang='lat' dir='ltr'>di—</span> 
     </span>
     <span class='ocr_line' id='line_1_82' title="bbox 893 349 1708 387; baseline 0.004 -13"><span class='ocrx_word' id='word_1_611' title='bbox 893 368 895 384; x_wconf 39' lang='lat'>:</span> <span class='ocrx_word' id='word_1_612' title='bbox 916 357 968 379; x_wconf 86' lang='lat' dir='ltr'>eas,</span> <span class='ocrx_word' id='word_1_613' title='bbox 991 349 1066 382; x_wconf 90' lang='lat' dir='ltr'>prius</span> <span class='ocrx_word' id='word_1_614' title='bbox 1086 353 1115 375; x_wconf 89' lang='lat' dir='ltr'>ut</span> <span class='ocrx_word' id='word_1_615' title='bbox 1133 349 1222 375; x_wconf 86' lang='lat' dir='ltr'>simile</span> <span class='ocrx_word' id='word_1_616' title='bbox 1239 349 1393 382; x_wconf 77' lang='lat' dir='ltr'>confirmes3</span> <span class='ocrx_word' id='word_1_617' title='bbox 1416 349 1513 376; x_wconf 88' lang='lat' dir='ltr'>deinde</span> <span class='ocrx_word' id='word_1_618' title='bbox 1526 351 1599 385; x_wconf 90' lang='lat' dir='ltr'>quod</span> <span class='ocrx_word' id='word_1_619' title='bbox 1613 352 1708 387; x_wconf 77' lang='lat' dir='ltr'>agitur,</span> 
     </span>
    </p>
   </div>
   <div class='ocr_carea' id='block_1_23' title="bbox 916 386 1712 905">
    <p class='ocr_par' dir='ltr' id='par_1_25' title="bbox 917 386 1712 491">
     <span class='ocr_line' id='line_1_83' title="bbox 917 386 1712 422; baseline 0.004 -11"><span class='ocrx_word' id='word_1_620' title='bbox 917 386 1061 421; x_wconf 77' lang='lat' dir='ltr'>adiungas;</span> <span class='ocrx_word' id='word_1_621' title='bbox 1091 391 1187 420; x_wconf 87' lang='lat' dir='ltr'>puncta</span> <span class='ocrx_word' id='word_1_622' title='bbox 1211 391 1428 422; x_wconf 82' lang='lat' dir='ltr'>argumentorum</span> <span class='ocrx_word' id='word_1_623' title='bbox 1446 387 1606 422; x_wconf 89' lang='lat' dir='ltr'>plerumque</span> <span class='ocrx_word' id='word_1_624' title='bbox 1625 394 1653 415; x_wconf 92' lang='lat' dir='ltr'>ut</span> <span class='ocrx_word' id='word_1_625' title='bbox 1667 397 1712 415; x_wconf 92' lang='lat' dir='ltr'>oc-</span> 
     </span>
     <span class='ocr_line' id='line_1_84' title="bbox 917 423 1712 461; baseline 0.003 -12"><span class='ocrx_word' id='word_1_626' title='bbox 917 423 1000 454; x_wconf 90' lang='lat' dir='ltr'>culas,</span> <span class='ocrx_word' id='word_1_627' title='bbox 1021 432 1054 450; x_wconf 91' lang='lat' dir='ltr'>ne</span> <span class='ocrx_word' id='word_1_628' title='bbox 1074 425 1136 458; x_wconf 89' lang='lat' dir='ltr'>quis</span> <span class='ocrx_word' id='word_1_629' title='bbox 1151 433 1180 449; x_wconf 87' lang='lat' dir='ltr'>ea</span> <span class='ocrx_word' id='word_1_630' title='bbox 1196 433 1335 450; x_wconf 89' lang='lat' dir='ltr'>numerare</span> <span class='ocrx_word' id='word_1_631' title='bbox 1349 425 1442 459; x_wconf 86' lang='lat' dir='ltr'>possit,</span> <span class='ocrx_word' id='word_1_632' title='bbox 1458 429 1488 451; x_wconf 93' lang='lat' dir='ltr'>ut</span> <span class='ocrx_word' id='word_1_633' title='bbox 1502 434 1528 451; x_wconf 89' lang='lat' dir='ltr'>re</span> <span class='ocrx_word' id='word_1_634' title='bbox 1543 425 1712 461; x_wconf 72' lang='lat' dir='ltr'>distinguan-</span> 
     </span>
     <span class='ocr_line' id='line_1_85' title="bbox 917 461 1436 491; baseline 0.004 -5"><span class='ocrx_word' id='word_1_635' title='bbox 917 465 968 491; x_wconf 87' lang='lat' dir='ltr'>tur,</span> <span class='ocrx_word' id='word_1_636' title='bbox 986 461 1075 487; x_wconf 89' lang='lat' dir='ltr'>verbis</span> <span class='ocrx_word' id='word_1_637' title='bbox 1089 461 1200 487; x_wconf 74' lang='lat' dir='ltr'>confusa</span> <span class='ocrx_word' id='word_1_638' title='bbox 1215 470 1273 488; x_wconf 83' lang='lat' dir='ltr'>esse</span> <span class='ocrx_word' id='word_1_639' title='bbox 1287 462 1436 489; x_wconf 85' lang='lat' dir='ltr'>videantur.</span> 
     </span>
    </p>

    <p class='ocr_par' dir='ltr' id='par_1_26' title="bbox 916 498 1712 905">
     <span class='ocr_line' id='line_1_86' title="bbox 973 498 1708 534; baseline 0.004 -11"><span class='ocrx_word' id='word_1_640' title='bbox 973 498 1053 524; x_wconf 85' lang='lat' dir='ltr'>XLIl.</span> <span class='ocrx_word' id='word_1_641' title='bbox 1071 499 1127 524; x_wconf 72' lang='lat'>⁴78.</span> <span class='ocrx_word' id='word_1_642' title='bbox 1148 499 1215 524; x_wconf 88' lang='lat' dir='ltr'>llaec</span> <span class='ocrx_word' id='word_1_643' title='bbox 1234 503 1263 525; x_wconf 89' lang='lat' dir='ltr'>ut</span> <span class='ocrx_word' id='word_1_644' title='bbox 1277 504 1302 525; x_wconf 90' lang='lat' dir='ltr'>et</span> <span class='ocrx_word' id='word_1_645' title='bbox 1316 508 1468 534; x_wconf 82' lang='lat' dir='ltr'>properans,</span> <span class='ocrx_word' id='word_1_646' title='bbox 1485 504 1511 526; x_wconf 88' lang='lat' dir='ltr'>et</span> <span class='ocrx_word' id='word_1_647' title='bbox 1524 499 1595 534; x_wconf 90' lang='lat' dir='ltr'>apud</span> <span class='ocrx_word' id='word_1_648' title='bbox 1609 499 1708 529; x_wconf 78' lang='lat' dir='ltr'>doctos,</span> 
     </span>
     <span class='ocr_line' id='line_1_87' title="bbox 917 536 1712 572; baseline 0.003 -11"><span class='ocrx_word' id='word_1_649' title='bbox 917 539 942 561; x_wconf 90' lang='lat' dir='ltr'>et</span> <span class='ocrx_word' id='word_1_650' title='bbox 956 536 1120 561; x_wconf 89' lang='lat' dir='ltr'>semidoctus</span> <span class='ocrx_word' id='word_1_651' title='bbox 1135 536 1192 570; x_wconf 91' lang='lat' dir='ltr'>ipse</span> <span class='ocrx_word' id='word_1_652' title='bbox 1207 545 1341 570; x_wconf 90' lang='lat' dir='ltr'>percurro,</span> <span class='ocrx_word' id='word_1_653' title='bbox 1357 542 1386 563; x_wconf 84' lang='lat' dir='ltr'>ut</span> <span class='ocrx_word' id='word_1_654' title='bbox 1400 537 1543 572; x_wconf 88' lang='lat' dir='ltr'>aliquando</span> <span class='ocrx_word' id='word_1_655' title='bbox 1557 537 1590 563; x_wconf 90' lang='lat' dir='ltr'>ad</span> <span class='ocrx_word' id='word_1_656' title='bbox 1600 537 1644 563; x_wconf 90' lang='lat' dir='ltr'>illa</span> <span class='ocrx_word' id='word_1_657' title='bbox 1655 546 1712 563; x_wconf 88' lang='lat' dir='ltr'>ma-</span> 
     </span>
     <span class='ocr_line' id='line_1_88' title="bbox 917 573 1708 605; baseline 0.004 -7"><span class='ocrx_word' id='word_1_658' title='bbox 917 573 971 599; x_wconf 89' lang='lat' dir='ltr'>iora</span> <span class='ocrx_word' id='word_1_659' title='bbox 996 573 1146 599; x_wconf 88' lang='lat' dir='ltr'>veniamus.</span> <span class='ocrx_word' id='word_1_660' title='bbox 1181 573 1253 599; x_wconf 88' lang='lat' dir='ltr'>Nihil</span> <span class='ocrx_word' id='word_1_661' title='bbox 1277 578 1317 600; x_wconf 92' lang='lat' dir='ltr'>est</span> <span class='ocrx_word' id='word_1_662' title='bbox 1339 575 1410 600; x_wconf 90' lang='lat' dir='ltr'>enim</span> <span class='ocrx_word' id='word_1_663' title='bbox 1428 575 1456 600; x_wconf 91' lang='lat' dir='ltr'>in</span> <span class='ocrx_word' id='word_1_664' title='bbox 1470 574 1590 605; x_wconf 90' lang='lat' dir='ltr'>dicendo,</span> <span class='ocrx_word' id='word_1_665' title='bbox 1608 575 1708 604; x_wconf 79' lang='lat' dir='ltr'>Catule,</span> 
     </span>
     <span class='ocr_line' id='line_1_89' title="bbox 916 610 1711 646; baseline 0.004 -11"><span class='ocrx_word' id='word_1_666' title='bbox 916 610 1013 640; x_wconf 89' lang='lat' dir='ltr'>maius,</span> <span class='ocrx_word' id='word_1_667' title='bbox 1041 619 1122 645; x_wconf 89' lang='lat' dir='ltr'>quam</span> <span class='ocrx_word' id='word_1_668' title='bbox 1137 615 1166 636; x_wconf 88' lang='lat' dir='ltr'>ut</span> <span class='ocrx_word' id='word_1_669' title='bbox 1180 610 1266 636; x_wconf 77' lang='lat' dir='ltr'>faveat</span> <span class='ocrx_word' id='word_1_670' title='bbox 1279 612 1374 637; x_wconf 86' lang='lat' dir='ltr'>oratori</span> <span class='ocrx_word' id='word_1_671' title='bbox 1388 612 1420 643; x_wconf 89' lang='lat' dir='ltr'>is,</span> <span class='ocrx_word' id='word_1_672' title='bbox 1444 613 1492 646; x_wconf 68' lang='lat' dir='ltr'>qui</span> <span class='ocrx_word' id='word_1_673' title='bbox 1506 612 1603 642; x_wconf 79' lang='lat' dir='ltr'>audiet,</span> <span class='ocrx_word' id='word_1_674' title='bbox 1629 617 1711 646; x_wconf 90' lang='lat' dir='ltr'>utque</span> 
     </span>
     <span class='ocr_line' id='line_1_90' title="bbox 916 648 1711 684; baseline 0.003 -11"><span class='ocrx_word' id='word_1_675' title='bbox 916 648 974 682; x_wconf 91' lang='lat' dir='ltr'>ipse</span> <span class='ocrx_word' id='word_1_676' title='bbox 993 648 1032 673; x_wconf 89' lang='lat' dir='ltr'>sic</span> <span class='ocrx_word' id='word_1_677' title='bbox 1050 652 1196 678; x_wconf 83' lang='lat' dir='ltr'>moveatur,</span> <span class='ocrx_word' id='word_1_678' title='bbox 1222 652 1251 674; x_wconf 90' lang='lat' dir='ltr'>ut</span> <span class='ocrx_word' id='word_1_679' title='bbox 1269 649 1372 682; x_wconf 85' lang='lat' dir='ltr'>impetu</span> <span class='ocrx_word' id='word_1_680' title='bbox 1386 649 1502 683; x_wconf 87' lang='lat' dir='ltr'>quodam</span> <span class='ocrx_word' id='word_1_681' title='bbox 1517 650 1598 675; x_wconf 87' lang='lat' dir='ltr'>animi</span> <span class='ocrx_word' id='word_1_682' title='bbox 1613 654 1638 675; x_wconf 89' lang='lat' dir='ltr'>et</span> <span class='ocrx_word' id='word_1_683' title='bbox 1652 658 1711 684; x_wconf 81' lang='lat' dir='ltr'>per-</span> 
     </span>
     <span class='ocr_line' id='line_1_91' title="bbox 917 685 1709 722; baseline 0.004 -12"><span class='ocrx_word' id='word_1_684' title='bbox 917 685 1066 710; x_wconf 88' lang='lat' dir='ltr'>turbatione</span> <span class='ocrx_word' id='word_1_685' title='bbox 1085 685 1180 720; x_wconf 75' lang='lat' dir='ltr'>magiS,</span> <span class='ocrx_word' id='word_1_686' title='bbox 1200 693 1281 719; x_wconf 88' lang='lat' dir='ltr'>quam</span> <span class='ocrx_word' id='word_1_687' title='bbox 1297 686 1396 712; x_wconf 89' lang='lat' dir='ltr'>iudicio</span> <span class='ocrx_word' id='word_1_688' title='bbox 1410 691 1455 712; x_wconf 87' lang='lat' dir='ltr'>aut</span> <span class='ocrx_word' id='word_1_689' title='bbox 1468 686 1579 713; x_wconf 86' lang='lat' dir='ltr'>consilio</span> <span class='ocrx_word' id='word_1_690' title='bbox 1593 693 1709 722; x_wconf 78' lang='lat' dir='ltr'>regatur.</span> 
     </span>
     <span class='ocr_line' id='line_1_92' title="bbox 916 722 1710 750; baseline 0.001 -3"><span class='ocrx_word' id='word_1_691' title='bbox 916 722 995 748; x_wconf 90' lang='lat' dir='ltr'>Plura</span> <span class='ocrx_word' id='word_1_692' title='bbox 1019 722 1090 747; x_wconf 91' lang='lat' dir='ltr'>enim</span> <span class='ocrx_word' id='word_1_693' title='bbox 1115 722 1199 748; x_wconf 84' lang='lat' dir='ltr'>multo</span> <span class='ocrx_word' id='word_1_694' title='bbox 1219 722 1340 748; x_wconf 86' lang='lat' dir='ltr'>homines</span> <span class='ocrx_word' id='word_1_695' title='bbox 1360 723 1478 750; x_wconf 86' lang='lat' dir='ltr'>iudicant</span> <span class='ocrx_word' id='word_1_696' title='bbox 1491 724 1551 750; x_wconf 92' lang='lat' dir='ltr'>odio</span> <span class='ocrx_word' id='word_1_697' title='bbox 1566 729 1610 750; x_wconf 86' lang='lat' dir='ltr'>aut</span> <span class='ocrx_word' id='word_1_698' title='bbox 1624 733 1710 750; x_wconf 78' lang='lat' dir='ltr'>amore</span> 
     </span>
     <span class='ocr_line' id='line_1_93' title="bbox 917 759 1711 793; baseline 0.003 -8"><span class='ocrx_word' id='word_1_699' title='bbox 917 764 962 785; x_wconf 89' lang='lat' dir='ltr'>aut</span> <span class='ocrx_word' id='word_1_700' title='bbox 975 759 1122 793; x_wconf 80' lang='lat' dir='ltr'>cupiditate</span> <span class='ocrx_word' id='word_1_701' title='bbox 1136 763 1182 785; x_wconf 87' lang='lat' dir='ltr'>aut</span> <span class='ocrx_word' id='word_1_702' title='bbox 1194 760 1331 786; x_wconf 86' lang='lat' dir='ltr'>iracundia</span> <span class='ocrx_word' id='word_1_703' title='bbox 1345 766 1390 786; x_wconf 91' lang='lat' dir='ltr'>aut</span> <span class='ocrx_word' id='word_1_704' title='bbox 1404 760 1493 787; x_wconf 89' lang='lat' dir='ltr'>dolore</span> <span class='ocrx_word' id='word_1_705' title='bbox 1503 766 1548 787; x_wconf 90' lang='lat' dir='ltr'>aut</span> <span class='ocrx_word' id='word_1_706' title='bbox 1561 761 1656 787; x_wconf 85' lang='lat' dir='ltr'>laetitia</span> <span class='ocrx_word' id='word_1_707' title='bbox 1667 767 1711 787; x_wconf 80' lang='lat' dir='ltr'>aut</span> 
     </span>
     <span class='ocr_line' id='line_1_94' title="bbox 917 797 1711 833; baseline 0.004 -11"><span class='ocrx_word' id='word_1_708' title='bbox 917 805 964 831; x_wconf 87' lang='lat' dir='ltr'>spe</span> <span class='ocrx_word' id='word_1_709' title='bbox 979 801 1024 822; x_wconf 87' lang='lat' dir='ltr'>aut</span> <span class='ocrx_word' id='word_1_710' title='bbox 1038 797 1131 823; x_wconf 85' lang='lat' dir='ltr'>timore</span> <span class='ocrx_word' id='word_1_711' title='bbox 1146 801 1191 823; x_wconf 82' lang='lat' dir='ltr'>aut</span> <span class='ocrx_word' id='word_1_712' title='bbox 1204 806 1290 824; x_wconf 89' lang='lat' dir='ltr'>errore</span> <span class='ocrx_word' id='word_1_713' title='bbox 1305 802 1349 824; x_wconf 90' lang='lat' dir='ltr'>aut</span> <span class='ocrx_word' id='word_1_714' title='bbox 1361 798 1450 833; x_wconf 86' lang='lat' dir='ltr'>aliqua</span> <span class='ocrx_word' id='word_1_715' title='bbox 1461 799 1624 833; x_wconf 87' lang='lat' dir='ltr'>permotione</span> <span class='ocrx_word' id='word_1_716' title='bbox 1637 808 1711 825; x_wconf 85' lang='lat' dir='ltr'>men-</span> 
     </span>
     <span class='ocr_line' id='line_1_95' title="bbox 917 835 1711 870; baseline 0.004 -11"><span class='ocrx_word' id='word_1_717' title='bbox 917 836 959 865; x_wconf 89' lang='lat' dir='ltr'>tis,</span> <span class='ocrx_word' id='word_1_718' title='bbox 985 843 1066 869; x_wconf 86' lang='lat' dir='ltr'>quam</span> <span class='ocrx_word' id='word_1_719' title='bbox 1090 835 1199 860; x_wconf 86' lang='lat' dir='ltr'>veritate</span> <span class='ocrx_word' id='word_1_720' title='bbox 1221 839 1266 860; x_wconf 92' lang='lat' dir='ltr'>aut</span> <span class='ocrx_word' id='word_1_721' title='bbox 1288 836 1450 870; x_wconf 86' lang='lat' dir='ltr'>praescripto</span> <span class='ocrx_word' id='word_1_722' title='bbox 1473 840 1517 861; x_wconf 89' lang='lat' dir='ltr'>aut</span> <span class='ocrx_word' id='word_1_723' title='bbox 1536 836 1602 862; x_wconf 89' lang='lat' dir='ltr'>iuris</span> <span class='ocrx_word' id='word_1_724' title='bbox 1621 845 1711 862; x_wconf 76' lang='lat' dir='ltr'>norma</span> 
     </span>
     <span class='ocr_line' id='line_1_96' title="bbox 1542 873 1708 905; baseline 0.006 -7"><span class='ocrx_word' id='word_1_725' title='bbox 1542 874 1598 899; x_wconf 75' lang='lat'>⁴79.</span> <span class='ocrx_word' id='word_1_726' title='bbox 1614 873 1708 905; x_wconf 85' lang='lat' dir='ltr'>Quare,</span> 
     </span>
    </p>
   </div>
   <div class='ocr_carea' id='block_1_24' title="bbox 913 946 1713 2219">
    <p class='ocr_par' dir='ltr' id='par_1_27' title="bbox 913 946 1713 1769">
     <span class='ocr_line' id='line_1_97' title="bbox 972 946 1711 981; baseline 0.003 -9"><span class='ocrx_word' id='word_1_727' title='bbox 972 946 1105 978; x_wconf 77' lang='lat' dir='ltr'>Paullum,</span> <span class='ocrx_word' id='word_1_728' title='bbox 1122 947 1211 981; x_wconf 90' lang='lat' dir='ltr'>inquit</span> <span class='ocrx_word' id='word_1_729' title='bbox 1226 947 1433 980; x_wconf 85' lang='lat' dir='ltr'>Catulus,etiam</span> <span class='ocrx_word' id='word_1_730' title='bbox 1448 956 1519 974; x_wconf 91' lang='lat' dir='ltr'>nunc</span> <span class='ocrx_word' id='word_1_731' title='bbox 1533 948 1625 974; x_wconf 86' lang='lat' dir='ltr'>deesse</span> <span class='ocrx_word' id='word_1_732' title='bbox 1638 948 1711 974; x_wconf 77' lang='lat' dir='ltr'>vide-</span> 
     </span>
     <span class='ocr_line' id='line_1_98' title="bbox 916 984 1711 1020; baseline 0.001 -10"><span class='ocrx_word' id='word_1_733' title='bbox 916 989 960 1011; x_wconf 92' lang='lat' dir='ltr'>tur</span> <span class='ocrx_word' id='word_1_734' title='bbox 977 985 1011 1010; x_wconf 89' lang='lat' dir='ltr'>iis</span> <span class='ocrx_word' id='word_1_735' title='bbox 1029 984 1119 1015; x_wconf 84' lang='lat' dir='ltr'>rebus,</span> <span class='ocrx_word' id='word_1_736' title='bbox 1140 984 1247 1016; x_wconf 76' lang='lat' dir='ltr'>Antoni,</span> <span class='ocrx_word' id='word_1_737' title='bbox 1267 994 1335 1020; x_wconf 90' lang='lat' dir='ltr'>quas</span> <span class='ocrx_word' id='word_1_738' title='bbox 1354 986 1512 1020; x_wconf 82' lang='lat' dir='ltr'>exposuisti,</span> <span class='ocrx_word' id='word_1_739' title='bbox 1528 985 1601 1020; x_wconf 90' lang='lat' dir='ltr'>quod</span> <span class='ocrx_word' id='word_1_740' title='bbox 1615 986 1649 1011; x_wconf 81' lang='lat' dir='ltr'>sit</span> <span class='ocrx_word' id='word_1_741' title='bbox 1664 985 1711 1011; x_wconf 87' lang='lat' dir='ltr'>tibi</span> 
     </span>
     <span class='ocr_line' id='line_1_99' title="bbox 916 1021 1711 1058; baseline 0 -10"><span class='ocrx_word' id='word_1_742' title='bbox 916 1026 975 1048; x_wconf 87' lang='lat' dir='ltr'>ante</span> <span class='ocrx_word' id='word_1_743' title='bbox 989 1021 1189 1056; x_wconf 81' lang='lat' dir='ltr'>explicandum,</span> <span class='ocrx_word' id='word_1_744' title='bbox 1205 1031 1287 1057; x_wconf 88' lang='lat' dir='ltr'>quam</span> <span class='ocrx_word' id='word_1_745' title='bbox 1301 1022 1366 1050; x_wconf 81' lang='lat' dir='ltr'>illuc</span> <span class='ocrx_word' id='word_1_746' title='bbox 1379 1023 1554 1057; x_wconf 78' lang='lat' dir='ltr'>proficiscare,</span> <span class='ocrx_word' id='word_1_747' title='bbox 1570 1031 1624 1058; x_wconf 90' lang='lat' dir='ltr'>quo</span> <span class='ocrx_word' id='word_1_748' title='bbox 1637 1028 1659 1048; x_wconf 88' lang='lat' dir='ltr'>te</span> <span class='ocrx_word' id='word_1_749' title='bbox 1671 1023 1711 1049; x_wconf 93' lang='lat' dir='ltr'>‹li-</span> 
     </span>
     <span class='ocr_line' id='line_1_100' title="bbox 916 1059 1713 1096; baseline 0 -11"><span class='ocrx_word' id='word_1_750' title='bbox 916 1060 954 1086; x_wconf 87' lang='lat' dir='ltr'>cis</span> <span class='ocrx_word' id='word_1_751' title='bbox 968 1059 1116 1086; x_wconf 88' lang='lat' dir='ltr'>intendere.</span> <span class='ocrx_word' id='word_1_752' title='bbox 1146 1059 1300 1091; x_wconf 72' lang='lat' dir='ltr'>Quidnam?</span> <span class='ocrx_word' id='word_1_753' title='bbox 1322 1061 1418 1096; x_wconf 83' lang='lat' dir='ltr'>inquit.</span> <span class='ocrx_word' id='word_1_754' title='bbox 1449 1060 1501 1092; x_wconf 85' lang='lat' dir='ltr'>Qui</span> <span class='ocrx_word' id='word_1_755' title='bbox 1515 1060 1579 1087; x_wconf 91' lang='lat' dir='ltr'>ordo</span> <span class='ocrx_word' id='word_1_756' title='bbox 1593 1061 1641 1086; x_wconf 87' lang='lat' dir='ltr'>tibi</span> <span class='ocrx_word' id='word_1_757' title='bbox 1657 1060 1713 1094; x_wconf 77' lang='lat' dir='ltr'>pla-</span> 
     </span>
     <span class='ocr_line' id='line_1_101' title="bbox 915 1096 1709 1133; baseline 0 -10"><span class='ocrx_word' id='word_1_758' title='bbox 915 1102 980 1128; x_wconf 88' lang='lat' dir='ltr'>ceat,</span> <span class='ocrx_word' id='word_1_759' title='bbox 993 1096 1208 1132; x_wconf 79' lang='lat' dir='ltr'>inquitCatuluS,</span> <span class='ocrx_word' id='word_1_760' title='bbox 1218 1102 1243 1123; x_wconf 92' lang='lat' dir='ltr'>et</span> <span class='ocrx_word' id='word_1_761' title='bbox 1252 1106 1320 1132; x_wconf 92' lang='lat' dir='ltr'>quae</span> <span class='ocrx_word' id='word_1_762' title='bbox 1331 1098 1471 1132; x_wconf 82' lang='lat' dir='ltr'>dispositio</span> <span class='ocrx_word' id='word_1_763' title='bbox 1482 1103 1709 1133; x_wconf 66' lang='lat' dir='ltr'>argumentorum⁴</span> 
     </span>
     <span class='ocr_line' id='line_1_102' title="bbox 914 1134 1712 1169; baseline -0.001 -8"><span class='ocrx_word' id='word_1_764' title='bbox 914 1135 943 1161; x_wconf 90' lang='lat' dir='ltr'>in</span> <span class='ocrx_word' id='word_1_765' title='bbox 956 1143 1010 1169; x_wconf 89' lang='lat' dir='ltr'>qua</span> <span class='ocrx_word' id='word_1_766' title='bbox 1028 1139 1057 1161; x_wconf 92' lang='lat' dir='ltr'>tu</span> <span class='ocrx_word' id='word_1_767' title='bbox 1072 1134 1139 1161; x_wconf 89' lang='lat' dir='ltr'>mihi</span> <span class='ocrx_word' id='word_1_768' title='bbox 1153 1143 1260 1169; x_wconf 88' lang='lat' dir='ltr'>semper</span> <span class='ocrx_word' id='word_1_769' title='bbox 1277 1135 1344 1162; x_wconf 87' lang='lat' dir='ltr'>deus</span> <span class='ocrx_word' id='word_1_770' title='bbox 1359 1135 1444 1162; x_wconf 85' lang='lat' dir='ltr'>videri</span> <span class='ocrx_word' id='word_1_771' title='bbox 1458 1135 1536 1161; x_wconf 85' lang='lat' dir='ltr'>soles.</span> <span class='ocrx_word' id='word_1_772' title='bbox 1573 1137 1630 1161; x_wconf 78' lang='lat'><strong>480.</strong></span> <span class='ocrx_word' id='word_1_773' title='bbox 1647 1136 1712 1161; x_wconf 65' lang='lat' dir='ltr'>Vide</span> 
     </span>
     <span class='ocr_line' id='line_1_103' title="bbox 915 1172 1711 1208; baseline 0 -10"><span class='ocrx_word' id='word_1_774' title='bbox 915 1181 997 1207; x_wconf 91' lang='lat' dir='ltr'>quam</span> <span class='ocrx_word' id='word_1_775' title='bbox 1011 1172 1063 1198; x_wconf 91' lang='lat' dir='ltr'>sim</span> <span class='ocrx_word' id='word_1_776' title='bbox 1076 1172 1105 1198; x_wconf 89' lang='lat' dir='ltr'>in</span> <span class='ocrx_word' id='word_1_777' title='bbox 1123 1172 1175 1198; x_wconf 90' lang='lat' dir='ltr'>isto</span> <span class='ocrx_word' id='word_1_778' title='bbox 1188 1181 1294 1207; x_wconf 81' lang='lat' dir='ltr'>genere,</span> <span class='ocrx_word' id='word_1_779' title='bbox 1311 1173 1407 1208; x_wconf 88' lang='lat' dir='ltr'>inquit,</span> <span class='ocrx_word' id='word_1_780' title='bbox 1425 1173 1526 1203; x_wconf 85' lang='lat' dir='ltr'>Catule,</span> <span class='ocrx_word' id='word_1_781' title='bbox 1543 1173 1618 1199; x_wconf 87' lang='lat' dir='ltr'>deus.</span> <span class='ocrx_word' id='word_1_782' title='bbox 1654 1173 1711 1199; x_wconf 76' lang='lat' dir='ltr'>Non</span> 
     </span>
     <span class='ocr_line' id='line_1_104' title="bbox 915 1209 1710 1242; baseline 0 -6"><span class='ocrx_word' id='word_1_783' title='bbox 915 1209 1068 1236; x_wconf 86' lang='lat' dir='ltr'>mehercule</span> <span class='ocrx_word' id='word_1_784' title='bbox 1082 1209 1158 1240; x_wconf 86' lang='lat' dir='ltr'>mibi,</span> <span class='ocrx_word' id='word_1_785' title='bbox 1180 1210 1232 1236; x_wconf 92' lang='lat' dir='ltr'>nisi</span> <span class='ocrx_word' id='word_1_786' title='bbox 1246 1210 1389 1242; x_wconf 87' lang='lat' dir='ltr'>admonito,</span> <span class='ocrx_word' id='word_1_787' title='bbox 1407 1211 1524 1237; x_wconf 88' lang='lat' dir='ltr'>venisset</span> <span class='ocrx_word' id='word_1_788' title='bbox 1537 1211 1564 1236; x_wconf 92' lang='lat' dir='ltr'>in</span> <span class='ocrx_word' id='word_1_789' title='bbox 1580 1216 1710 1239; x_wconf 75' lang='lat' dir='ltr'>mentem,</span> 
     </span>
     <span class='ocr_line' id='line_1_105' title="bbox 915 1247 1712 1283; baseline 0.001 -10"><span class='ocrx_word' id='word_1_790' title='bbox 915 1252 945 1274; x_wconf 88' lang='lat' dir='ltr'>ut</span> <span class='ocrx_word' id='word_1_791' title='bbox 967 1248 1055 1282; x_wconf 85' lang='lat' dir='ltr'>possis</span> <span class='ocrx_word' id='word_1_792' title='bbox 1078 1247 1240 1278; x_wconf 85' lang='lat' dir='ltr'>existimare,</span> <span class='ocrx_word' id='word_1_793' title='bbox 1265 1257 1307 1274; x_wconf 88' lang='lat' dir='ltr'>me</span> <span class='ocrx_word' id='word_1_794' title='bbox 1326 1249 1353 1274; x_wconf 92' lang='lat' dir='ltr'>in</span> <span class='ocrx_word' id='word_1_795' title='bbox 1368 1258 1405 1279; x_wconf 89' lang='lat' dir='ltr'>ea,</span> <span class='ocrx_word' id='word_1_796' title='bbox 1422 1249 1449 1274; x_wconf 92' lang='lat' dir='ltr'>in</span> <span class='ocrx_word' id='word_1_797' title='bbox 1463 1248 1564 1283; x_wconf 82' lang='lat' dir='ltr'>quibus</span> <span class='ocrx_word' id='word_1_798' title='bbox 1578 1257 1712 1274; x_wconf 89' lang='lat' dir='ltr'>nonnum-</span> 
     </span>
     <span class='ocr_line' id='line_1_106' title="bbox 915 1284 1713 1320; baseline 0.001 -10"><span class='ocrx_word' id='word_1_799' title='bbox 915 1293 996 1320; x_wconf 90' lang='lat' dir='ltr'>quam</span> <span class='ocrx_word' id='word_1_800' title='bbox 1016 1284 1119 1320; x_wconf 89' lang='lat' dir='ltr'>aliquid</span> <span class='ocrx_word' id='word_1_801' title='bbox 1138 1284 1242 1311; x_wconf 83' lang='lat' dir='ltr'>efficere</span> <span class='ocrx_word' id='word_1_802' title='bbox 1261 1285 1360 1318; x_wconf 87' lang='lat' dir='ltr'>videor,</span> <span class='ocrx_word' id='word_1_803' title='bbox 1382 1294 1434 1313; x_wconf 90' lang='lat' dir='ltr'>usu</span> <span class='ocrx_word' id='word_1_804' title='bbox 1455 1285 1539 1312; x_wconf 89' lang='lat' dir='ltr'>solere</span> <span class='ocrx_word' id='word_1_805' title='bbox 1558 1286 1585 1312; x_wconf 90' lang='lat' dir='ltr'>in</span> <span class='ocrx_word' id='word_1_806' title='bbox 1599 1285 1713 1312; x_wconf 80' lang='lat' dir='ltr'>dicendo</span> 
     </span>
     <span class='ocr_line' id='line_1_107' title="bbox 915 1322 1710 1358; baseline 0 -10"><span class='ocrx_word' id='word_1_807' title='bbox 915 1322 957 1348; x_wconf 89' lang='lat' dir='ltr'>vel</span> <span class='ocrx_word' id='word_1_808' title='bbox 971 1330 1035 1348; x_wconf 90' lang='lat' dir='ltr'>casu</span> <span class='ocrx_word' id='word_1_809' title='bbox 1050 1322 1139 1357; x_wconf 90' lang='lat' dir='ltr'>potius</span> <span class='ocrx_word' id='word_1_810' title='bbox 1154 1322 1299 1349; x_wconf 88' lang='lat' dir='ltr'>incurrere.</span> <span class='ocrx_word' id='word_1_811' title='bbox 1321 1324 1359 1350; x_wconf 79' lang='lat' dir='ltr'>Ac</span> <span class='ocrx_word' id='word_1_812' title='bbox 1373 1332 1414 1350; x_wconf 87' lang='lat' dir='ltr'>res</span> <span class='ocrx_word' id='word_1_813' title='bbox 1428 1323 1539 1358; x_wconf 89' lang='lat' dir='ltr'>quidem</span> <span class='ocrx_word' id='word_1_814' title='bbox 1555 1324 1612 1353; x_wconf 86' lang='lat' dir='ltr'>ista,</span> <span class='ocrx_word' id='word_1_815' title='bbox 1629 1333 1710 1358; x_wconf 86' lang='lat' dir='ltr'>quam</span> 
     </span>
     <span class='ocr_line' id='line_1_108' title="bbox 915 1360 1711 1396; baseline 0.001 -10"><span class='ocrx_word' id='word_1_816' title='bbox 915 1368 972 1395; x_wconf 85' lang='lat' dir='ltr'>ego,</span> <span class='ocrx_word' id='word_1_817' title='bbox 986 1360 1049 1394; x_wconf 90' lang='lat' dir='ltr'>quia</span> <span class='ocrx_word' id='word_1_818' title='bbox 1063 1368 1115 1386; x_wconf 92' lang='lat' dir='ltr'>non</span> <span class='ocrx_word' id='word_1_819' title='bbox 1130 1361 1278 1391; x_wconf 88' lang='lat' dir='ltr'>noram,sic</span> <span class='ocrx_word' id='word_1_820' title='bbox 1292 1365 1427 1396; x_wconf 83' lang='lat' dir='ltr'>tamquam</span> <span class='ocrx_word' id='word_1_821' title='bbox 1443 1362 1563 1396; x_wconf 84' lang='lat' dir='ltr'>ignotum</span> <span class='ocrx_word' id='word_1_822' title='bbox 1576 1361 1711 1387; x_wconf 84' lang='lat' dir='ltr'>hominem</span> 
     </span>
     <span class='ocr_line' id='line_1_109' title="bbox 915 1397 1712 1432; baseline 0.001 -9"><span class='ocrx_word' id='word_1_823' title='bbox 915 1397 1101 1432; x_wconf 84' lang='lat' dir='ltr'>praeteribam,</span> <span class='ocrx_word' id='word_1_824' title='bbox 1119 1402 1221 1423; x_wconf 88' lang='lat' dir='ltr'>tantum</span> <span class='ocrx_word' id='word_1_825' title='bbox 1236 1403 1322 1432; x_wconf 86' lang='lat' dir='ltr'>potest</span> <span class='ocrx_word' id='word_1_826' title='bbox 1336 1399 1362 1425; x_wconf 89' lang='lat' dir='ltr'>in</span> <span class='ocrx_word' id='word_1_827' title='bbox 1377 1398 1498 1429; x_wconf 90' lang='lat' dir='ltr'>dicendo,</span> <span class='ocrx_word' id='word_1_828' title='bbox 1516 1403 1545 1424; x_wconf 90' lang='lat' dir='ltr'>ut</span> <span class='ocrx_word' id='word_1_829' title='bbox 1559 1398 1591 1424; x_wconf 88' lang='lat' dir='ltr'>ad</span> <span class='ocrx_word' id='word_1_830' title='bbox 1603 1399 1712 1424; x_wconf 79' lang='lat' dir='ltr'>vincen-</span> 
     </span>
     <span class='ocr_line' id='line_1_110' title="bbox 915 1434 1711 1469; baseline 0.001 -9"><span class='ocrx_word' id='word_1_831' title='bbox 915 1435 981 1461; x_wconf 91' lang='lat' dir='ltr'>dum</span> <span class='ocrx_word' id='word_1_832' title='bbox 996 1434 1069 1461; x_wconf 92' lang='lat' dir='ltr'>nulla</span> <span class='ocrx_word' id='word_1_833' title='bbox 1084 1434 1146 1469; x_wconf 90' lang='lat' dir='ltr'>plus</span> <span class='ocrx_word' id='word_1_834' title='bbox 1160 1436 1258 1469; x_wconf 80' lang='lat' dir='ltr'>possit3</span> <span class='ocrx_word' id='word_1_835' title='bbox 1290 1438 1346 1462; x_wconf 73' lang='lat'>⁴8¹.</span> <span class='ocrx_word' id='word_1_836' title='bbox 1366 1436 1413 1462; x_wconf 89' lang='lat' dir='ltr'>sed</span> <span class='ocrx_word' id='word_1_837' title='bbox 1428 1440 1515 1462; x_wconf 81' lang='lat' dir='ltr'>tamen</span> <span class='ocrx_word' id='word_1_838' title='bbox 1531 1436 1597 1461; x_wconf 87' lang='lat' dir='ltr'>mibi</span> <span class='ocrx_word' id='word_1_839' title='bbox 1612 1436 1711 1462; x_wconf 74' lang='lat' dir='ltr'>videris</span> 
     </span>
     <span class='ocr_line' id='line_1_111' title="bbox 915 1473 1711 1507; baseline 0.001 -9"><span class='ocrx_word' id='word_1_840' title='bbox 915 1476 976 1498; x_wconf 91' lang='lat' dir='ltr'>ante</span> <span class='ocrx_word' id='word_1_841' title='bbox 989 1476 1096 1506; x_wconf 87' lang='lat' dir='ltr'>tempus</span> <span class='ocrx_word' id='word_1_842' title='bbox 1111 1481 1125 1497; x_wconf 87' lang='lat' dir='ltr'>a</span> <span class='ocrx_word' id='word_1_843' title='bbox 1139 1481 1182 1498; x_wconf 90' lang='lat' dir='ltr'>mc</span> <span class='ocrx_word' id='word_1_844' title='bbox 1196 1473 1324 1499; x_wconf 85' lang='lat' dir='ltr'>rationem</span> <span class='ocrx_word' id='word_1_845' title='bbox 1335 1473 1437 1500; x_wconf 90' lang='lat' dir='ltr'>ordinis</span> <span class='ocrx_word' id='word_1_846' title='bbox 1449 1478 1473 1499; x_wconf 87' lang='lat' dir='ltr'>et</span> <span class='ocrx_word' id='word_1_847' title='bbox 1484 1473 1711 1507; x_wconf 87' lang='lat' dir='ltr'>disponendarum</span> 
     </span>
     <span class='ocr_line' id='line_1_112' title="bbox 915 1510 1711 1546; baseline 0.001 -11"><span class='ocrx_word' id='word_1_848' title='bbox 915 1518 1005 1536; x_wconf 92' lang='lat' dir='ltr'>rerum</span> <span class='ocrx_word' id='word_1_849' title='bbox 1023 1510 1180 1544; x_wconf 87' lang='lat' dir='ltr'>requisisse.</span> <span class='ocrx_word' id='word_1_850' title='bbox 1215 1510 1282 1536; x_wconf 88' lang='lat' dir='ltr'>Nam</span> <span class='ocrx_word' id='word_1_851' title='bbox 1301 1511 1324 1536; x_wconf 92' lang='lat' dir='ltr'>si</span> <span class='ocrx_word' id='word_1_852' title='bbox 1343 1519 1391 1546; x_wconf 84' lang='lat' dir='ltr'>ego</span> <span class='ocrx_word' id='word_1_853' title='bbox 1409 1519 1516 1537; x_wconf 89' lang='lat' dir='ltr'>omnem</span> <span class='ocrx_word' id='word_1_854' title='bbox 1532 1511 1586 1536; x_wconf 75' lang='lat' dir='ltr'>vim</span> <span class='ocrx_word' id='word_1_855' title='bbox 1601 1511 1711 1537; x_wconf 78' lang='lat' dir='ltr'>oratoris</span> 
     </span>
     <span class='ocr_line' id='line_1_113' title="bbox 915 1547 1711 1582; baseline 0.001 -9"><span class='ocrx_word' id='word_1_856' title='bbox 915 1547 942 1573; x_wconf 93' lang='lat' dir='ltr'>in</span> <span class='ocrx_word' id='word_1_857' title='bbox 961 1547 1127 1582; x_wconf 81' lang='lat' dir='ltr'>argumentis</span> <span class='ocrx_word' id='word_1_858' title='bbox 1145 1551 1170 1573; x_wconf 88' lang='lat' dir='ltr'>et</span> <span class='ocrx_word' id='word_1_859' title='bbox 1188 1547 1215 1573; x_wconf 88' lang='lat' dir='ltr'>in</span> <span class='ocrx_word' id='word_1_860' title='bbox 1230 1556 1257 1573; x_wconf 91' lang='lat' dir='ltr'>re</span> <span class='ocrx_word' id='word_1_861' title='bbox 1281 1548 1337 1582; x_wconf 86' lang='lat' dir='ltr'>ipsa</span> <span class='ocrx_word' id='word_1_862' title='bbox 1353 1556 1399 1582; x_wconf 85' lang='lat' dir='ltr'>per</span> <span class='ocrx_word' id='word_1_863' title='bbox 1413 1556 1441 1574; x_wconf 86' lang='lat' dir='ltr'>se</span> <span class='ocrx_word' id='word_1_864' title='bbox 1455 1548 1650 1582; x_wconf 86' lang='lat' dir='ltr'>comprobanda</span> <span class='ocrx_word' id='word_1_865' title='bbox 1665 1557 1711 1582; x_wconf 91' lang='lat' dir='ltr'>po—</span> 
     </span>
     <span class='ocr_line' id='line_1_114' title="bbox 915 1585 1711 1621; baseline 0.001 -11"><span class='ocrx_word' id='word_1_866' title='bbox 915 1585 1040 1614; x_wconf 89' lang='lat' dir='ltr'>suissem,</span> <span class='ocrx_word' id='word_1_867' title='bbox 1062 1588 1168 1619; x_wconf 86' lang='lat' dir='ltr'>tempus</span> <span class='ocrx_word' id='word_1_868' title='bbox 1190 1589 1260 1611; x_wconf 84' lang='lat' dir='ltr'>esset</span> <span class='ocrx_word' id='word_1_869' title='bbox 1274 1586 1325 1611; x_wconf 90' lang='lat' dir='ltr'>iam</span> <span class='ocrx_word' id='word_1_870' title='bbox 1340 1586 1373 1611; x_wconf 79' lang='lat' dir='ltr'>de</span> <span class='ocrx_word' id='word_1_871' title='bbox 1385 1586 1478 1612; x_wconf 76' lang='lat' dir='ltr'>ordine</span> <span class='ocrx_word' id='word_1_872' title='bbox 1492 1591 1711 1621; x_wconf 79' lang='lat' dir='ltr'>argumentorum</span> 
     </span>
     <span class='ocr_line' id='line_1_115' title="bbox 915 1621 1711 1657; baseline 0.001 -10"><span class='ocrx_word' id='word_1_873' title='bbox 915 1626 940 1648; x_wconf 87' lang='lat' dir='ltr'>et</span> <span class='ocrx_word' id='word_1_874' title='bbox 953 1622 986 1648; x_wconf 91' lang='lat' dir='ltr'>de</span> <span class='ocrx_word' id='word_1_875' title='bbox 999 1621 1171 1648; x_wconf 87' lang='lat' dir='ltr'>collocatione</span> <span class='ocrx_word' id='word_1_876' title='bbox 1185 1621 1288 1657; x_wconf 87' lang='lat' dir='ltr'>aliquid</span> <span class='ocrx_word' id='word_1_877' title='bbox 1305 1623 1406 1655; x_wconf 81' lang='lat' dir='ltr'>dicere;</span> <span class='ocrx_word' id='word_1_878' title='bbox 1435 1623 1481 1648; x_wconf 86' lang='lat' dir='ltr'>sed</span> <span class='ocrx_word' id='word_1_879' title='bbox 1496 1632 1580 1657; x_wconf 91' lang='lat' dir='ltr'>quum</span> <span class='ocrx_word' id='word_1_880' title='bbox 1597 1624 1644 1649; x_wconf 84' lang='lat' dir='ltr'>tria</span> <span class='ocrx_word' id='word_1_881' title='bbox 1659 1624 1711 1649; x_wconf 80' lang='lat' dir='ltr'>sint</span> 
     </span>
     <span class='ocr_line' id='line_1_116' title="bbox 914 1659 1711 1696; baseline 0.001 -11"><span class='ocrx_word' id='word_1_882' title='bbox 914 1668 928 1685; x_wconf 90' lang='lat' dir='ltr'>a</span> <span class='ocrx_word' id='word_1_883' title='bbox 940 1668 982 1685; x_wconf 90' lang='lat' dir='ltr'>me</span> <span class='ocrx_word' id='word_1_884' title='bbox 996 1659 1140 1694; x_wconf 86' lang='lat' dir='ltr'>proposita,</span> <span class='ocrx_word' id='word_1_885' title='bbox 1156 1659 1189 1685; x_wconf 91' lang='lat' dir='ltr'>de</span> <span class='ocrx_word' id='word_1_886' title='bbox 1204 1668 1257 1686; x_wconf 95' lang='lat' dir='ltr'>uno</span> <span class='ocrx_word' id='word_1_887' title='bbox 1271 1660 1386 1692; x_wconf 84' lang='lat' dir='ltr'>dictuin;</span> <span class='ocrx_word' id='word_1_888' title='bbox 1403 1669 1488 1696; x_wconf 92' lang='lat' dir='ltr'>quum</span> <span class='ocrx_word' id='word_1_889' title='bbox 1503 1660 1535 1686; x_wconf 90' lang='lat' dir='ltr'>de</span> <span class='ocrx_word' id='word_1_890' title='bbox 1550 1660 1656 1686; x_wconf 70' lang='lat' dir='ltr'>duobus</span> <span class='ocrx_word' id='word_1_891' title='bbox 1671 1670 1711 1686; x_wconf 74' lang='lat' dir='ltr'>re—</span> 
     </span>
     <span class='ocr_line' id='line_1_117' title="bbox 915 1696 1710 1733; baseline 0.001 -11"><span class='ocrx_word' id='word_1_892' title='bbox 915 1696 997 1732; x_wconf 87' lang='lat' dir='ltr'>liquis</span> <span class='ocrx_word' id='word_1_893' title='bbox 1019 1697 1120 1727; x_wconf 80' lang='lat' dir='ltr'>dixero,</span> <span class='ocrx_word' id='word_1_894' title='bbox 1141 1701 1198 1723; x_wconf 91' lang='lat' dir='ltr'>tum</span> <span class='ocrx_word' id='word_1_895' title='bbox 1223 1698 1272 1724; x_wconf 90' lang='lat' dir='ltr'>erit</span> <span class='ocrx_word' id='word_1_896' title='bbox 1295 1698 1410 1733; x_wconf 83' lang='lat' dir='ltr'>denique</span> <span class='ocrx_word' id='word_1_897' title='bbox 1429 1698 1461 1724; x_wconf 87' lang='lat' dir='ltr'>dc</span> <span class='ocrx_word' id='word_1_898' title='bbox 1480 1698 1645 1732; x_wconf 82' lang='lat' dir='ltr'>disponenda</span> <span class='ocrx_word' id='word_1_899' title='bbox 1661 1704 1710 1724; x_wconf 76' lang='lat' dir='ltr'>tota</span> 
     </span>
     <span class='ocr_line' id='line_1_118' title="bbox 913 1734 1239 1769; baseline 0 -9"><span class='ocrx_word' id='word_1_900' title='bbox 913 1734 1030 1761; x_wconf 86' lang='lat' dir='ltr'>oratione</span> <span class='ocrx_word' id='word_1_901' title='bbox 1044 1734 1239 1769; x_wconf 86' lang='lat' dir='ltr'>quaerendum.</span> 
     </span>
    </p>

    <p class='ocr_par' dir='ltr' id='par_1_28' title="bbox 913 1771 1711 2219">
     <span class='ocr_line' id='line_1_119' title="bbox 967 1771 1708 1807; baseline 0 -10"><span class='ocrx_word' id='word_1_902' title='bbox 967 1771 1061 1798; x_wconf 82' lang='lat' dir='ltr'>XLlfl.</span> <span class='ocrx_word' id='word_1_903' title='bbox 1079 1773 1136 1798; x_wconf 72' lang='lat'>482.</span> <span class='ocrx_word' id='word_1_904' title='bbox 1159 1772 1233 1798; x_wconf 84' lang='lat' dir='ltr'>Valet</span> <span class='ocrx_word' id='word_1_905' title='bbox 1252 1773 1335 1807; x_wconf 86' lang='lat' dir='ltr'>igitur</span> <span class='ocrx_word' id='word_1_906' title='bbox 1355 1772 1470 1799; x_wconf 90' lang='lat' dir='ltr'>multum</span> <span class='ocrx_word' id='word_1_907' title='bbox 1485 1773 1517 1798; x_wconf 85' lang='lat' dir='ltr'>ad</span> <span class='ocrx_word' id='word_1_908' title='bbox 1538 1773 1708 1799; x_wconf 83' lang='lat' dir='ltr'>vincendum.</span> 
     </span>
     <span class='ocr_line' id='line_1_120' title="bbox 914 1809 1709 1845; baseline 0 -10"><span class='ocrx_word' id='word_1_909' title='bbox 914 1809 1019 1844; x_wconf 90' lang='lat' dir='ltr'>probari</span> <span class='ocrx_word' id='word_1_910' title='bbox 1035 1817 1122 1835; x_wconf 85' lang='lat' dir='ltr'>mores</span> <span class='ocrx_word' id='word_1_911' title='bbox 1136 1814 1161 1835; x_wconf 92' lang='lat' dir='ltr'>et</span> <span class='ocrx_word' id='word_1_912' title='bbox 1175 1810 1295 1836; x_wconf 84' lang='lat' dir='ltr'>instituta</span> <span class='ocrx_word' id='word_1_913' title='bbox 1310 1814 1334 1836; x_wconf 86' lang='lat' dir='ltr'>et</span> <span class='ocrx_word' id='word_1_914' title='bbox 1348 1809 1415 1836; x_wconf 77' lang='lat' dir='ltr'>facta</span> <span class='ocrx_word' id='word_1_915' title='bbox 1426 1816 1450 1836; x_wconf 92' lang='lat' dir='ltr'>ct</span> <span class='ocrx_word' id='word_1_916' title='bbox 1462 1811 1542 1837; x_wconf 72' lang='lat' dir='ltr'>vitani</span> <span class='ocrx_word' id='word_1_917' title='bbox 1554 1812 1709 1845; x_wconf 84' lang='lat' dir='ltr'>eorum,qni</span> 
     </span>
     <span class='ocr_line' id='line_1_121' title="bbox 914 1848 1711 1882; baseline 0.001 -10"><span class='ocrx_word' id='word_1_918' title='bbox 914 1851 992 1882; x_wconf 85' lang='lat' dir='ltr'>agent</span> <span class='ocrx_word' id='word_1_919' title='bbox 1010 1855 1129 1878; x_wconf 80' lang='lat' dir='ltr'>caussaS,</span> <span class='ocrx_word' id='word_1_920' title='bbox 1146 1851 1171 1873; x_wconf 90' lang='lat' dir='ltr'>et</span> <span class='ocrx_word' id='word_1_921' title='bbox 1185 1855 1286 1878; x_wconf 88' lang='lat' dir='ltr'>eorum,</span> <span class='ocrx_word' id='word_1_922' title='bbox 1307 1856 1354 1882; x_wconf 92' lang='lat' dir='ltr'>pro</span> <span class='ocrx_word' id='word_1_923' title='bbox 1368 1848 1478 1882; x_wconf 86' lang='lat' dir='ltr'>quibus,</span> <span class='ocrx_word' id='word_1_924' title='bbox 1495 1852 1519 1873; x_wconf 84' lang='lat' dir='ltr'>et</span> <span class='ocrx_word' id='word_1_925' title='bbox 1534 1849 1596 1874; x_wconf 81' lang='lat' dir='ltr'>item</span> <span class='ocrx_word' id='word_1_926' title='bbox 1612 1850 1711 1882; x_wconf 88' lang='lat' dir='ltr'>impro-</span> 
     </span>
     <span class='ocr_line' id='line_1_122' title="bbox 914 1883 1710 1920; baseline 0 -10"><span class='ocrx_word' id='word_1_927' title='bbox 914 1884 971 1910; x_wconf 88' lang='lat' dir='ltr'>bari</span> <span class='ocrx_word' id='word_1_928' title='bbox 994 1883 1216 1916; x_wconf 86' lang='lat' dir='ltr'>adversariorum,</span> <span class='ocrx_word' id='word_1_929' title='bbox 1241 1885 1398 1920; x_wconf 87' lang='lat' dir='ltr'>animosque</span> <span class='ocrx_word' id='word_1_930' title='bbox 1421 1894 1522 1915; x_wconf 85' lang='lat' dir='ltr'>eorum,</span> <span class='ocrx_word' id='word_1_931' title='bbox 1548 1886 1619 1919; x_wconf 86' lang='lat' dir='ltr'>apud</span> <span class='ocrx_word' id='word_1_932' title='bbox 1643 1894 1710 1920; x_wconf 73' lang='lat' dir='ltr'>quos</span> 
     </span>
     <span class='ocr_line' id='line_1_123' title="bbox 913 1921 1710 1957; baseline 0 -9"><span class='ocrx_word' id='word_1_933' title='bbox 913 1926 1015 1957; x_wconf 82' lang='lat' dir='ltr'>agetur,</span> <span class='ocrx_word' id='word_1_934' title='bbox 1041 1921 1178 1948; x_wconf 83' lang='lat' dir='ltr'>conciliari</span> <span class='ocrx_word' id='word_1_935' title='bbox 1197 1931 1278 1957; x_wconf 87' lang='lat' dir='ltr'>quam</span> <span class='ocrx_word' id='word_1_936' title='bbox 1303 1923 1419 1948; x_wconf 79' lang='lat' dir='ltr'>maxime</span> <span class='ocrx_word' id='word_1_937' title='bbox 1442 1923 1473 1949; x_wconf 87' lang='lat' dir='ltr'>ad</span> <span class='ocrx_word' id='word_1_938' title='bbox 1498 1922 1710 1949; x_wconf 64' lang='lat' dir='ltr'>benevolentiam</span> 
     </span>
     <span class='ocr_line' id='line_1_124' title="bbox 914 1960 1708 1996; baseline 0.001 -11"><span class='ocrx_word' id='word_1_939' title='bbox 914 1968 1000 1994; x_wconf 91' lang='lat' dir='ltr'>quum</span> <span class='ocrx_word' id='word_1_940' title='bbox 1018 1967 1080 1993; x_wconf 90' lang='lat' dir='ltr'>erga</span> <span class='ocrx_word' id='word_1_941' title='bbox 1098 1964 1227 1986; x_wconf 84' lang='lat' dir='ltr'>oratorem</span> <span class='ocrx_word' id='word_1_942' title='bbox 1247 1964 1303 1986; x_wconf 91' lang='lat' dir='ltr'>tum</span> <span class='ocrx_word' id='word_1_943' title='bbox 1323 1968 1384 1996; x_wconf 81' lang='lat' dir='ltr'>erga</span> <span class='ocrx_word' id='word_1_944' title='bbox 1402 1960 1489 1991; x_wconf 89' lang='lat' dir='ltr'>illum,</span> <span class='ocrx_word' id='word_1_945' title='bbox 1508 1969 1555 1994; x_wconf 85' lang='lat' dir='ltr'>pro</span> <span class='ocrx_word' id='word_1_946' title='bbox 1575 1970 1629 1994; x_wconf 80' lang='lat' dir='ltr'>quo</span> <span class='ocrx_word' id='word_1_947' title='bbox 1642 1961 1708 1986; x_wconf 73' lang='lat' dir='ltr'>dicei</span> 
     </span>
     <span class='ocr_line' id='line_1_125' title="bbox 913 1997 1708 2033; baseline 0.001 -11"><span class='ocrx_word' id='word_1_948' title='bbox 913 2001 1009 2023; x_wconf 49' lang='lat' dir='ltr'>orator,</span> <span class='ocrx_word' id='word_1_949' title='bbox 1044 1997 1226 2023; x_wconf 86' lang='lat' dir='ltr'>Conciliantur</span> <span class='ocrx_word' id='word_1_950' title='bbox 1239 2002 1328 2023; x_wconf 86' lang='lat' dir='ltr'>autem</span> <span class='ocrx_word' id='word_1_951' title='bbox 1343 1998 1425 2024; x_wconf 89' lang='lat' dir='ltr'>animi</span> <span class='ocrx_word' id='word_1_952' title='bbox 1439 1998 1567 2033; x_wconf 83' lang='lat' dir='ltr'>dignitate</span> <span class='ocrx_word' id='word_1_953' title='bbox 1582 1998 1708 2026; x_wconf 84' lang='lat' dir='ltr'>bominis.</span> 
     </span>
     <span class='ocr_line' id='line_1_126' title="bbox 914 2034 1710 2070; baseline 0.001 -10"><span class='ocrx_word' id='word_1_954' title='bbox 914 2034 995 2060; x_wconf 92' lang='lat' dir='ltr'>rebus</span> <span class='ocrx_word' id='word_1_955' title='bbox 1009 2034 1102 2070; x_wconf 84' lang='lat' dir='ltr'>gestis,</span> <span class='ocrx_word' id='word_1_956' title='bbox 1118 2035 1314 2061; x_wconf 83' lang='lat' dir='ltr'>existimatione</span> <span class='ocrx_word' id='word_1_957' title='bbox 1329 2036 1412 2067; x_wconf 74' lang='lat' dir='ltr'>vitae,</span> <span class='ocrx_word' id='word_1_958' title='bbox 1428 2044 1496 2070; x_wconf 85' lang='lat' dir='ltr'>quae</span> <span class='ocrx_word' id='word_1_959' title='bbox 1509 2035 1612 2061; x_wconf 74' lang='lat' dir='ltr'>facilius</span> <span class='ocrx_word' id='word_1_960' title='bbox 1623 2036 1710 2061; x_wconf 72' lang='lat' dir='ltr'>ornari</span> 
     </span>
     <span class='ocr_line' id='line_1_127' title="bbox 915 2071 1707 2108; baseline 0 -10"><span class='ocrx_word' id='word_1_961' title='bbox 915 2077 1036 2106; x_wconf 85' lang='lat' dir='ltr'>possunt,</span> <span class='ocrx_word' id='word_1_962' title='bbox 1061 2072 1084 2097; x_wconf 83' lang='lat' dir='ltr'>si</span> <span class='ocrx_word' id='word_1_963' title='bbox 1109 2071 1187 2098; x_wconf 89' lang='lat' dir='ltr'>modo</span> <span class='ocrx_word' id='word_1_964' title='bbox 1210 2076 1282 2103; x_wconf 84' lang='lat' dir='ltr'>sunt,</span> <span class='ocrx_word' id='word_1_965' title='bbox 1307 2081 1387 2107; x_wconf 83' lang='lat' dir='ltr'>quam</span> <span class='ocrx_word' id='word_1_966' title='bbox 1408 2072 1481 2108; x_wconf 80' lang='lat' dir='ltr'>tingi,</span> <span class='ocrx_word' id='word_1_967' title='bbox 1507 2073 1528 2098; x_wconf 88' lang='lat' dir='ltr'>si</span> <span class='ocrx_word' id='word_1_968' title='bbox 1550 2072 1621 2098; x_wconf 87' lang='lat' dir='ltr'>nulla</span> <span class='ocrx_word' id='word_1_969' title='bbox 1636 2078 1707 2098; x_wconf 80' lang='lat' dir='ltr'>sunt.</span> 
     </span>
     <span class='ocr_line' id='line_1_128' title="bbox 914 2109 1706 2141; baseline 0 -6"><span class='ocrx_word' id='word_1_970' title='bbox 914 2109 967 2135; x_wconf 89' lang='lat' dir='ltr'>Sed</span> <span class='ocrx_word' id='word_1_971' title='bbox 991 2109 1055 2135; x_wconf 85' lang='lat' dir='ltr'>baec</span> <span class='ocrx_word' id='word_1_972' title='bbox 1073 2109 1202 2136; x_wconf 74' lang='lat' dir='ltr'>adiuvant</span> <span class='ocrx_word' id='word_1_973' title='bbox 1220 2110 1247 2136; x_wconf 91' lang='lat' dir='ltr'>in</span> <span class='ocrx_word' id='word_1_974' title='bbox 1266 2114 1376 2141; x_wconf 84' lang='lat' dir='ltr'>oratore,</span> <span class='ocrx_word' id='word_1_975' title='bbox 1394 2109 1488 2136; x_wconf 83' lang='lat' dir='ltr'>lenitas</span> <span class='ocrx_word' id='word_1_976' title='bbox 1508 2111 1588 2139; x_wconf 72' lang='lat' dir='ltr'>vocis,</span> <span class='ocrx_word' id='word_1_977' title='bbox 1607 2110 1706 2136; x_wconf 58' lang='lat' dir='ltr'>vultus.</span> 
     </span>
     <span class='ocr_line' id='line_1_129' title="bbox 914 2146 1710 2182; baseline 0.001 -10"><span class='ocrx_word' id='word_1_978' title='bbox 914 2146 1025 2181; x_wconf 89' lang='lat' dir='ltr'>pudoris</span> <span class='ocrx_word' id='word_1_979' title='bbox 1039 2147 1208 2182; x_wconf 80' lang='lat' dir='ltr'>significatio,</span> <span class='ocrx_word' id='word_1_980' title='bbox 1227 2147 1367 2174; x_wconf 84' lang='lat' dir='ltr'>verborum</span> <span class='ocrx_word' id='word_1_981' title='bbox 1383 2148 1506 2174; x_wconf 78' lang='lat' dir='ltr'>comitas:</span> <span class='ocrx_word' id='word_1_982' title='bbox 1532 2148 1554 2172; x_wconf 75' lang='lat' dir='ltr'>si</span> <span class='ocrx_word' id='word_1_983' title='bbox 1569 2147 1635 2182; x_wconf 84' lang='lat' dir='ltr'>quid</span> <span class='ocrx_word' id='word_1_984' title='bbox 1651 2156 1710 2181; x_wconf 69' lang='lat' dir='ltr'>per—</span> 
     </span>
     <span class='ocr_line' id='line_1_130' title="bbox 913 2185 1707 2219; baseline 0.001 -10"><span class='ocrx_word' id='word_1_985' title='bbox 913 2193 1026 2219; x_wconf 85' lang='lat' dir='ltr'>sequare</span> <span class='ocrx_word' id='word_1_986' title='bbox 1045 2185 1142 2214; x_wconf 79' lang='lat' dir='ltr'>acrius,</span> <span class='ocrx_word' id='word_1_987' title='bbox 1165 2189 1194 2211; x_wconf 89' lang='lat' dir='ltr'>ut</span> <span class='ocrx_word' id='word_1_988' title='bbox 1213 2185 1314 2211; x_wconf 81' lang='lat' dir='ltr'>invitus</span> <span class='ocrx_word' id='word_1_989' title='bbox 1329 2189 1353 2211; x_wconf 89' lang='lat' dir='ltr'>et</span> <span class='ocrx_word' id='word_1_990' title='bbox 1367 2190 1474 2211; x_wconf 88' lang='lat' dir='ltr'>coactus</span> <span class='ocrx_word' id='word_1_991' title='bbox 1495 2185 1578 2210; x_wconf 83' lang='lat' dir='ltr'>facere</span> <span class='ocrx_word' id='word_1_992' title='bbox 1594 2185 1707 2210; x_wconf 68' lang='lat' dir='ltr'>videa-re.</span> 
     </span>
    </p>
   </div>
   <div class='ocr_carea' id='block_1_25' title="bbox 890 2221 1708 2257">
    <p class='ocr_par' dir='ltr' id='par_1_29' title="bbox 890 2221 1708 2257">
     <span class='ocr_line' id='line_1_131' title="bbox 890 2221 1708 2257; baseline 0 -10"><span class='ocrx_word' id='word_1_993' title='bbox 890 2235 891 2239; x_wconf 68' lang='lat'><em>=</em></span> <span class='ocrx_word' id='word_1_994' title='bbox 914 2221 1068 2253; x_wconf 86' lang='lat' dir='ltr'>Facilitatis‚</span> <span class='ocrx_word' id='word_1_995' title='bbox 1086 2221 1260 2253; x_wconf 84' lang='lat' dir='ltr'>liberalitatis,</span> <span class='ocrx_word' id='word_1_996' title='bbox 1277 2223 1501 2253; x_wconf 81' lang='lat' dir='ltr'>mansuetudinis,</span> <span class='ocrx_word' id='word_1_997' title='bbox 1515 2223 1628 2256; x_wconf 78' lang='lat' dir='ltr'>pietatis.</span> <span class='ocrx_word' id='word_1_998' title='bbox 1642 2228 1708 2257; x_wconf 48' lang='lat' dir='ltr'>grai</span> 
     </span>
    </p>
   </div>
   <div class='ocr_carea' id='block_1_26' title="bbox 913 2258 1709 2705">
    <p class='ocr_par' dir='ltr' id='par_1_30' title="bbox 913 2258 1709 2705">
     <span class='ocr_line' id='line_1_132' title="bbox 914 2258 1709 2295; baseline 0 -11"><span class='ocrx_word' id='word_1_999' title='bbox 914 2259 1005 2290; x_wconf 85' lang='lat' dir='ltr'>animi,</span> <span class='ocrx_word' id='word_1_1000' title='bbox 1023 2268 1074 2286; x_wconf 86' lang='lat' dir='ltr'>non</span> <span class='ocrx_word' id='word_1_1001' title='bbox 1088 2260 1247 2294; x_wconf 85' lang='lat' dir='ltr'>appetentis,</span> <span class='ocrx_word' id='word_1_1002' title='bbox 1269 2268 1320 2286; x_wconf 91' lang='lat' dir='ltr'>nou</span> <span class='ocrx_word' id='word_1_1003' title='bbox 1335 2260 1406 2286; x_wconf 88' lang='lat' dir='ltr'>avidi</span> <span class='ocrx_word' id='word_1_1004' title='bbox 1433 2260 1508 2295; x_wconf 83' lang='lat' dir='ltr'>signa</span> <span class='ocrx_word' id='word_1_1005' title='bbox 1525 2258 1633 2293; x_wconf 77' lang='lat' dir='ltr'>proferri</span> <span class='ocrx_word' id='word_1_1006' title='bbox 1651 2268 1709 2293; x_wconf 70' lang='lat' dir='ltr'>per-</span> 
     </span>
     <span class='ocr_line' id='line_1_133' title="bbox 914 2295 1706 2332; baseline 0 -10"><span class='ocrx_word' id='word_1_1007' title='bbox 914 2295 979 2322; x_wconf 85' lang='lat' dir='ltr'>utile</span> <span class='ocrx_word' id='word_1_1008' title='bbox 993 2300 1046 2328; x_wconf 66' lang='lat' dir='ltr'>est,</span> <span class='ocrx_word' id='word_1_1009' title='bbox 1062 2305 1146 2331; x_wconf 83' lang='lat' dir='ltr'>eaque</span> <span class='ocrx_word' id='word_1_1010' title='bbox 1160 2297 1257 2327; x_wconf 86' lang='lat' dir='ltr'>omnia,</span> <span class='ocrx_word' id='word_1_1011' title='bbox 1274 2305 1342 2331; x_wconf 87' lang='lat' dir='ltr'>quae</span> <span class='ocrx_word' id='word_1_1012' title='bbox 1358 2297 1706 2332; x_wconf 78' lang='lat' dir='ltr'>proborum.demissorum.</span> 
     </span>
     <span class='ocr_line' id='line_1_134' title="bbox 914 2334 1708 2369; baseline 0 -10"><span class='ocrx_word' id='word_1_1013' title='bbox 914 2342 965 2359; x_wconf 89' lang='lat' dir='ltr'>non</span> <span class='ocrx_word' id='word_1_1014' title='bbox 980 2334 1091 2364; x_wconf 87' lang='lat' dir='ltr'>acrium,</span> <span class='ocrx_word' id='word_1_1015' title='bbox 1113 2342 1164 2360; x_wconf 91' lang='lat' dir='ltr'>non</span> <span class='ocrx_word' id='word_1_1016' title='bbox 1179 2334 1365 2368; x_wconf 76' lang='lat' dir='ltr'>portium-ium,</span> <span class='ocrx_word' id='word_1_1017' title='bbox 1387 2343 1437 2360; x_wconf 89' lang='lat' dir='ltr'>non</span> <span class='ocrx_word' id='word_1_1018' title='bbox 1454 2334 1639 2369; x_wconf 68' lang='lat' dir='ltr'>litigiosorum,</span> <span class='ocrx_word' id='word_1_1019' title='bbox 1658 2343 1708 2359; x_wconf 70' lang='lat' dir='ltr'>nnn</span> 
     </span>
     <span class='ocr_line' id='line_1_135' title="bbox 913 2370 1709 2401; baseline 0.001 -5"><span class='ocrx_word' id='word_1_1020' title='bbox 913 2370 1069 2397; x_wconf 74' lang='lat' dir='ltr'>acerborum</span> <span class='ocrx_word' id='word_1_1021' title='bbox 1084 2375 1155 2401; x_wconf 91' lang='lat' dir='ltr'>sunt,</span> <span class='ocrx_word' id='word_1_1022' title='bbox 1182 2370 1258 2397; x_wconf 73' lang='lat' dir='ltr'>valde</span> <span class='ocrx_word' id='word_1_1023' title='bbox 1277 2371 1488 2397; x_wconf 81' lang='lat' dir='ltr'>benevolentiam</span> <span class='ocrx_word' id='word_1_1024' title='bbox 1507 2370 1648 2397; x_wconf 75' lang='lat' dir='ltr'>conciliant</span> <span class='ocrx_word' id='word_1_1025' title='bbox 1663 2372 1709 2397; x_wconf 80' lang='lat' dir='ltr'>ub-</span> 
     </span>
     <span class='ocr_line' id='line_1_136' title="bbox 913 2407 1709 2443; baseline 0 -9"><span class='ocrx_word' id='word_1_1026' title='bbox 913 2407 1083 2443; x_wconf 84' lang='lat' dir='ltr'>alienantque</span> <span class='ocrx_word' id='word_1_1027' title='bbox 1097 2408 1130 2434; x_wconf 83' lang='lat' dir='ltr'>ab</span> <span class='ocrx_word' id='word_1_1028' title='bbox 1145 2408 1186 2439; x_wconf 83' lang='lat' dir='ltr'>iis,</span> <span class='ocrx_word' id='word_1_1029' title='bbox 1208 2408 1234 2434; x_wconf 91' lang='lat' dir='ltr'>in</span> <span class='ocrx_word' id='word_1_1030' title='bbox 1249 2409 1350 2443; x_wconf 83' lang='lat' dir='ltr'>quibus</span> <span class='ocrx_word' id='word_1_1031' title='bbox 1365 2408 1428 2434; x_wconf 82' lang='lat' dir='ltr'>baec</span> <span class='ocrx_word' id='word_1_1032' title='bbox 1443 2417 1494 2435; x_wconf 91' lang='lat' dir='ltr'>non</span> <span class='ocrx_word' id='word_1_1033' title='bbox 1509 2413 1580 2434; x_wconf 85' lang='lat' dir='ltr'>sunt.</span> <span class='ocrx_word' id='word_1_1034' title='bbox 1619 2409 1709 2443; x_wconf 78' lang='lat' dir='ltr'>ltaque</span> 
     </span>
     <span class='ocr_line' id='line_1_137' title="bbox 913 2445 1695 2472; baseline -0.001 -1"><span class='ocrx_word' id='word_1_1035' title='bbox 913 2445 1005 2471; x_wconf 88' lang='lat' dir='ltr'>eadem</span> <span class='ocrx_word' id='word_1_1036' title='bbox 1028 2449 1092 2471; x_wconf 89' lang='lat' dir='ltr'>sunt</span> <span class='ocrx_word' id='word_1_1037' title='bbox 1111 2445 1136 2471; x_wconf 87' lang='lat' dir='ltr'>in</span> <span class='ocrx_word' id='word_1_1038' title='bbox 1156 2445 1322 2472; x_wconf 83' lang='lat' dir='ltr'>adversarios</span> <span class='ocrx_word' id='word_1_1039' title='bbox 1340 2454 1373 2472; x_wconf 85' lang='lat' dir='ltr'>ex</span> <span class='ocrx_word' id='word_1_1040' title='bbox 1391 2447 1521 2472; x_wconf 80' lang='lat' dir='ltr'>contrario</span> <span class='ocrx_word' id='word_1_1041' title='bbox 1539 2445 1695 2472; x_wconf 71' lang='lat' dir='ltr'>conferenda</span> 
     </span>
     <span class='ocr_line' id='line_1_138' title="bbox 916 2482 1707 2518; baseline 0 -10"><span class='ocrx_word' id='word_1_1042' title='bbox 916 2484 972 2509; x_wconf 79' lang='lat'>⁴83.</span> <span class='ocrx_word' id='word_1_1043' title='bbox 988 2482 1041 2509; x_wconf 91' lang='lat' dir='ltr'>Sed</span> <span class='ocrx_word' id='word_1_1044' title='bbox 1054 2491 1140 2518; x_wconf 86' lang='lat' dir='ltr'>genus</span> <span class='ocrx_word' id='word_1_1045' title='bbox 1155 2483 1204 2508; x_wconf 81' lang='lat' dir='ltr'>boc</span> <span class='ocrx_word' id='word_1_1046' title='bbox 1218 2487 1301 2509; x_wconf 86' lang='lat' dir='ltr'>totum</span> <span class='ocrx_word' id='word_1_1047' title='bbox 1316 2483 1442 2510; x_wconf 86' lang='lat' dir='ltr'>orationis</span> <span class='ocrx_word' id='word_1_1048' title='bbox 1457 2484 1483 2509; x_wconf 91' lang='lat' dir='ltr'>iu</span> <span class='ocrx_word' id='word_1_1049' title='bbox 1499 2484 1531 2509; x_wconf 82' lang='lat' dir='ltr'>iis</span> <span class='ocrx_word' id='word_1_1050' title='bbox 1545 2492 1648 2509; x_wconf 62' lang='lat' dir='ltr'>caussis</span> <span class='ocrx_word' id='word_1_1051' title='bbox 1663 2493 1707 2509; x_wconf 66' lang='lat' dir='ltr'>ex-</span> 
     </span>
     <span class='ocr_line' id='line_1_139' title="bbox 913 2519 1708 2555; baseline 0.001 -10"><span class='ocrx_word' id='word_1_1052' title='bbox 913 2519 994 2551; x_wconf 79' lang='lat' dir='ltr'>cellit,</span> <span class='ocrx_word' id='word_1_1053' title='bbox 1011 2520 1038 2546; x_wconf 90' lang='lat' dir='ltr'>in</span> <span class='ocrx_word' id='word_1_1054' title='bbox 1052 2520 1154 2555; x_wconf 87' lang='lat' dir='ltr'>quibus</span> <span class='ocrx_word' id='word_1_1055' title='bbox 1169 2520 1258 2546; x_wconf 79' lang='lat' dir='ltr'>minus</span> <span class='ocrx_word' id='word_1_1056' title='bbox 1274 2525 1357 2555; x_wconf 78' lang='lat' dir='ltr'>potest</span> <span class='ocrx_word' id='word_1_1057' title='bbox 1373 2519 1530 2547; x_wconf 82' lang='lat' dir='ltr'>inflammari</span> <span class='ocrx_word' id='word_1_1058' title='bbox 1545 2521 1651 2546; x_wconf 70' lang='lat' dir='ltr'>animus</span> <span class='ocrx_word' id='word_1_1059' title='bbox 1668 2530 1708 2546; x_wconf 85' lang='grc' dir='ltr'>ιιι-</span> 
     </span>
     <span class='ocr_line' id='line_1_140' title="bbox 913 2557 1708 2592; baseline 0 -9"><span class='ocrx_word' id='word_1_1060' title='bbox 913 2557 980 2583; x_wconf 82' lang='lat' dir='ltr'>dieis</span> <span class='ocrx_word' id='word_1_1061' title='bbox 995 2558 1047 2583; x_wconf 85' lang='lat' dir='ltr'>acri</span> <span class='ocrx_word' id='word_1_1062' title='bbox 1062 2561 1087 2583; x_wconf 87' lang='lat' dir='ltr'>ct</span> <span class='ocrx_word' id='word_1_1063' title='bbox 1102 2558 1253 2583; x_wconf 78' lang='lat' dir='ltr'>vehementi</span> <span class='ocrx_word' id='word_1_1064' title='bbox 1264 2558 1379 2592; x_wconf 81' lang='lat' dir='ltr'>quadam</span> <span class='ocrx_word' id='word_1_1065' title='bbox 1392 2558 1552 2584; x_wconf 75' lang='lat' dir='ltr'>incitatione.</span> <span class='ocrx_word' id='word_1_1066' title='bbox 1570 2558 1626 2584; x_wconf 74' lang='lat' dir='ltr'>Nou</span> <span class='ocrx_word' id='word_1_1067' title='bbox 1637 2560 1708 2584; x_wconf 73' lang='lat' dir='ltr'>vnnn</span> 
     </span>
     <span class='ocr_line' id='line_1_141' title="bbox 913 2594 1706 2630; baseline 0.001 -10"><span class='ocrx_word' id='word_1_1068' title='bbox 913 2603 1020 2629; x_wconf 83' lang='lat' dir='ltr'>semper</span> <span class='ocrx_word' id='word_1_1069' title='bbox 1041 2594 1116 2621; x_wconf 84' lang='lat' dir='ltr'>fortis</span> <span class='ocrx_word' id='word_1_1070' title='bbox 1143 2595 1226 2621; x_wconf 79' lang='lat' dir='ltr'>oratio</span> <span class='ocrx_word' id='word_1_1071' title='bbox 1249 2596 1396 2630; x_wconf 80' lang='lat' dir='ltr'>quaeritur,</span> <span class='ocrx_word' id='word_1_1072' title='bbox 1421 2595 1469 2621; x_wconf 88' lang='lat' dir='ltr'>sed</span> <span class='ocrx_word' id='word_1_1073' title='bbox 1492 2604 1570 2630; x_wconf 78' lang='lat' dir='ltr'>saepe</span> <span class='ocrx_word' id='word_1_1074' title='bbox 1595 2596 1706 2629; x_wconf 66' lang='lat' dir='ltr'>plin-ida.</span> 
     </span>
     <span class='ocr_line' id='line_1_142' title="bbox 913 2632 1706 2667; baseline 0.001 -10"><span class='ocrx_word' id='word_1_1075' title='bbox 913 2632 1071 2663; x_wconf 83' lang='lat' dir='ltr'>summissa,</span> <span class='ocrx_word' id='word_1_1076' title='bbox 1099 2632 1179 2662; x_wconf 85' lang='lat' dir='ltr'>lenis,</span> <span class='ocrx_word' id='word_1_1077' title='bbox 1208 2641 1277 2667; x_wconf 84' lang='lat' dir='ltr'>quae</span> <span class='ocrx_word' id='word_1_1078' title='bbox 1304 2633 1419 2659; x_wconf 77' lang='lat' dir='ltr'>nuiximc</span> <span class='ocrx_word' id='word_1_1079' title='bbox 1445 2633 1612 2659; x_wconf 79' lang='lat' dir='ltr'>connueudnt</span> <span class='ocrx_word' id='word_1_1080' title='bbox 1639 2643 1706 2659; x_wconf 66' lang='lat' dir='ltr'>reus.</span> 
     </span>
     <span class='ocr_line' id='line_1_143' title="bbox 914 2669 1706 2705; baseline 0 -10"><span class='ocrx_word' id='word_1_1081' title='bbox 914 2669 981 2695; x_wconf 79' lang='lat' dir='ltr'>lleos</span> <span class='ocrx_word' id='word_1_1082' title='bbox 1003 2674 1090 2696; x_wconf 79' lang='lat' dir='ltr'>autem</span> <span class='ocrx_word' id='word_1_1083' title='bbox 1110 2669 1215 2704; x_wconf 79' lang='lat' dir='ltr'>appello</span> <span class='ocrx_word' id='word_1_1084' title='bbox 1234 2679 1284 2696; x_wconf 86' lang='lat' dir='ltr'>non</span> <span class='ocrx_word' id='word_1_1085' title='bbox 1307 2679 1352 2695; x_wconf 77' lang='lat' dir='ltr'>eos</span> <span class='ocrx_word' id='word_1_1086' title='bbox 1371 2670 1457 2698; x_wconf 84' lang='lat' dir='ltr'>modo.</span> <span class='ocrx_word' id='word_1_1087' title='bbox 1482 2672 1528 2705; x_wconf 91' lang='lat' dir='ltr'>qni</span> <span class='ocrx_word' id='word_1_1088' title='bbox 1548 2677 1706 2704; x_wconf 71' lang='lat' dir='ltr'>arguuntur,</span> 
     </span>
    </p>
   </div>
  </div>
 </body>
</html>
