1941 3052
629 129 833 159 BRUTUS.
867 130 964 157 CAP.
988 131 1016 155 31
1040 130 1135 156 -38,

67 204 134 230 Nam
151 203 284 230 invidiosa
303 203 362 239 lege
379 203 496 230 Mamilia
509 202 631 238 quaestio
645 202 673 230 C.
690 202 802 229 Galbam
817 211 861 229 sa-

66 241 199 268 cerdotem
218 246 243 267 et
261 245 387 276 quattuor
400 240 562 271 consulares,
579 241 609 266 L.
624 241 748 271 Bestiam,
766 240 794 266 C.
811 240 861 266 Ca-

67 283 165 310 tonem,
185 278 232 313 Sp.
253 278 381 305 Albinum
400 278 540 312 civemque
555 277 814 312 praestantissimum
828 277 858 303 L.

67 315 215 351 Opimium,
224 316 337 343 Gracchi
347 315 550 346 interfectorem,
563 324 575 340 a
588 315 687 349 populo
695 314 858 345 absolutum,

67 363 153 389 quum
171 354 195 380 is
212 358 301 380 contra
321 353 413 388 populi
432 352 552 379 studium
571 353 695 381 stetisset.
713 352 860 378 Gracchani

67 392 170 418 iudices
189 391 366 417 sustulerunt.
403 392 459 417 129.
479 390 565 416 Η111115
579 389 720 416 (11551311115
735 389 761 415 13
776 389 861 415 1111111-

68 433 131 456 natu
154 428 312 463 reliquaque
335 429 408 454 omni
426 428 480 454 vita
499 428 565 453 civis
580 427 728 461 improbus,
746 427 774 453 C.
791 427 861 452 Lici-

68 467 129 493 nius
143 467 229 493 Nerva
243 475 295 492 non
309 465 455 491 indisertus
471 464 529 491 fuit.
558 464 586 491 C.
603 464 720 490 Fimbria
735 464 861 498 tempori-

67 504 119 531 bus
138 503 234 530 iisdem
252 503 315 535 sere,
335 503 382 529 sed
402 502 507 538 longius
522 506 604 528 aetate
618 506 768 536 proveetuS,
786 501 862 527 habi-

67 546 111 568 tus
129 545 169 568 est
187 549 258 572 sane,
280 545 309 567 ut
323 541 357 567 ita
372 540 467 571 dicam,
484 539 660 569 truculentus,
677 547 762 572 asper,
779 538 862 564 male-

67 579 155 609 dicus,
174 587 270 614 genere
288 582 341 604 toto
359 577 449 613 paullo
463 576 590 603 fervidior
603 580 682 610 atque
696 576 858 606 commotior,

68 616 206 652 diligentia
230 620 318 642 tamen
341 620 366 642 et
388 616 487 641 virtute
509 614 591 640 animi
609 617 688 647 atque
707 613 760 638 vita
775 613 861 638 bonus

68 658 158 680 auctor
175 655 203 680 in
221 658 324 680 senatu.
359 652 431 679 Idem
450 650 594 678 tolerabilis
613 655 740 685 patronus
756 659 803 675 nec
817 659 863 675 ru-

67 691 109 717 dis
131 692 159 717 in
182 691 240 717 iure
263 690 336 717 civili
359 693 384 716 et
406 698 491 724 quum
511 688 617 719 virtute,
639 692 695 713 tum
710 688 789 713 etiam
803 688 861 721 ipso

67 728 193 755 orationis
210 736 306 764 genere
321 727 401 753 liber:
428 727 505 752 euius
519 726 649 752 orationes
664 725 741 759 pueri
757 724 862 760 legeba-

68 775 138 797 mus,
160 774 228 800 quas
245 766 298 791 iam
317 765 431 799 reperire
450 764 496 789 vix
509 771 665 797 possumus.
702 763 758 788 130.
774 762 861 797 Atque

67 804 146 829 etiam
160 803 267 838 ingenio
281 807 306 828 et
319 810 441 828 sermone
455 800 578 836 eleganti,
592 799 745 826 valetudine
761 799 862 825 incom-

67 840 153 871 moda,
175 839 203 867 C.
223 840 330 866 Sextius
349 839 476 866 Calvinus
496 838 559 870 suit3
584 838 631 872 qui
645 838 703 868 etsi,
720 846 805 871 quum
821 846 862 862 re-

67 878 195 904 miserant
207 877 311 904 dolores
325 877 433 912 pedum,
452 884 502 902 non
517 875 605 901 deerat
615 875 643 901 in
653 875 765 905 caussis,
774 879 861 900 tamen

67 915 94 941 id
115 924 167 941 non
191 923 270 949 saepe
293 914 413 941 faciebat.
448 914 539 948 Itaque
557 912 669 939 consilio
687 913 754 943 eius,
775 920 861 947 quum

68 952 199 984 volebant,
220 952 341 979 homines
356 952 506 981 utebantur,
528 950 681 984 patrocinio,
697 959 783 985 quum
800 949 863 975 lice-

67 990 120 1017 bat.
154 989 252 1016 Iisdem
266 989 431 1024 temporibus
446 989 481 1015 M.
497 988 603 1021 Brutus,
624 988 652 1013 in
665 996 720 1022 quo
734 996 861 1022 magnum

68 1027 126 1059 fuit,
146 1028 234 1058 Brute,
256 1027 372 1053 dedecus
390 1027 481 1062 generi
500 1029 596 1056 vestro,
617 1025 674 1059 qui,
690 1033 776 1060 quum
792 1029 862 1050 tanto

68 1065 174 1092 nomine
197 1069 267 1091 esset
285 1069 442 1099 patremque
465 1064 598 1098 optimum
617 1063 705 1088 virum
724 1062 863 1088 habuisset

67 1107 92 1129 et
114 1103 181 1129 iuris
203 1103 407 1137 peritissimum,
431 1101 626 1127 accusationem
645 1099 812 1131 factitaverit,
835 1104 863 1125 ut

67 1140 177 1166 Athenis
200 1140 350 1175 Lyeurgus.
381 1140 406 1165 Is
429 1139 601 1174 magistratus
621 1146 672 1164 non
692 1138 793 1172 petivit,
815 1137 862 1163 sed

67 1177 118 1204 fuit
131 1181 266 1204 accusator
280 1177 425 1204 vehemens
443 1181 468 1202 et
482 1175 619 1206 molestus,
639 1180 666 1201 ut
680 1175 757 1201 facile
771 1183 862 1200 cerne-

67 1223 107 1241 res
126 1214 244 1241 naturale
261 1214 397 1250 quoddam
421 1214 512 1248 stirpis
535 1213 635 1239 bonum
657 1212 862 1247 degeneravisse

67 1253 131 1279 vitio
149 1252 307 1287 depravatae
324 1251 479 1278 voluntatis.
515 1252 571 1276 131.
587 1250 674 1285 Atque
688 1250 780 1276 eodem
795 1254 862 1275 tem-

66 1298 129 1325 pore
153 1294 287 1316 accusator
309 1289 342 1316 de
365 1289 443 1324 plebe
466 1289 496 1314 L.
517 1287 681 1315 Caesulenus
700 1287 759 1319 fuit,
780 1296 861 1322 quem

66 1336 117 1363 ego
131 1327 221 1353 audivi
237 1328 289 1353 iam
304 1335 404 1357 senem,
418 1335 504 1361 quum
518 1326 551 1351 ab
566 1324 720 1351 L.Sabelli0
734 1324 860 1350 muletam

67 1365 124 1401 lege
138 1364 256 1400 Aquillia
270 1365 361 1391 damni
375 1364 472 1390 iniuria
488 1363 634 1397 petivisset.
666 1363 723 1388 Non
739 1362 861 1388 fecissem

67 1402 183 1429 hominis
198 1411 280 1437 paene
294 1402 378 1428 infimi
393 1401 563 1431 mentionem,
581 1400 631 1426 nisi
647 1399 801 1430 iudicarem,
814 1400 861 1434 qui

65 1440 244 1475 suspiciosius
267 1444 312 1465 aut
334 1439 505 1465 criminosius
529 1438 636 1468 diceret,
663 1437 800 1463 audivisse
819 1446 861 1462 me

66 1477 210 1504 neminem.
226 1477 338 1503 XXXV,
354 1477 450 1502 Doctus
465 1476 543 1502 etiam
559 1475 666 1501 Graecis
681 1474 858 1504 sathan-ius,

67 1515 107 1541 vel
132 1515 221 1549 potius
244 1523 327 1549 paene
346 1514 473 1540 Graecus.
508 1513 622 1547 Loquor,
641 1516 670 1538 ut
684 1512 790 1546 opinor:
814 1511 860 1537 sed

66 1552 127 1578 licet
148 1561 181 1578 ex
202 1551 368 1578 orationibus
391 1551 517 1577 iudicare.
553 1551 614 1576 Fuit
637 1554 726 1575 autem
749 1549 860 1575 Athenis

66 1589 232 1620 adolescens,
259 1588 392 1624 perfectus
415 1589 565 1623 Epicureus
592 1591 723 1619 evaserat,
750 1587 861 1613 minime

66 1631 157 1662 aptum
172 1627 202 1653 ad
218 1626 362 1653 dicendum
377 1635 472 1662 genus.

123 1666 179 1691 ⁴3⁶2.
200 1665 253 1690 Iam
271 1664 303 1696 Q.
324 1663 447 1693 Catulus,
465 1671 516 1689 uon
531 1663 641 1697 antiquo
655 1661 701 1687 illo
715 1669 796 1692 more,
813 1661 860 1687 sed

65 1702 115 1729 hoc
128 1706 225 1733 nostro,
242 1702 294 1728 nisi
308 1701 374 1736 quid
389 1701 444 1727 sieri
459 1704 545 1735 potest
559 1700 711 1735 perfectius,
728 1699 858 1725 eruditus.

65 1739 163 1766 Multae
183 1739 296 1770 litterae,
317 1747 423 1765 summa
438 1747 489 1764 non
504 1738 573 1764 vitae
587 1737 675 1764 solum
690 1741 769 1771 atque
784 1741 861 1762 natu—

65 1785 121 1808 rae,
145 1776 192 1803 sed
215 1777 340 1803 orationis
362 1777 441 1802 etiam
464 1776 587 1805 comitas,
609 1776 760 1809 incorrupta
778 1782 861 1808 quae-

65 1814 126 1840 dam
141 1814 226 1840 Latini
241 1814 371 1840 sermonis
385 1814 537 1849 integritas3
565 1821 634 1847 quae
648 1812 763 1847 perspici
775 1820 859 1846 quum

65 1860 98 1878 ex
115 1851 280 1878 orationibus
295 1852 353 1878 eius
367 1855 461 1886 potest,
479 1855 534 1877 tum
551 1850 676 1876 facillime
690 1858 724 1875 ex
737 1858 767 1876 00
783 1849 857 1880 libro,

65 1898 145 1924 quem
168 1889 200 1915 de
215 1889 355 1915 consulatu
374 1893 400 1915 et
417 1888 449 1914 de
468 1888 548 1914 rebus
568 1888 650 1923 gestis
669 1887 726 1913 suis
744 1887 861 1913 conscri—

65 1931 140 1961 ptum
164 1926 238 1953 molli
262 1931 287 1952 et
305 1926 499 1961 Xenophonteo
518 1933 614 1958 genere
637 1925 768 1951 sermonis
788 1924 861 1950 misit.

65 1964 97 1990 ad
115 1964 147 1990 A.
167 1964 278 1990 Furium
298 1968 416 1999 poetam,
439 1963 595 1989 familiarem
614 1971 709 1988 suum:
732 1961 777 1996 qui
795 1961 862 1987 liber

66 2001 149 2027 nihilo
168 2002 252 2028 notior
265 2005 314 2032 est,
330 2010 411 2036 quam
428 2000 465 2026 illi
481 2005 541 2030 1105,
558 2000 590 2025 (10
605 2000 705 2034 quibus
720 2004 779 2025 ante
793 1998 858 2030 (lixi,

65 2038 157 2065 Scauri
181 2038 252 2065 libri.
288 2040 344 2065 133.
369 2039 436 2064 Tum
461 2038 572 2064 Brutus:
600 2037 665 2063 Mihi
684 2036 794 2072 quidem
814 2045 862 2062 nec-

65 2076 114 2102 iste
129 2080 206 2102 notus
220 2079 272 2107 est,
287 2084 334 2102 nec
346 2075 400 2108 illi;
423 2075 469 2101 sed
481 2075 543 2101 11300
554 2083 611 2100 mea
622 2074 701 2109 culpa
712 2078 765 2100 est:
782 2082 861 2100 num-

65 2122 145 2149 quam
160 2113 231 2139 enim
246 2113 272 2139 in
287 2121 383 2139 manus
397 2112 561 2144 inciderunt,
584 2120 656 2138 nunc
669 2116 757 2138 autem
772 2116 797 2137 et
810 2120 823 2136 a
837 2116 860 2137 10

65 2159 169 2177 sumam
193 2155 218 2177 et
239 2151 396 2185 conquiram
416 2150 465 2176 ista
489 2149 598 2184 posthac
621 2149 764 2175 curiosius.
800 2149 861 2175 Fuit

65 2188 147 2224 igitur
172 2188 200 2214 in
223 2187 316 2215 Catulo
339 2196 425 2213 sermo
445 2188 568 2219 Latinus;
591 2195 659 2221 quae
678 2186 736 2213 laus
754 2186 860 2212 dicendi

66 2234 117 2252 non
135 2225 277 2252 mediocris
302 2225 334 2251 al)
353 2225 501 2251 oratoribus
520 2224 656 2259 plerisque
676 2224 794 2260 neglecta
809 2228 857 2250 est.

65 2262 131 2289 Nam
149 2262 182 2289 de
200 2271 265 2289 sono
285 2263 357 2289 vocis
376 2267 400 2288 et
412 2263 542 2288 suavitate
556 2261 775 2296 appellandarum
792 2261 861 2287 11110-

66 2308 167 2330 rarum,
188 2301 315 2335 quoniam
336 2300 421 2326 silium
440 2299 602 2336 cognovisti,
624 2299 677 2325 noli
695 2303 857 2333 exspectare,

65 2337 132 2372 quid
153 2337 249 2364 dicam.
284 2337 453 2372 Quamquam
473 2337 545 2363 lilius
563 2336 673 2371 quidem
693 2345 745 2363 non
764 2336 815 2363 suit
832 2336 859 2362 in

65 2379 196 2401 oratorum
218 2383 341 2406 numero,
361 2375 407 2401 sed
427 2383 478 2400 303
497 2374 586 2400 deerat
604 2374 627 2400 ei
647 2378 734 2400 tamen
752 2374 780 2400 in
798 2382 859 2400 503-

67 2412 145 2438 tentia
164 2412 275 2438 dicenda
294 2421 378 2448 quum
398 2411 551 2447 prudentia,
573 2415 628 2437 tum
648 2411 755 2447 elegans
773 2410 860 2446 quotl-

66 2448 125 2475 dam
144 2454 169 2476 et
186 2449 322 2476 eruditum
341 2450 465 2476 orationis
479 2457 575 2484 genus.
609 2449 667 2474 131.
684 2449 737 2474 Nec
752 2448 859 2475 habitus

65 2491 105 2513 est
122 2491 209 2513 tamen
224 2491 297 2522 pater
311 2488 368 2522 ipse
383 2486 493 2514 Catulus
508 2487 632 2521 princeps
646 2486 673 2512 in
688 2494 800 2512 numero
814 2495 860 2520 pa-

66 2527 215 2556 tronorum;
238 2524 285 2550 sed
304 2529 358 2551 erat
376 2524 449 2555 talis,
471 2528 512 2554 ut,
533 2532 618 2558 quum
637 2523 768 2558 quosdam
783 2523 860 2549 audi-

66 2568 121 2592 res,
141 2562 189 2596 qui
208 2565 265 2588 tum
285 2566 359 2588 erant
377 2566 554 2597 praestantes,
572 2561 706 2587 videretur
719 2569 778 2586 esse
792 2560 861 2586 inse—

67 2597 131 2624 rior:
153 2606 238 2633 quum
253 2604 341 2625 autem
356 2600 446 2634 ipsum
459 2599 566 2625 audires
581 2598 638 2624 sine
652 2598 857 2632 comparatione,

67 2643 117 2662 non
132 2635 209 2663 modo
223 2640 362 2663 contentus
376 2645 458 2667 esses,
474 2636 522 2662 sed
537 2635 633 2662 melius
645 2644 695 2661 non
707 2643 858 2670 quaereres.

69 2673 123 2699 ⁴35.
143 2672 174 2705 Q.
195 2673 318 2700 Metellus
337 2674 496 2701 Numidicus
511 2678 536 2700 01
549 2674 608 2700 eius
623 2672 724 2709 collega
740 2673 774 2699 M.
792 2672 860 2699 Sila-
882 2692 884 2700 1

1659 135 1706 159 14ἷὶ

913 211 964 228 nus
982 201 1106 228 dicebant
1124 202 1156 228 de
1176 201 1324 237 republica,
1347 202 1418 236 quod
1438 206 1506 228 esset
1524 202 1579 228 illis
1598 204 1662 229 viris
1682 209 1706 230 01

912 238 1046 266 consulari
1064 239 1187 275 dignitati
1207 240 1281 265 satis.
1316 239 1351 265 M.
1374 239 1499 266 Aurelius
1519 239 1635 267 Scaurus
1656 250 1706 267 3011

912 285 991 311 saepe
1009 277 1125 308 dicebat,
1147 277 1194 303 sed
1214 277 1306 311 polite,
1336 277 1427 302 Latine
1443 286 1504 303 vero
1517 278 1544 303 in
1559 278 1654 311 primis
1669 283 1708 304 est

912 314 1046 349 eleganter
1068 314 1182 340 locutus.
1216 314 1289 346 Quae
1312 314 1369 339 laus
1390 314 1481 340 eadem
1505 315 1531 340 in
1556 316 1586 340 A.
1611 315 1708 341 Albino

913 351 980 377 bene
1004 352 1130 386 loquendi
1154 351 1212 378 fuit.
1248 353 1315 378 Nam
1334 351 1429 378 flamen
1448 352 1563 378 Albinus
1583 353 1661 378 etiam
1681 353 1708 378 in

913 398 1024 415 numero
1047 394 1086 415 est
1109 389 1217 415 habitus
1240 389 1410 415 disertorum.
1445 389 1476 421 Q.
1501 390 1580 415 ctiam
1601 390 1706 424 Caepio,

915 427 956 452 vir
979 435 1038 452 acer
1057 431 1081 452 et
1096 426 1184 458 sortis,
1205 427 1249 453 cui
1268 427 1371 452 fortuna
1394 426 1457 452 belli
1476 428 1590 459 crimini,
1607 427 1708 454 invidia

914 464 1006 498 populi
1025 463 1168 490 calamitati
1188 464 1247 490 fuit.
1282 464 1406 490 XXXVI.
1429 466 1485 490 136,
1502 465 1570 490 Tum
1584 466 1663 491 etiam
1678 464 1706 491 C.

913 505 938 527 et
960 502 990 527 L.
1011 502 1130 527 Memmii
1154 501 1263 527 fuerunt
1286 506 1400 527 oratores
1423 502 1582 533 mediocres,
1601 511 1709 528 accusa-

913 543 982 564 tores
1000 547 1072 564 acres
1091 543 1170 573 atque
1189 539 1284 565 acerbi.
1318 540 1408 574 ltaque
1427 540 1453 565 in
1468 539 1599 566 iudicium
1614 540 1708 574 capitis

913 575 1011 601 multos
1038 581 1212 606 vocaverunt,
1240 585 1286 610 pro
1309 578 1360 602 reis
1388 586 1439 602 non
1466 586 1545 611 saepe
1571 577 1707 603 dixerunt.

914 613 960 647 Sp.
980 613 1094 639 Thorius
1114 613 1177 639 satis
1197 613 1280 639 valuit
1300 613 1324 639 in
1346 614 1465 648 populari
1484 623 1581 649 genere
1591 614 1706 644 dicendi,

913 651 950 681 is,
967 651 1015 685 qui
1030 659 1123 685 agrum
1139 650 1278 684 publicum
1293 651 1385 677 vitiosa
1402 657 1425 677 01
1441 652 1528 677 inutili
1548 652 1605 687 lege
1625 653 1709 678 vecti-

912 688 966 723 gali
985 688 1092 713 levavit.
1126 688 1161 713 M.
1183 688 1323 714 Marcellus
1342 688 1479 714 Aesernini
1500 694 1580 723 pater,
1598 698 1649 716 non
1664 689 1709 715 ille

913 725 1023 759 quidem
1043 725 1069 750 in
1082 726 1212 759 patronis,
1230 725 1276 751 sed
1291 730 1315 751 et
1330 726 1356 751 in
1372 727 1501 760 promptis
1516 731 1603 752 tamen
1618 732 1642 753 et
1657 735 1709 752 non

913 763 1093 788 inexercitatis
1108 762 1141 788 ad
1155 762 1298 788 dicendum
1316 762 1373 794 fuit,
1392 767 1420 789 ut
1435 764 1505 789 tilius
1520 764 1586 795 eius,
1600 765 1628 790 P.
1641 765 1709 790 Len-

914 799 996 826 tulus.
1034 801 1090 825 137.
1116 800 1146 825 L.
1171 801 1250 826 etiam
1274 800 1360 830 Cotta,
1384 802 1544 835 praetorius⁷
1565 802 1709 827 1311101110-

913 838 998 863 crium
1022 842 1154 863 oratorum
1180 846 1303 868 numero,
1330 838 1435 864 dit-endi
1459 847 1511 864 uon
1534 839 1569 864 ita
1593 839 1708 864 multum

914 874 992 901 laude
1014 879 1191 909 processerat,
1218 875 1265 901 sed
1289 875 1322 901 de
1346 875 1476 901 industria
1499 885 1584 910 quum
1608 876 1706 906 verbis,

914 917 970 938 tum
990 913 1068 938 etiam
1087 913 1145 946 ipso
1164 921 1228 938 sono
1243 913 1320 947 quasi
1335 913 1709 948 subrusticoprosequebatur

913 956 992 985 atquc
1006 950 1160 976 imitabatur
1173 951 1368 985 antiquitatem.

969 987 1055 1022 Atque
1072 996 1120 1023 ego
1139 992 1163 1013 et
1182 988 1209 1013 in
1229 988 1277 1013 hoc
1292 989 1350 1022 ipso
1369 988 1442 1014 Cotta
1460 992 1485 1014 et
1503 989 1531 1014 in
1549 988 1609 1014 aliis
1624 988 1709 1023 pluri-

914 1025 965 1051 bus
977 1024 1099 1060 intelligo
1112 1034 1155 1051 me
1170 1034 1221 1051 non
1236 1026 1271 1051 ita
1282 1025 1395 1052 disertos
1410 1026 1532 1051 homines
1547 1030 1572 1052 et
1585 1026 1709 1052 retulisse

914 1063 940 1088 in
956 1067 1089 1088 oratorum
1108 1071 1251 1088 numerum
1271 1067 1296 1089 et
1314 1063 1470 1089 relaturum.
1501 1063 1548 1089 Est
1566 1064 1637 1090 enim
1649 1072 1710 1098 pro-

914 1101 1031 1134 positum
1054 1099 1179 1136 colligere
1203 1109 1261 1131 eos,
1287 1102 1333 1135 qui
1357 1101 1406 1127 hoc
1429 1102 1585 1127 3111301013
1603 1102 1710 1127 civitate

914 1137 998 1163 functi
1021 1138 1087 1168 sint,
1115 1142 1144 1164 ut
1166 1142 1285 1164 tenerent
1307 1143 1439 1164 oratorum
1464 1138 1566 1171 loeum3
1593 1147 1709 1174 quorum

912 1175 1023 1210 quidem
1046 1184 1114 1209 quae
1138 1174 1218 1201 suerit
1239 1177 1371 1202 ascensio.
1392 1180 1417 1202 et
1435 1184 1516 1211 quam
1537 1177 1565 1202 in
1582 1176 1709 1202 omnibus

914 1213 994 1239 rebus
1016 1212 1135 1238 diflicilis
1153 1214 1248 1247 optimi
1266 1213 1393 1248 perfectio
1412 1218 1491 1248 atque
1509 1213 1655 1245 absolutio,
1677 1223 1709 1240 ex

913 1259 951 1281 eo,
968 1250 1040 1285 quod
1054 1250 1151 1281 dicam,
1169 1251 1316 1277 existimari
1332 1255 1426 1285 potest.
1462 1253 1519 1277 138.
1535 1251 1620 1283 Quam
1632 1252 1708 1278 multi

912 1288 984 1314 enim
1010 1289 1062 1314 iam
1083 1293 1198 1314 oratores
1222 1289 1420 1315 commemorati
1438 1293 1502 1315 sunt
1520 1293 1544 1315 et
1562 1298 1643 1324 quam
1662 1290 1708 1315 ‹liu

913 1326 940 1352 in
954 1334 1045 1351 eorum
1062 1326 1261 1352 enumeratione
1275 1335 1422 1358 versamur,
1439 1335 1525 1361 quum
1539 1331 1627 1353 tamen
1639 1328 1710 1361 spis-

912 1372 940 1389 se
958 1367 1038 1397 atque
1058 1364 1115 1394 vix,
1138 1368 1165 1389 ut
1183 1363 1287 1390 dudum
1307 1364 1340 1389 ad
1359 1364 1564 1390 Demosthenem
1582 1369 1607 1390 et
1621 1365 1709 1400 Hype-

913 1400 1011 1431 ridem,
1030 1401 1069 1426 sic
1088 1410 1158 1426 nunc
1177 1401 1209 1427 ad
1228 1401 1373 1427 Antonium
1391 1402 1572 1436 Crassumque
1587 1403 1709 1436 perveni-

913 1438 988 1464 mus!
1023 1438 1089 1464 Nam
1115 1447 1163 1473 ego
1189 1438 1228 1464 sic
1254 1439 1387 1469 existimo,
1417 1439 1465 1465 hos
1488 1443 1603 1465 oratores
1626 1439 1709 1465 fuisse

912 1476 1044 1502 maximos
1066 1480 1092 1501 et
1114 1476 1140 1501 in
1165 1476 1207 1501 his
1230 1477 1425 1510 primumcum
1446 1476 1607 1503 Graecorum
1626 1477 1709 1512 gloria

913 1513 1004 1539 Latine
1030 1512 1137 1539 dicendi
1163 1514 1266 1547 copiam
1293 1518 1442 1548 aequatam.

968 1550 1104 1577 XXXVII.
1132 1552 1188 1576 139.
1205 1550 1299 1577 0111313
1315 1551 1456 1577 veniebant
1468 1550 1581 1577 Antonio
1596 1552 1622 1577 in
1635 1560 1710 1578 11103-

913 1592 980 1621 1031;
1002 1596 1086 1622 eaque
1105 1596 1154 1614 suo
1172 1597 1295 1623 quaeque
1316 1588 1383 1619 1300,
1405 1589 1450 1614 11111
1466 1588 1614 1623 plurimum
1630 1589 1710 1624 proli-

912 1634 971 1651 cere
989 1629 1014 1651 et
1033 1625 1120 1651 valere
1139 1630 1256 1660 possent,
1274 1630 1302 1652 ut
1314 1626 1346 1651 ab
1361 1627 1518 1661 imperatore
1533 1627 1645 1661 equites,
1663 1635 1710 1661 pe-

912 1662 990 1693 dites,
1008 1662 1074 1688 levis
1089 1668 1229 1693 armatura,
1247 1663 1285 1689 sic
1299 1663 1331 1689 ab
1347 1663 1392 1689 illo
1406 1664 1433 1689 in
1448 1664 1564 1690 maxime
1582 1669 1710 1698 opportu-

913 1701 954 1726 nis
978 1701 1102 1726 orationis
1127 1701 1247 1734 partibus
1265 1700 1470 1727 collocabantur.
1503 1702 1564 1727 Erat
1583 1703 1708 1727 memoria

912 1746 1032 1768 summa,
1075 1738 1148 1764 nulla
1180 1738 1359 1764 meditationis
1389 1739 1517 1773 suspicio.
1561 1739 1708 1773 Imparatus

911 1784 1017 1810 semper
1036 1776 1143 1810 aggredi
1164 1775 1196 1801 ad
1210 1776 1353 1801 dicendum
1369 1775 1522 1802 videbatur.-
1545 1776 1592 1802 sed
1606 1777 1641 1802 ita
1656 1782 1710 1803 0131

912 1818 1032 1848 paratus,
1054 1818 1082 1838 111
1097 1813 1211 1843 iudices,
1229 1813 1275 1839 illo
1288 1813 1400 1844 dicente,
1419 1822 1620 1848 nonnumquam
1635 1814 1710 1840 vide-

913 1855 1003 1876 rentur
1015 1859 1066 1876 non
1077 1851 1141 1876 satis
1153 1851 1236 1885 parati
1247 1850 1278 1877 ad
1291 1851 1439 1877 cavendum
1449 1851 1541 1877 fuisse.
1559 1853 1615 1878 110.
1625 1852 1708 1878 Verba

912 1889 979 1922 ipsa,
996 1897 1048 1914 non
1063 1888 1107 1914 illa
1122 1888 1231 1922 quidem
1247 1888 1447 1923 elegantissimo
1461 1897 1596 1915 sermone:
1621 1891 1709 1924 itaque

911 1926 1054 1961 diligenter
1078 1925 1203 1960 loquendi
1229 1926 1305 1952 laude
1324 1927 1417 1952 caruit.
1453 1927 1545 1961 Neque
1564 1931 1651 1953 tamen
1670 1932 1709 1953 est

912 1963 1056 1989 admodum
1077 1964 1214 1998 inquinate
1234 1963 1351 1989 locutus:
1375 1963 1422 1989 sed
1442 1963 1499 1994 illa,
1520 1972 1589 1998 quae
1605 1965 1708 1999 proprie

913 2000 970 2026 laus
989 2001 1098 2026 oratoris
1117 2005 1156 2026 est
1172 2001 1197 2027 in
1213 2001 1314 2027 verhis:
1338 2002 1408 2036 (nam
1424 2002 1513 2035 ipsum
1531 2002 1620 2028 Latine
1637 2002 1707 2037 loqui

911 2043 951 2064 est
964 2038 1033 2064 illud
1047 2038 1167 2073 quidem,
1184 2043 1212 2064 ut
1227 2038 1317 2073 paullo
1330 2043 1389 2065 ante
1403 2038 1468 2069 dixi,
1486 2039 1512 2064 in
1524 2048 1618 2074 magna
1633 2039 1708 2065 laude

913 2075 1079 2110 ponendum,
1101 2075 1147 2101 5011
1168 2084 1219 2102 3011
1239 2080 1290 2102 tam
1306 2085 1353 2101 sua
1369 2081 1470 2110 sponte,
1487 2085 1569 2111 quam
1583 2077 1654 2111 quod
1669 2082 1709 2102 est

912 2122 925 2139 a
947 2113 1082 2148 plerisque
1107 2113 1266 2148 neglectum.
1302 2114 1358 2139 Non
1381 2114 1452 2139 enim
1471 2118 1524 2140 tam
1544 2114 1706 2148 praeclarum

912 2155 951 2176 est
968 2151 1035 2176 scire
1054 2151 1158 2181 Latine,
1179 2159 1260 2185 quam
1280 2155 1355 2185 turpe
1375 2151 1489 2177 nescire:
1514 2160 1600 2186 neque
1615 2156 1666 2177 tam
1682 2152 1707 2177 id

913 2188 979 2214 mihi
997 2188 1107 2214 oratoris
1128 2188 1202 2219 boni,
1219 2197 1300 2223 quam
1315 2189 1382 2214 civis
1393 2189 1503 2215 Romani
1519 2189 1655 2223 propi-ium
1668 2190 1708 2214 vi-

911 2225 1015 2260 detur:)
1035 2225 1082 2251 sed
1106 2230 1192 2251 tamen
1215 2225 1347 2252 Antonius
1368 2226 1394 2252 in
1415 2226 1504 2252 verbis
1522 2231 1547 2251 et
1566 2226 1705 2259 eligendis,

912 2271 998 2298 neque
1017 2262 1044 2288 id
1062 2263 1152 2297 ipsum
1173 2267 1224 2288 tam
1246 2262 1342 2297 leporis
1356 2272 1459 2293 0311553,
1475 2271 1556 2297 quam
1572 2260 1705 2297 ponderis,

911 2305 937 2326 et
959 2299 1120 2326 collocandis
1138 2304 1163 2326 01
1181 2300 1419 2335 comprehensione
1437 2300 1621 2326 devint-iendis
1641 2301 1706 2326 nihil

913 2346 963 2364 nou
987 2337 1019 2363 ad
1043 2338 1169 2363 rationem
1194 2342 1219 2363 et
1242 2342 1377 2372 tamquam
1401 2337 1432 2363 311
1456 2343 1537 2363 artem
1561 2337 1705 2371 dirigebat.

912 2383 1005 2400 verum
1024 2374 1108 2400 multo
1128 2375 1212 2409 magis
1232 2374 1281 2401 hoo
1299 2375 1369 2400 idem
1385 2375 1410 2400 in
1426 2375 1615 2401 sententiarum
1631 2385 1707 2401 urna-

912 2412 1008 2438 mentis
1032 2416 1056 2437 01
1075 2411 1339 2438 0011[111-11131103111115.
1377 2413 1433 2438 111.
1453 2412 1511 2443 Quo
1529 2421 1625 2447 genere
1644 2413 1706 2447 quia

912 2452 1026 2483 praestat
1043 2449 1169 2474 omnibus
1189 2449 1391 2479 Demosthenes,
1413 2449 1511 2475 11101100
1524 2458 1537 2475 a
1552 2449 1635 2476 doctis
1649 2460 1707 2476 111-11-

912 2491 998 2512 torum
1021 2491 1059 2511 est
1083 2486 1207 2520 princeps
1226 2486 1369 2512 iudicatus.
1405 2487 1529 2521 Σχιζμηιιι
1548 2488 1618 2513 euim
1638 2496 1706 2522 quae

912 2528 1005 2549 vocant
1027 2523 1133 2553 Graeci,
1154 2531 1182 2549 03
1202 2524 1317 2549 maxime
1336 2529 1427 2549 ornant
1442 2525 1600 2553 orationem:
1623 2534 1706 2560 euque

912 2570 963 2587 non
979 2565 1030 2587 tam
1046 2561 1072 2586 in
1088 2561 1176 2586 verbis
1192 2561 1333 2595 pingendis
1349 2561 1444 2587 hahent
1461 2561 1574 2595 pondus,
1586 2571 1666 2597 quam
1680 2564 1705 2588 in

912 2597 1097 2624 illuminandis
1115 2598 1264 2624 sententiis.
1300 2598 1446 2625 xxxviii.
1467 2598 1518 2625 Sed
1537 2608 1622 2634 quum
1643 2600 1706 2625 11300

912 2644 1006 2671 magna
1021 2635 1047 2661 iu
1064 2635 1186 2666 Antonio,
1203 2640 1259 2662 tum
1274 2637 1341 2662 actio
1351 2635 1510 2671 singularis:
1532 2646 1600 2672 quae
1612 2638 1634 2663 si
1647 2646 1706 2671 par>

913 2673 998 2699 tieudu
1021 2677 1059 2699 est
1080 2673 1105 2698 in
1124 2678 1229 2708 gestum
1249 2678 1327 2708 atquc
1347 2682 1451 2704 vocem,
1471 2679 1563 2709 gestus
1581 2679 1634 2700 0131
1654 2683 1704 2701 non

1469 2723 1496 2746 to
