1941 3052
432 151 617 178 ORATIO
650 153 697 178 IN
729 152 759 178 L.
793 152 1026 179 PISONEM.

73 222 120 249 tuli
142 222 276 253 continuo,
295 222 365 248 sicut
380 226 424 249 tua
441 222 483 249 lex
498 223 621 250 iubebat:
644 232 731 258 neque
746 222 798 250 alia
814 223 868 250 ulla

71 261 97 287 in
114 268 141 286 re
157 259 209 295 legi
225 263 285 285 tuae
301 260 387 294 parui.
437 260 508 292 Quas
523 261 636 287 rationes
648 261 671 287 si
681 261 812 297 cognoris,
826 262 868 287 in-

70 297 185 333 telliges,
206 297 308 323 nemini
323 297 395 332 plus,
413 306 494 332 quam
511 298 587 329 mihi,
607 298 706 324 litteras
722 298 866 333 profuisse.

71 336 107 361 Ita
126 335 198 360 enim
218 338 282 360 sunt
295 335 458 369 perscriptae
474 336 539 361 scite
554 340 579 362 et
591 335 711 367 litterate,
730 340 759 362 ut
770 336 865 367 scriba,

70 372 103 398 ad
123 372 255 398 aerarium
275 372 322 406 qui
343 380 388 398 eas
408 372 511 403 retulit,
535 373 689 407 perscriptis
708 373 865 404 rationibus,

70 418 162 436 secum
173 410 241 444 ipse,
258 414 339 444 caput
349 410 458 436 sinistra
471 419 551 436 manu
563 410 719 445 perfricans,
733 419 869 437 commur-

71 451 192 473 muratus
202 447 246 478 sit,

126 485 201 510 Ratio
214 486 316 518 quidem
326 486 409 511 hercle
422 488 538 518 apparet,
551 489 685 518 aryeulum
697 486 802 518 oijgsmi.

123 521 178 548 Hac
202 526 231 548 tu
256 522 386 553 oratione,
410 531 462 548 non
487 522 595 552 dubito,
617 523 684 556 quin
710 522 789 548 illum
814 522 866 548 iam

70 558 257 586 ascendentem
269 559 296 585 in
307 568 415 585 currum
429 559 516 593 possis
528 567 659 585 revocare.
681 559 778 585 XXVI.
792 561 833 585 62.
846 559 868 586 O

70 596 202 628 tenebrae,
226 605 241 622 o
258 596 354 627 lutum,
372 605 387 622 o
402 596 503 627 sordes,
517 605 532 622 0
543 596 645 631 paterni
656 597 762 632 generis
773 596 864 627 oblite,

70 633 183 661 materni
204 634 250 660 vix
265 634 380 660 memor!
413 634 447 660 ita
464 634 553 660 nescio
571 633 639 668 quid
657 634 726 659 istuc
742 633 864 665 fractum,

70 671 186 702 humile,
213 671 375 702 demissum,
403 671 555 702 sordidum,
580 670 694 697 inferius
715 670 795 697 etiam
816 676 864 702 est,

70 717 151 743 quam
162 713 192 735 ut
201 708 393 735 Mediolanensi
405 716 542 743 praecone,
556 716 605 734 avo
615 712 669 739 tuo,
683 708 795 743 dignum
808 717 867 735 esse

69 746 202 772 videatur.
242 746 272 772 L.
295 745 416 777 Crassus,
434 746 513 772 homo
528 745 746 780 sapientissimus
762 750 867 772 nostrae

69 783 194 814 civitatis,
216 782 328 818 spiculis
349 791 431 817 prope
450 787 584 809 scrutatus
599 786 640 808 est
654 782 744 817 Alpes,
762 787 801 814 ut,
819 783 867 809 ubi

69 820 155 847 hostis
174 829 226 847 non
241 824 303 851 erat,
326 820 364 846 ibi
380 820 511 854 triumphi
521 828 643 846 caussam
655 820 773 855 aliquam
783 829 868 855 quae-

69 862 150 884 reret:
172 857 264 883 eadem
275 857 420 892 cupiditate
431 858 472 883 vir
482 865 589 884 summo
600 857 707 893 ingenio
718 858 864 892 praeditus,

69 895 98 922 C.
120 894 202 926 Cotta,
224 894 299 921 nullo
309 899 379 921 certo
394 895 478 925 hoste,
491 893 621 930 flagravit.
662 895 761 921 Eorum
774 900 867 922 neuter

69 932 258 967 triumphavit3
272 932 345 967 quod
357 932 431 958 alteri
443 932 521 958 illum
532 932 659 958 honorem
671 932 781 968 collega,
790 932 865 959 alteri

68 978 140 996 mors
151 969 259 996 ademit.
294 970 373 996 Irrisa
384 970 431 996 abs
443 974 467 996 te
480 969 571 1004 paullo
582 974 642 996 ante
653 970 688 996 M.
702 970 807 996 Pisonis
819 979 867 996 cn-

67 1007 166 1042 piditas
186 1006 380 1041 triumphandi,
389 1016 403 1033 a
413 1015 466 1042 qua
479 1012 503 1034 te
515 1007 592 1042 longe
602 1007 696 1033 dixisti
707 1007 864 1034 abhorrere:

66 1045 115 1079 qui
126 1044 231 1071 etiamsi
246 1045 337 1071 minus
347 1053 475 1080 magnum
487 1044 589 1071 bellum
600 1049 727 1080 gesserat,
740 1050 771 1071 ut
781 1045 829 1071 abs
841 1050 866 1071 te

66 1081 169 1109 dictum
183 1085 231 1113 est,
244 1086 331 1108 tamen
344 1082 426 1109 istum
438 1082 564 1109 honorem
576 1082 801 1109 contemnendum
813 1092 865 1109 non

67 1119 180 1154 putavit.
212 1120 261 1150 Tu,
274 1119 411 1150 eruditior,
424 1128 504 1154 quam
516 1120 590 1150 Piso,
604 1119 769 1154 prudentior,
782 1129 864 1155 quam

67 1158 153 1188 (lotta,
171 1156 349 1183 abundantior
363 1156 484 1188 consilio,
499 1158 615 1192 ingenio,
629 1158 768 1192 sapientia,
782 1166 864 1193 quam

67 1194 188 1225 Crassus,
201 1202 231 1221 ea
242 1194 476 1229 contemnis,quae
487 1194 527 1220 illi
538 1194 643 1226 idiotae,
653 1199 682 1221 ut
692 1199 721 1221 tu
733 1195 861 1230 appellas,

67 1231 199 1266 praeclara
220 1231 364 1258 duxerunt.
396 1234 437 1258 63.
458 1231 536 1264 Quod
551 1232 574 1258 si
593 1232 777 1267 reprehendis,
791 1233 864 1268 quod

66 1268 158 1304 cupidi
170 1268 274 1295 laureae
286 1269 393 1300 fuerint,
406 1277 491 1304 quum
504 1269 573 1296 bella
585 1274 630 1296 aut
642 1278 722 1304 parva
735 1274 780 1296 aut
790 1270 864 1296 nulla

65 1307 227 1342 gessissent:
240 1310 278 1337 tu,
291 1307 371 1333 tantis
384 1307 538 1333 nationibus
549 1307 677 1338 subactis,
692 1308 772 1334 tantis
782 1308 863 1334 rebus

65 1344 159 1379 gestiS,
173 1344 283 1370 minime
294 1343 411 1370 fructum
424 1343 545 1370 laborum
557 1348 674 1376 tuorum,
688 1345 805 1379 praemia
818 1353 863 1380 pe-

67 1381 220 1412 riculorum,
235 1381 342 1408 virtutis
354 1381 469 1417 insignia
480 1386 650 1408 contemnere
661 1382 790 1408 debuisti.
812 1383 865 1409 Ne-

65 1427 119 1453 que
140 1427 202 1445 vero
216 1419 410 1453 contempsisti,
424 1419 462 1445 sis
480 1419 540 1445 licet
555 1419 691 1446 Themista
702 1420 861 1454 sapientiorÎ‡,
885 1438 887 1447 .

65 1455 112 1482 >ed
140 1464 169 1482 os
203 1460 280 1483 tuum
312 1456 427 1483 ferreum
453 1460 562 1483 senatus
585 1457 706 1484 convicio
730 1457 863 1484 verberari
885 1459 887 1467 '

67 1493 185 1520 noluisti.

121 1531 174 1557 Iam
190 1530 274 1562 vides,
296 1530 516 1566 quandoquidem
534 1531 567 1558 ita
583 1531 706 1558 mihimet
721 1531 760 1558 fui
772 1532 864 1558 inimi-

64 1577 122 1599 cus,
148 1572 177 1594 ut
192 1576 234 1594 me
250 1572 337 1595 tecum
352 1576 542 1603 compararem,
563 1573 589 1595 et
601 1568 760 1604 degressum
773 1578 862 1596 meum

65 1610 90 1632 et
111 1605 258 1632 absentiam
275 1610 300 1631 et
316 1605 430 1632 reditum
448 1606 483 1632 ita
501 1605 578 1641 longe
590 1610 634 1632 tuo
646 1607 821 1641 praestitisse.
834 1611 864 1633 ut

65 1643 132 1669 mihi
153 1642 198 1669 illa
217 1643 306 1669 omnia
326 1642 502 1669 immortalem
524 1643 635 1678 gloriam
656 1643 791 1675 dederint,
814 1645 862 1670 tibi

64 1680 254 1715 sempiternam
289 1680 482 1715 turpitudinem
513 1680 668 1707 inflixerint.
718 1682 759 1708 64.
791 1682 862 1708 Num

64 1718 143 1744 etiam
155 1718 183 1744 in
196 1717 246 1744 hac
256 1718 410 1753 quotidiana
422 1717 531 1744 assidua
542 1718 698 1753 urbanaque
710 1719 762 1745 vita
770 1718 863 1754 splen-

63 1755 154 1782 dorem
171 1759 258 1786 tuum,
274 1755 396 1791 gratiam,
409 1754 590 1782 celebritatem
602 1755 784 1787 domesticam,
798 1766 862 1791 ope-

64 1801 120 1819 ram
145 1791 291 1823 forensem,
314 1792 472 1823 consilium,
495 1793 643 1824 auxilium,
666 1794 859 1825 auctoritatem,

64 1830 221 1856 sententiam
243 1831 401 1857 senatoriam
422 1830 500 1857 nobis
518 1834 577 1862 aut,
600 1834 630 1857 ut
649 1831 741 1857 verius
763 1831 859 1863 dicam,

63 1867 190 1902 cuiquam
201 1875 229 1894 es
240 1867 332 1894 infimo
345 1876 375 1894 ac
388 1867 608 1902 desperatissimo
621 1868 806 1895 antelaturusâ€˜l

118 1904 226 1931 XXVII.
248 1904 312 1940 Age,
335 1909 443 1931 senatus
458 1905 515 1931 odit
530 1909 563 1936 te,
578 1905 651 1940 quod
662 1914 724 1932 eum
735 1910 764 1932 tu
777 1906 862 1933 facere

64 1942 122 1968 iure
137 1941 269 1973 concedis,
287 1941 441 1968 afflictorem
452 1950 482 1968 ac
493 1942 654 1977 perditorem
666 1951 719 1970 non
731 1944 809 1971 modo
820 1944 862 1970 di-

62 1979 172 2014 gnitatis
187 1983 213 2005 et
227 1979 399 2010 auctoritatis,
414 1979 460 2005 sed
471 1980 580 2007 omnino
590 1980 693 2007 ordinis
705 1989 734 2007 ac
744 1982 861 2008 nominis

63 2016 120 2042 sui:
152 2015 243 2042 videre
263 2016 367 2050 equites
379 2016 489 2043 Romani
507 2026 557 2043 non
575 2021 697 2052 possunt,
710 2027 764 2052 quo
775 2027 808 2045 ex
820 2028 862 2045 or-

62 2053 125 2079 dine
147 2053 187 2079 vir
207 2053 454 2088 praestantissimus
465 2057 491 2080 et
501 2055 699 2086 ornatissimus,
712 2056 743 2082 L.
756 2055 859 2087 Aelius,

63 2095 103 2117 est
127 2095 152 2117 te
172 2089 283 2117 consule
304 2090 451 2126 relegatus:
488 2090 564 2125 plebs
584 2092 702 2118 Romana
726 2093 861 2127 perditum

62 2128 145 2163 cupit,
169 2128 196 2154 in
215 2128 294 2154 cuius
310 2132 338 2154 tu
354 2127 492 2155 infamiam
508 2137 547 2159 ea,
565 2137 634 2164 quae
649 2137 696 2164 per
711 2129 825 2157 latrones
836 2135 863 2158 et

64 2173 109 2199 per
124 2174 216 2191 servos
231 2165 265 2191 de
281 2173 323 2191 me
334 2173 435 2200 egeras,
449 2165 600 2192 contulisti:
624 2166 697 2193 Italia
709 2172 803 2194 cuncta
814 2177 861 2195 ex-

62 2207 188 2233 secratur,
201 2203 280 2229 cuius
295 2202 365 2229 idem
377 2207 405 2229 tu
418 2203 611 2237 superbissime
623 2203 727 2231 decreta
738 2209 860 2239 etpreces

63 2240 219 2275 repudiasti.
233 2241 274 2266 â´55.
284 2239 423 2267 Fachuius
430 2240 483 2266 odii
491 2241 555 2267 tanti
562 2249 591 2267 ac
599 2246 651 2267 tam
660 2242 777 2268 universi
790 2244 861 2278 peri-

61 2277 163 2308 culum,
185 2277 209 2303 si
225 2277 319 2304 audes.
361 2278 460 2303 Instant
479 2282 539 2312 post
552 2278 692 2305 hominum
705 2281 859 2307 memoriam

61 2315 258 2349 apparatissimi
279 2314 593 2350 magnificentissimique
610 2315 680 2346 ludi,
697 2317 792 2351 quales
808 2326 858 2344 non

62 2351 141 2379 modo
152 2360 300 2387 numquam
312 2351 429 2382 fuerunt,
438 2352 485 2378 sed
498 2361 529 2378 ne
540 2353 674 2387 quomodo
686 2353 858 2389 fieriquidcni

62 2389 171 2423 posthac
191 2390 302 2425 possint,
321 2398 431 2424 possum
449 2389 503 2415 ullo
520 2395 595 2424 pacto
605 2391 747 2425 suspicari.
789 2393 823 2418 Da
836 2397 859 2419 to

62 2426 168 2461 populo,
186 2427 321 2453 committe
339 2427 419 2453 ludis.
460 2427 577 2453 Sibiluni
598 2428 715 2454 metuis?
739 2428 860 2456 ubisunt

62 2467 163 2490 vestrae
174 2463 298 2491 scholae?
308 2465 346 2491 Ne
357 2464 535 2491 acclametur?
558 2473 591 2491 ne
601 2464 628 2491 id
639 2465 749 2499 quidem
761 2471 802 2493 est
811 2475 860 2493 cu-

61 2509 118 2527 rare
139 2501 302 2537 philosophi.
352 2502 447 2528 Manus
468 2502 515 2528 tibi
537 2510 569 2528 ne
590 2502 744 2533 atterantur.
769 2504 856 2530 times.

62 2537 138 2564 Dolor
157 2539 227 2565 enim
243 2543 284 2565 est
299 2538 409 2570 malum,
428 2543 454 2565 ut
467 2539 604 2574 disputas:
627 2540 798 2572 existimatio,
811 2541 858 2568 de-

61 2574 152 2606 decus,
169 2575 286 2608 infamia,
305 2576 451 2611 turpitudo,
470 2576 550 2603 verba
565 2582 629 2603 sunt
640 2581 720 2612 atque
732 2578 856 2613 ineptiae.

62 2611 114 2638 Sed
130 2611 163 2638 de
175 2612 224 2639 hoc
235 2622 286 2640 non
298 2614 401 2641 dubito.
444 2614 501 2641 Non
515 2614 625 2641 audebit
636 2615 760 2641 accedere
771 2615 804 2642 ad
817 2615 858 2642 ln-

61 2648 119 2675 dos.
160 2649 318 2677 Convivium
341 2651 481 2686 publicum
500 2660 551 2678 non
567 2652 706 2687 dignitatis
719 2653 804 2688 gratia
817 2653 859 2679 in-

63 2685 118 2716 ibit,
137 2686 198 2721 (nisi
214 2687 279 2715 forte
296 2694 323 2715 ut
334 2698 395 2716 cum
408 2689 436 2715 P.
450 2688 550 2721 Clodio,
566 2689 613 2716 hoc
625 2694 674 2721 est,
687 2698 749 2717 cum
760 2691 858 2718 amori-

1068 153 1087 180 C
1101 153 1122 180 Î‘
1136 154 1165 179 Î¡.
1198 155 1229 180 23
1250 170 1286 173 â€”
1307 155 1347 180 29.
1667 156 1716 182 5:53

920 225 971 251 bus
983 225 1049 256 suis,
1066 224 1179 260 caenet,)
1194 224 1240 251 sed
1258 224 1336 260 plane
1346 225 1428 252 animi
1439 225 1482 251 sui
1493 233 1600 251 caussa:
1623 226 1662 251 66.
1676 225 1718 251 lnâ€”

920 262 968 288 dos
989 262 1065 289 nobis
1085 262 1176 289 idiotis
1195 262 1339 297 relinquet.
1380 262 1453 289 Solet
1468 263 1538 288 enim
1555 263 1582 288 in
1596 262 1718 296 disputaÎ‡

920 300 1038 326 tionibus
1050 300 1107 325 suis
1119 299 1258 326 oculorum
1270 305 1295 326 et
1305 301 1411 326 aurium
1422 299 1588 326 delectationi
1596 299 1718 325 abdomi-

921 338 962 363 nis
978 337 1128 371 voluptates
1142 337 1282 363 anteferre.
1324 338 1399 368 Nam,
1417 337 1490 372 quod
1506 337 1582 363 vobis
1598 338 1648 363 iste
1661 342 1719 363 tan-

921 374 1058 400 tummodo
1079 374 1228 409 improbus,
1247 374 1363 401 crudelis
1379 375 1443 401 olim
1458 374 1629 405 furunculus,
1647 383 1718 400 nunc

921 420 982 438 vero
1002 413 1081 437 etiam
1103 420 1194 446 rapax,
1216 412 1288 446 quod
1309 412 1446 443 sordidus,
1469 411 1542 446 quod
1562 416 1715 442 contumax,

919 448 991 483 qnod
1013 449 1156 483 superbuS,
1173 449 1246 484 quod
1262 449 1351 479 fallax,
1369 449 1441 484 quod
1457 449 1627 484 perfidiosus,
1646 449 1718 484 quod

919 486 1077 521 impudens,
1095 486 1168 520 quod
1188 486 1277 513 audax
1297 495 1355 512 esse
1376 487 1510 513 videatur:
1538 486 1605 513 nihil
1626 487 1719 512 scitote

920 532 979 549 esse
1001 523 1176 554 luxuriosius,
1199 524 1266 550 nihil
1285 524 1471 555 libidinosius,
1490 523 1557 550 nihil
1572 525 1716 558 posterius,

920 561 987 586 nihil
1009 561 1134 596 nequius.
1175 561 1321 587 Luxuriam
1343 566 1431 588 autem
1448 562 1474 588 in
1491 562 1542 588 isto
1557 561 1638 588 nolite
1651 561 1718 587 hanc

919 598 1043 633 cogitare.
1076 599 1117 624 67.
1139 598 1187 624 Est
1207 599 1278 624 enim
1295 598 1435 633 quaedam,
1453 607 1618 634 quamquam
1630 599 1718 625 omnis

919 640 959 661 est
978 636 1072 662 vitiosa
1088 640 1168 670 atque
1184 636 1385 670 turpis,.tamen
1401 637 1518 672 ingenuo
1534 645 1563 662 ac
1580 636 1662 662 libero
1677 635 1718 662 di-

918 673 1005 707 gnior.
1047 673 1120 699 Nihil
1136 673 1207 707 apud
1223 673 1296 699 huno
1312 673 1424 703 lautum,
1439 673 1505 700 nihil
1518 673 1635 709 elegans,
1651 672 1717 699 nihil

918 710 1100 744 exquisitum:
1143 710 1257 736 laudabo
1281 711 1436 737 inimicum:
1469 720 1501 737 ne
1522 719 1619 746 magno
1639 719 1718 745 opere

918 747 1028 781 quidem
1058 747 1207 782 quidquam
1233 752 1336 782 praeter
1362 748 1488 774 libidines
1515 753 1716 782 sumptuosum.

919 785 1049 810 Toreuma
1061 784 1181 811 nullum:
1198 785 1420 816 maximicalices,
1429 790 1455 811 et
1466 785 1502 815 hi,
1513 790 1718 811 necantemnere

918 830 982 848 suos
999 821 1129 853 videatur,
1144 822 1303 848 Placentini:
1328 827 1460 849 exstructa
1477 832 1577 853 mensa,
1592 831 1643 849 non
1655 831 1718 849 con-

918 859 1016 895 chyliis
1040 863 1086 885 aut
1111 860 1246 894 piscibus,
1274 859 1322 886 sed
1343 860 1426 886 multa
1448 868 1525 886 carne
1546 860 1715 886 subrancida.

918 896 994 923 Servi
1019 896 1148 923 sordidati
1174 897 1340 923 ministrant:
1373 897 1497 924 nonnulli
1522 897 1600 923 etiam
1624 906 1715 923 senes:

918 934 990 960 idem
1010 943 1127 969 coquus,
1150 934 1222 960 idem
1242 935 1379 961 atriensis:
1416 935 1500 969 pistor
1519 934 1592 960 domi
1613 934 1715 964 nullus,

918 971 991 998 nulla
1011 971 1092 998 cella:
1115 973 1192 1006 panis
1210 976 1235 998 et
1246 973 1340 998 vinum
1353 981 1365 998 a
1378 972 1486 1007 propola
1498 976 1577 1007 atque
1589 971 1621 997 dc
1633 981 1715 1006 cupa:

918 1009 1011 1035 Graeci
1032 1010 1131 1044 stipati,
1153 1010 1230 1044 quini
1252 1010 1279 1036 in
1300 1009 1418 1041 lectulis,
1437 1018 1515 1044 saepe
1531 1009 1636 1044 plures,
1659 1011 1717 1044 ipse

918 1046 1002 1077 sotus,
1025 1046 1174 1077 bibiturus,
1193 1055 1261 1082 quae
1276 1047 1368 1073 eodem
1385 1046 1418 1073 de
1433 1046 1504 1073 dolio
1520 1047 1715 1073 ministrentur.

917 1084 967 1110 Ubi
978 1083 1042 1119 galli
1054 1088 1162 1110 cantum
1174 1084 1286 1115 audivit,
1300 1093 1381 1110 avum
1392 1093 1472 1111 suum
1485 1085 1615 1110 revixisse
1626 1089 1715 1119 putat:

917 1130 1038 1147 mensam
1054 1121 1111 1148 tolli
1127 1122 1212 1148 iubet.
1234 1122 1354 1148 xxvm.
1368 1124 1409 1148 68.
1422 1122 1495 1148 Dicet
1506 1121 1619 1157 aliquis:
1643 1122 1718 1148 Unde

917 1159 964 1185 tibi
977 1159 1040 1185 baec
1051 1163 1111 1186 nota
1121 1158 1202 1185 suntâ€˜?
1212 1160 1269 1185 Non
1282 1159 1433 1186 mehercule
1440 1159 1616 1186 contumeliae
1622 1168 1717 1186 caussa

916 1196 1066 1223 describam
1081 1205 1256 1232 quemquam,
1275 1197 1429 1231 praesertim
1446 1197 1617 1232 ingeniosum
1629 1197 1718 1223 homi-

917 1243 977 1260 nem
999 1238 1079 1269 atque
1099 1234 1249 1265 eruditum,
1267 1235 1311 1260 cui
1326 1235 1418 1270 generi
1434 1243 1494 1260 esse
1509 1243 1558 1270 ego
1573 1235 1670 1265 iratus,
1685 1243 1718 1260 ne

916 1271 938 1298 si
959 1272 1067 1306 cupiam
1087 1272 1212 1307 quidem,
1235 1280 1357 1306 possum.
1397 1272 1445 1298 Est
1459 1271 1571 1307 quidam
1587 1272 1714 1302 Graecus,

915 1309 963 1344 qui
975 1317 1037 1335 cum
1049 1309 1100 1335 isto
1116 1309 1191 1340 vivit,
1204 1309 1293 1340 homo,
1308 1318 1369 1335 vere
1381 1314 1409 1336 ut
1420 1309 1516 1340 dicam,
1530 1309 1578 1344 (sic
1589 1310 1661 1336 enim
1672 1318 1717 1336 co-

915 1346 1018 1382 gnovi,)
1029 1346 1174 1377 humanus,
1191 1346 1239 1373 sed
1255 1347 1366 1377 tamdiu,
1379 1346 1509 1381 quamdiu
1520 1355 1582 1373 cum
1594 1346 1653 1373 aliis
1665 1352 1714 1377 est,

915 1388 961 1410 aut
971 1384 1030 1418 ipse
1050 1392 1152 1410 secum.
1193 1384 1217 1410 Is
1238 1392 1323 1419 quum
1339 1385 1421 1410 istum
1438 1384 1646 1413 adolescentem,
1662 1385 1713 1410 inm

916 1425 972 1447 tum
993 1429 1055 1448 cum
1071 1421 1120 1447 hac
1135 1421 1186 1447 diis
1199 1422 1263 1447 irata
1276 1421 1370 1453 fronte,
1388 1421 1508 1452 vidisset,
1522 1430 1573 1448 non
1586 1421 1715 1447 fastidivit

915 1458 973 1484 eius
1003 1459 1161 1489 amicitiam,
1188 1467 1274 1493 quum
1297 1463 1367 1485 esset
1388 1459 1542 1493 praesertim
1564 1460 1713 1493 appetitus:

915 1495 989 1522 dedit
1008 1504 1037 1522 se
1053 1496 1080 1522 in
1096 1496 1329 1527 consuetudinem,
1350 1497 1391 1522 sic
1407 1501 1436 1522 ut
1451 1504 1560 1530 prorsus
1576 1505 1627 1522 una
1642 1497 1716 1522 vive-

916 1538 962 1564 ret,
986 1542 1034 1559 nec
1050 1532 1103 1559 fere
1119 1533 1152 1559 ab
1170 1533 1221 1559 isto
1232 1542 1361 1568 umquam
1376 1533 1532 1559 discederet.
1574 1534 1630 1559 Non
1643 1533 1714 1568 apud

885 1563 887 1578 Â²
916 1570 1048 1601 indoctos,
1071 1570 1128 1601 sed,
1146 1575 1175 1596 ut
1190 1579 1238 1606 ego
1252 1571 1372 1601 arbitror,
1390 1571 1416 1597 in
1434 1570 1572 1597 hominum
1588 1571 1716 1597 eruditis-

915 1608 1045 1634 simorum
1056 1613 1080 1634 et
1094 1608 1351 1634 humanissimorum
1363 1613 1439 1634 coetu
1452 1608 1554 1643 loquor.
1592 1608 1714 1634 Audistis

915 1645 1032 1680 profecto
1043 1645 1105 1676 dici,
1125 1645 1298 1680 philosophos
1310 1646 1464 1680 Epicureos,
1477 1654 1570 1672 omnes
1582 1654 1633 1676 res,
1645 1654 1714 1680 qnae

915 1687 978 1709 sunt
994 1682 1096 1709 homini
1112 1683 1285 1717 expetendae,
1305 1683 1440 1717 voluptate
1451 1683 1549 1709 metiri.
1591 1683 1669 1709 Recte
1681 1692 1712 1709 an

914 1728 1002 1751 secus,
1018 1720 1084 1746 nibil
1097 1720 1130 1746 ad
1142 1729 1203 1747 nos:
1217 1725 1261 1747 ant
1273 1721 1294 1746 si
1308 1720 1340 1746 ad
1353 1720 1485 1751 nos,nihil
1495 1720 1528 1746 ad
1536 1720 1712 1755 hoctempus:

914 1757 961 1783 sed
983 1762 1070 1784 tamen
1087 1757 1220 1784 lubricum
1237 1766 1323 1793 genus
1339 1759 1466 1784 orationis
1477 1757 1647 1789 adolescenti,
1662 1767 1713 1784 non

914 1795 1008 1821 acriter
1024 1795 1192 1831 intelligenti,
1205 1804 1284 1830 saepe
1297 1804 1432 1830 praeceps.
1455 1797 1496 1821 69.
1510 1796 1601 1830 Itaque
1612 1795 1713 1821 admis-

913 1833 1001 1859 sarius
1014 1833 1062 1859 iste
1074 1832 1373 1868 simulatqueaudivita
1382 1833 1542 1868 philosopho
1549 1833 1711 1867 voluptatem

914 1874 988 1897 tanto
997 1878 1076 1905 opere
1089 1869 1200 1901 laudari,
1211 1870 1276 1896 nihil
1289 1871 1442 1905 expiscatus
1454 1875 1508 1896 est:
1526 1871 1565 1896 sic
1576 1879 1640 1896 suos
1651 1880 1713 1896 sen-

913 1916 961 1934 sus
973 1907 1137 1942 voluptarios
1148 1916 1241 1934 omnes
1253 1909 1381 1936 incitavit.
1396 1908 1434 1934 sic
1446 1908 1478 1933 ad
1492 1907 1565 1934 illius
1577 1907 1644 1934 han(-
1655 1917 1714 1934 orn-

913 1945 1012 1972 tionem
1023 1945 1166 1976 adhinniit,
1180 1950 1266 1972 utnon
1279 1947 1436 1981 magistrum
1445 1945 1714 1976 virtutis,sedaucto-

913 1991 969 2009 rem
982 1982 1103 2009 libidinis
1116 1992 1129 2009 a
1141 1991 1170 2009 se
1181 1983 1258 2009 illum
1270 1983 1410 2009 inventum
1421 1983 1602 2009 arbitraretur.
1630 1984 1712 2009 Grac-

913 2029 961 2046 cus
982 2020 1069 2054 primo
1089 2020 1258 2055 distinguere
1279 2025 1359 2055 atque
1375 2020 1504 2051 dividere,
1522 2020 1567 2046 illa
1583 2020 1713 2055 quemad-

914 2057 1023 2084 modum
1040 2057 1205 2084 dicerentur:
1228 2059 1278 2085 iste
1292 2057 1413 2089 claudus,
1427 2058 1562 2093 quomodo
1573 2058 1656 2088 aiunt.
1671 2059 1712 2092 pi-

915 2094 980 2121 lam:
1003 2095 1116 2121 retinere
1131 2095 1204 2130 quod
1220 2100 1364 2130 acceperat,
1383 2096 1528 2125 testificari.
1544 2095 1654 2121 tabellas
1664 2095 1712 2121 ob-

913 2132 1019 2167 signare
1031 2132 1108 2163 velle,
1122 2132 1269 2168 Epicurum
1285 2133 1416 2159 disertum
1428 2132 1530 2164 dicere,
1553 2137 1593 2159 est
1607 2137 1709 2159 tamen:

912 2169 985 2200 dicit,
1009 2174 1039 2195 ut
1052 2170 1155 2204 opinor,
1175 2179 1204 2196 se
1221 2169 1327 2196 nullum
1343 2170 1444 2196 bonum
1461 2169 1610 2205 intelligere
1622 2178 1709 2204 posse.

912 2206 1029 2240 demptis
1040 2207 1158 2241 corporis
1165 2207 1360 2242 voluptatibus.
1375 2208 1416 2233 70.
1429 2207 1500 2239 Quid
1512 2207 1614 2233 multa?
1629 2207 1712 2234 Grae-

912 2252 960 2270 cus
977 2243 1062 2269 facilis
1078 2248 1103 2270 et
1119 2243 1196 2270 valde
1209 2249 1340 2270 venustus
1351 2245 1433 2270 nimis
1446 2253 1554 2279 pugnax
1566 2249 1656 2270 contra
1667 2252 1711 2270 se-

913 2285 1030 2307 natorem
1042 2281 1252 2315 populiltomnni
1264 2290 1323 2307 esse
1335 2281 1429 2307 noluit.
1452 2281 1552 2307 XXIX.
1567 2282 1611 2307 Est
1622 2286 1710 2307 mitem

914 2318 965 2348 hic,
987 2317 1020 2344 de
1035 2326 1090 2352 qno
1103 2318 1203 2353 loquor,
1217 2327 1268 2344 non
1281 2318 1450 2353 philosophia
1462 2319 1559 2348 solum,
1572 2319 1619 2344 sed
1631 2319 1710 2344 etiam

914 2355 1017 2385 litteris,
1034 2355 1107 2389 quod
1124 2355 1176 2382 fere
1187 2360 1288 2382 ceteros
1302 2356 1447 2389 Epicureos
1459 2355 1594 2391 negligere
1605 2355 1707 2382 dieunt.

913 2392 1069 2427 perpolitus.
1112 2393 1205 2419 Poema
1226 2401 1303 2427 porro
1320 2393 1381 2419 facit
1396 2393 1430 2419 ita
1448 2393 1584 2421 festivum.
1601 2393 1635 2419 ita
1647 2402 1710 2419 conâ€”

890 2433 891 2438 *
911 2430 1031 2460 cinnum,
1050 2430 1084 2455 ita
1100 2430 1217 2465 elegans,
1232 2430 1298 2456 nihil
1315 2435 1342 2456 ut
1355 2431 1410 2456 lieri
1423 2431 1507 2464 possit
1517 2431 1649 2465 argutius.
1680 2431 1708 2457 In

911 2475 965 2501 qno
976 2466 1152 2501 reprehendat
1163 2476 1224 2494 cuni
1238 2467 1306 2496 licet,
1320 2467 1400 2502 siqui
1414 2467 1496 2495 volet2
1515 2467 1592 2494 inodo
1605 2467 1706 2495 leviter.

912 2513 962 2530 non
979 2509 1008 2530 ut
1024 2504 1171 2538 impurum,
1186 2514 1236 2531 non
1250 2510 1278 2531 ut
1291 2505 1452 2539 improbum,
1467 2514 1518 2531 non
1530 2510 1558 2531 nt
1569 2505 1705 2531 audacem.

889 2570 890 2575 ,
911 2541 957 2567 sed
970 2546 999 2567 nt
1009 2542 1181 2572 Graeculum,
1195 2547 1224 2569 nt
1235 2547 1434 2571 assentatorem.
1449 2547 1476 2569 ut
1489 2547 1602 2577 poetam.
1626 2543 1709 2569 Deveâ€”

911 2579 958 2609 nit,
967 2583 1013 2604 aut
1025 2579 1113 2613 potius
1125 2580 1218 2606 incidit
1230 2582 1255 2606 in
1268 2580 1359 2609 istum.
1368 2579 1460 2606 eodeni
1472 2580 1601 2615 deceptus
1612 2589 1708 2615 super-

909 2616 980 2647 cilio,
997 2616 1114 2642 Graecus
1130 2622 1209 2652 utque
1225 2618 1336 2647 advena.
1349 2626 1404 2652 quo
1418 2623 1469 2644 uun
1481 2619 1588 2653 sapiens
1600 2623 1625 2644 et
1637 2623 1706 2644 tanta

909 2654 1013 2680 civitas.
1054 2654 1187 2681 Revocare
1207 2663 1235 2681 se
1257 2663 1307 2681 non
1329 2659 1442 2689 poterat,
1461 2655 1639 2682 familiaritate
1655 2655 1706 2681 ini-

910 2690 1036 2726 plieatus:
1069 2696 1095 2718 et
1119 2692 1201 2719 simul
1223 2693 1415 2719 inconstantiae
1437 2692 1534 2720 famum
1555 2693 1704 2719 verebatur.

1468 2743 1500 2765 7â°
