1941 3052
470 129 521 156 DE
552 128 862 157 DIVINATIONE
893 129 974 156 LIB.

76 201 197 238 quidque
209 200 266 232 fiat,
284 204 310 227 et
321 200 518 232 tantummodo,
537 201 594 228 fieri
608 210 651 232 ea,
668 210 737 236 quae
751 209 870 227 comme-

76 239 191 270 moravi,
214 238 337 265 doceam:
360 246 491 272 parumne
506 239 624 273 Epicuro
642 239 806 265 Carneadive
828 247 870 264 re-

75 275 240 312 spondeam?
268 275 353 308 Quid,
376 276 399 301 si
420 277 499 302 etiam
521 277 587 302 ratio
606 281 693 303 exstat
712 276 870 302 artificiosae

75 314 273 349 praesensionis
295 312 395 344 facilis,
421 313 530 339 divinae
551 318 639 339 autem
661 313 751 348 paullo
771 313 871 339 obscu-

75 350 146 378 rior?
157 350 231 383 Quae
242 351 315 376 enim
326 350 409 381 extis,
423 359 492 385 quae
505 350 669 386 fulguribus,
683 359 752 385 quae
763 354 871 385 porten-

74 389 121 419 tis,
139 396 208 423 quae
219 389 298 414 astris
312 389 544 422 praesentiuntur,
562 387 626 413 haec
642 392 729 414 notata
744 392 808 414 sunt
822 387 871 413 ob-

74 425 224 452 servatione
235 425 372 451 diuturna.
413 424 495 451 AlIert
509 429 597 451 autem
614 429 732 451 vetustas
743 424 870 451 omnibus

74 464 101 489 in
119 463 200 489 rebus
216 462 361 497 longinqua
376 462 563 488 observatione
579 462 768 488 incredibilem
782 463 871 488 scien-

74 501 150 526 tiam:
165 509 233 534 quae
245 504 331 535 potest
341 508 400 526 esse
411 500 491 526 etiam
502 500 561 525 sine
573 504 645 526 motu
657 504 737 534 atque
749 499 870 534 impulsu

73 537 194 568 deorum,
203 546 298 572 quum,
306 537 373 572 quid
380 545 527 572 exquoque
538 538 652 567 eveniat,
661 542 686 563 et
696 537 763 572 quid
774 546 871 572 quam-

73 584 126 611 que
138 584 194 601 rem
205 574 348 610 significet,
357 574 449 600 crebra
456 574 689 600 animadversione
700 578 870 609 perspectum

74 617 123 640 est.
167 614 222 639 ΜΟ.
238 612 327 638 Altera
338 611 469 638 divinatio
480 616 520 638 est
532 612 670 642 naturalis,
684 616 714 638 ut
725 617 784 638 ante
795 612 868 638 dixi:

73 659 142 686 quae
158 650 271 686 physica
287 649 445 684 disputandi
461 649 609 675 subtilitate
626 648 764 675 referenda
782 653 822 675 est
837 648 870 674 ad

74 693 195 714 naturam
213 687 338 713 deorum:
361 695 375 712 a
393 695 459 721 qua,
478 691 507 713 ut
521 686 686 712 doctissimis
701 687 871 721 sapientissi-

74 726 180 760 misque
197 724 311 759 placuit,
330 724 439 750 haustos
456 725 559 750 animos
575 729 600 750 et
615 724 711 750 libatos
723 724 867 750 habemus:

73 771 214 798 quumque
220 762 310 788 omnia
321 761 452 796 completa
463 765 489 787 et
500 761 594 787 referta
606 762 661 788 sint
671 766 777 787 aeterno
788 769 870 786 sensu

73 805 98 826 et
119 804 207 826 mente
227 799 333 830 divina,
356 807 465 825 necesse
484 803 524 824 est
542 799 699 832 cognatione
714 798 870 824 divinorum

73 838 224 864 animorum
247 837 350 863 animos
370 836 502 862 humanos
517 836 691 862 commoveri.
731 835 783 861 Sed
801 836 871 870 vigi-

75 875 157 901 lantes
169 875 252 900 animi
264 875 333 900 vitae
345 873 871 907 necessitatibusserviunt,disiungunt-

73 921 126 947 que
141 920 170 938 se
185 920 199 938 a
214 911 338 937 societate
354 910 461 941 divina,
485 910 583 936 vinclis
599 911 718 944 corporis
735 910 869 945 impediti.

76 951 131 976 tlt.
154 949 250 975 Rarum
263 953 303 974 est
313 947 449 983 quoddam
460 956 547 983 genus
558 956 665 979 eorum,
683 948 730 982 qui
747 956 776 973 se
787 956 801 973 a
813 956 871 973 cor-

73 995 136 1022 pore
148 990 259 1013 avocent
272 990 298 1012 et
313 985 346 1011 ad
361 985 516 1011 divinarum
529 994 618 1011 rerum
629 986 810 1021 cognitionem
822 994 871 1010 cu-

73 1033 101 1050 ra
120 1024 194 1050 omni
215 1023 359 1058 studioque
375 1023 523 1057 rapiantur.
564 1023 664 1049 Ilorum
680 1027 743 1049 sunt
758 1023 871 1058 auguria

74 1070 126 1088 non
136 1061 224 1087 divini
236 1061 362 1095 impetus,
371 1059 419 1086 sed
431 1060 541 1086 rationis
553 1060 700 1086 humanae:
714 1069 775 1086 nam
787 1065 813 1086 et
824 1069 872 1086 na-

73 1103 131 1126 tura
144 1098 233 1125 futura
245 1098 441 1132 praesentiunt,
459 1101 488 1124 ut
501 1106 632 1132 aquarum
645 1097 777 1124 fluxiones
789 1102 814 1124 et
824 1097 871 1123 de-

73 1136 256 1172 flagrationem
272 1135 388 1162 suturam
400 1134 545 1169 aliquando
559 1135 627 1161 caeli
638 1140 717 1169 atque
730 1139 870 1162 terrarum.

73 1173 127 1200 Alii
140 1178 241 1204 autem,
260 1173 286 1199 in
303 1172 442 1207 republica
456 1173 607 1203 exercitati,
630 1177 659 1198 ut
669 1172 702 1198 de
713 1172 870 1199 Atheniensi

74 1210 170 1238 Solone
186 1211 353 1245 accepimuS,
375 1210 505 1236 orientem
525 1209 695 1245 tyrannidem
712 1210 796 1237 multo
811 1214 871 1236 ante

73 1248 256 1284 prospiciunt.
274 1256 342 1282 quos
353 1247 499 1282 prudentes
510 1256 655 1282 possumus
668 1247 770 1278 dicere,
789 1247 816 1274 id
832 1252 872 1274 est

73 1285 260 1321 providentes,
274 1285 382 1311 divinos
393 1284 467 1311 nullo
479 1284 557 1311 modo
563 1293 721 1320 possumus;
740 1294 791 1311 non
799 1285 869 1319 pluS,

74 1331 156 1358 quam
176 1322 313 1349 Milesium
333 1322 458 1353 Thalem,
482 1323 543 1357 qui,
566 1327 594 1349 ut
609 1322 794 1358 obiurgatores
809 1331 872 1348 suos

74 1362 253 1391 convinceret,
267 1359 486 1394 ostenderetque,
500 1360 579 1386 etiam
592 1359 799 1395 philosophum,
813 1361 835 1386 si
848 1360 872 1386 ei

74 1397 246 1425 commodum
266 1402 348 1428 esset,
375 1398 518 1432 pecuniam
541 1396 626 1423 facere
647 1406 739 1431 posse,
765 1406 872 1424 omnem

73 1435 169 1467 oleam,
182 1440 326 1470 antequam
338 1433 430 1461 florere
441 1435 583 1470 coepisset,
600 1435 626 1461 in
638 1443 701 1470 agro
713 1435 817 1462 Milesio
828 1444 873 1461 co-

74 1473 173 1499 emisse
192 1472 300 1499 dicitur.
344 1474 400 1499 ⁴12.
422 1472 654 1498 Animadverterat
673 1472 784 1499 sortasse
805 1481 873 1508 qua-

74 1511 137 1537 dam
152 1510 279 1541 scientia,
300 1509 419 1536 olearum
437 1510 586 1536 ubertatem
608 1509 672 1536 fore.
713 1511 746 1537 Et
761 1510 871 1545 quidem

75 1547 147 1574 idem
161 1547 265 1582 primus
275 1546 453 1573 defectionem
464 1546 539 1578 solis,
547 1556 615 1582 quae
623 1547 738 1583 Astyage
746 1552 873 1584 regnante

75 1585 142 1612 facta
152 1589 201 1615 est,
215 1584 382 1619 praedixisse
395 1584 487 1611 fertur.
522 1585 551 1611 L.
574 1584 655 1611 Multa
668 1585 776 1616 medici,
790 1585 873 1611 multa

75 1623 276 1658 gubernatores,
286 1621 417 1657 agricolae
428 1622 508 1648 etiam
520 1621 603 1648 multa
615 1624 812 1657 praesentiunt:
826 1622 873 1648 sed

75 1659 178 1686 nullam
193 1668 286 1686 eorum
301 1659 495 1685 divinationem
513 1668 591 1691 voco,
614 1668 647 1686 ne
664 1660 737 1686 illam
749 1660 871 1695 quidem,

75 1706 127 1732 qua
149 1696 182 1723 ab
202 1696 403 1723 Anaximandro
423 1697 536 1732 physico
557 1697 651 1723 moniti
668 1698 873 1724 Lacedaemonii

75 1739 152 1765 sunt,
175 1739 205 1761 ut
219 1734 314 1760 urbem
330 1738 356 1760 et
367 1738 434 1760 tecta
446 1733 599 1769 linquerent
610 1736 759 1770 armatique
772 1736 798 1761 in
811 1743 874 1771 agro

75 1771 247 1802 excubarent,
260 1771 333 1806 quod
345 1776 428 1798 terrae
439 1776 527 1798 motus
540 1772 658 1803 instaret,
673 1777 738 1804 tum,
752 1781 836 1807 quum
849 1777 875 1799 et

76 1809 141 1836 urbs
154 1813 205 1836 tota
216 1809 325 1840 corruit,
338 1813 364 1835 et
375 1817 409 1835 ex
419 1814 508 1835 monte
518 1809 634 1845 Taygeto
645 1814 763 1837 extrema
775 1810 874 1836 montis

75 1847 155 1882 quasi
166 1847 265 1881 puppis
277 1845 371 1873 avulsa
382 1851 432 1873 est.
465 1847 503 1873 Ne
515 1846 681 1883 Pherecydes
693 1847 814 1882 quidem,
830 1847 874 1873 ille

76 1884 240 1920 Pythagorae
251 1884 387 1919 magister,
402 1884 491 1918 potius
502 1883 613 1911 divinus
625 1884 778 1916 habebitur,
791 1893 874 1920 quam

77 1921 221 1957 physicus;
242 1921 291 1955 qui
305 1929 390 1955 quum
404 1921 517 1947 vidisset
528 1921 651 1948 haustam
663 1931 761 1957 aquam
771 1922 804 1948 de
817 1923 874 1958 iugi

78 1962 167 1994 puteo,
181 1962 264 1984 terrae
276 1961 364 1984 motus
375 1957 446 1984 dixit
457 1958 566 1985 instare.
599 1960 656 1985 413.
674 1960 727 1986 Nec
739 1968 802 1986 vero
814 1968 875 1986 um-

76 2004 158 2031 quam
170 1995 277 2021 animus
289 1994 407 2021 hominis
420 1995 575 2022 naturaliter
585 1995 702 2027 divinat.
721 1997 774 2023 nisi
788 2005 874 2031 quum

77 2034 112 2060 ita
124 2033 228 2059 solutus
239 2037 315 2059 estet
327 2040 437 2063 vacuus»,
454 2037 483 2059 ut
492 2033 516 2059 ei
530 2033 607 2068 plano
619 2033 686 2060 nihil
698 2035 733 2060 sit
743 2042 804 2060 cum
817 2043 875 2061 cor-

77 2079 151 2106 pore.
191 2069 268 2102 Quod
284 2074 329 2096 aut
344 2069 452 2097 vatibus
467 2071 599 2106 contingit
610 2075 655 2097 aut
665 2070 873 2098 dormientibus.

77 2109 169 2142 ltaque
184 2116 215 2133 ea
230 2107 284 2133 duo
298 2115 397 2142 genera
418 2117 432 2134 a
453 2107 613 2134 Dicaearcho
629 2108 776 2143 probantur
790 2113 830 2139 et,
847 2113 876 2135 ut

76 2145 149 2176 dixi,
163 2153 176 2170 a
188 2144 315 2179 Cratippo
326 2149 424 2171 nostro.
464 2145 492 2170 Si
504 2150 641 2180 propterea
650 2166 656 2177 ,
669 2145 742 2180 quod
753 2154 783 2172 ea
795 2146 876 2180 proli-

77 2183 216 2209 ciscuntur
231 2190 245 2208 a
260 2186 367 2213 natura,
384 2183 438 2209 sint
453 2190 559 2209 summa
575 2191 652 2214 sane,
671 2183 749 2210 modo
765 2192 797 2209 ne
808 2182 875 2209 sola.

77 2219 124 2246 Sin
136 2223 224 2246 autem
238 2218 304 2245 nihil
317 2227 375 2245 esse
388 2221 414 2246 in
426 2219 724 2255 observationeputant‚
733 2220 815 2246 multa
827 2219 876 2246 tol-

79 2257 149 2287 lunt,
172 2256 275 2291 quibus
295 2256 366 2283 vitae
387 2257 452 2283 ratio
472 2258 633 2284 continetur.
674 2257 727 2284 Sed
747 2258 875 2292 quoniam

78 2294 142 2321 dant
155 2293 273 2329 aliquid,
293 2293 374 2328 idque
387 2303 438 2321 non
451 2302 565 2328 parvum
574 2315 580 2326 ,
599 2295 802 2322 vaticinationes
813 2303 875 2321 cum

78 2331 206 2364 somniis,
221 2330 289 2358 nihil
301 2331 431 2367 est.quod
442 2339 505 2358 cum
517 2332 559 2358 his
572 2341 668 2368 magno
678 2341 758 2367 opere
771 2341 877 2367 pugne-

79 2377 150 2400 mus,
164 2369 320 2404 praesertim
332 2377 417 2403 quum
429 2368 497 2400 sint.
510 2369 558 2404 qui
569 2370 679 2396 omnino
690 2369 792 2396 nullam
803 2369 876 2396 divi-

79 2406 215 2433 nationem
226 2405 348 2441 probent.
391 2406 447 2432 ⁴⁴4.
470 2406 540 2442 Ergo
555 2411 581 2433 et
597 2407 628 2437 ii,
647 2415 763 2442 quorum
780 2407 873 2438 animi.

79 2443 177 2478 spretis
188 2443 358 2478 corporibus,
372 2443 477 2470 evolant
488 2448 567 2478 atque
578 2449 725 2471 excurrunt
735 2443 817 2474 [οι-415,
834 2453 877 2470 ar-

79 2480 142 2507 dore
154 2480 245 2516 aliquo
256 2479 414 2508 inflammati
425 2481 746 2516 atqueineitati,cernunt
758 2480 802 2507 illa
815 2490 877 2515 pro-

81 2517 162 2549 fecto,
178 2526 247 2552 quae
262 2518 438 2545 vaticinantes
450 2518 652 2553 praenuntiant:
676 2518 823 2552 multisque
836 2527 877 2544 re-

80 2554 133 2581 bus
145 2553 344 2582 inflammantur
354 2555 420 2583 tales
432 2556 529 2586 animi,
542 2556 590 2590 qui
601 2555 760 2590 corporibus
773 2564 823 2581 uon
836 2555 877 2581 iu-

82 2592 203 2625 haerent,
226 2597 256 2619 ut
271 2593 304 2624 ii,
321 2594 369 2628 qui
385 2602 450 2620 sono
465 2593 581 2628 quodam
599 2601 695 2620 vocum
711 2596 737 2619 et
752 2592 878 2628 Phrygiis

82 2629 206 2656 cantibus
217 2630 371 2657 incitantur.
412 2630 508 2658 Multos
520 2638 627 2657 nemora
638 2630 792 2664 silvaeque.
806 2629 878 2655 mul-

83 2671 122 2694 tos
138 2674 230 2694 amnes
245 2673 290 2695 aut
305 2669 388 2697 maria
398 2673 581 2696 commovent.-
602 2676 720 2704 quorum
731 2666 877 2694 furibunda

1006 131 1025 156 1.
1056 129 1150 156 CAP.
1179 130 1326 156 4-1—52.
1655 132 1716 157 4¹49

921 209 997 227 mens
1009 201 1083 227 videt
1094 206 1153 227 ante
1165 200 1257 232 multo,
1272 209 1340 236 quae
1351 205 1415 227 sunt
1426 199 1525 227 futura.
1556 200 1614 232 Quo
1626 200 1658 226 de
1671 211 1718 236 ge>

921 246 983 264 nere
996 238 1040 264 illa
1052 243 1128 265 sunt:

958 275 1035 305 Eheu,
1048 278 1141 308 Μάριε,-
1154 278 1278 302 iudicarit
1288 277 1413 301 inclutum

995 314 1118 339 iudicium
1129 316 1194 338 inler-
1204 315 1264 338 deas
1276 316 1326 338 lre's
1336 314 1446 346 aliquis.-

995 359 1045 383 quo
1056 352 1152 376 iudicio
1163 351 1363 376 Lacedaemonia

996 389 1095 417 mulier,
1109 390 1237 420 sariorum
1250 396 1310 416 una,
1323 389 1448 413 ‹idi-eniel.

922 423 1022 450 Eodem
1034 424 1106 450 enim
1119 424 1197 450 modo
1209 424 1290 450 multa
1303 433 1316 450 a
1329 423 1538 450 vaticinantibus
1550 432 1629 458 saepe
1640 432 1718 458 prae-

922 461 992 487 dicta
1003 466 1075 492 sunt,
1090 470 1176 496 neque
1188 461 1276 487 solum
1289 462 1389 492 verbis,
1402 461 1448 487 sed
1461 462 1541 487 etiam

959 500 1076 529 versibu',
1089 508 1150 532 quos
1161 500 1220 524 olim
1232 499 1316 524 Fauni
1328 504 1445 532 vatesque
1456 500 1590 524 canebant.

924 537 980 561 4⁴5.
1003 535 1132 561 Similiter
1153 536 1268 562 Marcius
1288 541 1312 562 et
1333 536 1472 562 Publicius
1495 540 1567 561 vates
1588 536 1718 561 cecinisse

922 573 1059 599 dicuntur.
1100 572 1158 604 Quo
1178 573 1211 599 de
1232 582 1329 608 genere
1349 573 1482 608 Apollinis
1507 577 1596 607 operta
1618 572 1719 607 prolata

922 615 996 636 sunt.
1036 610 1120 636 Credo
1136 611 1215 636 etiam
1232 610 1366 637 anhelitus
1383 610 1513 645 quosdam
1531 610 1614 636 fuisse
1636 615 1719 636 terra—

923 656 992 677 rum,
1001 647 1101 682 quibus
1110 647 1212 674 inflatae
1220 653 1321 674 mentes
1333 647 1438 674 oracula
1451 647 1602 673 funderent.
1624 648 1663 673 LI.
1672 648 1719 673 At-

922 693 974 719 que
988 685 1052 710 haec
1063 685 1175 719 quidem
1188 690 1278 711 vatum
1291 687 1355 712 ratio
1367 690 1419 711 est:
1439 694 1486 710 nec
1501 685 1644 710 dissimilis
1656 693 1719 710 sane

922 723 1099 748 somniorum.
1141 723 1206 748 Nam
1223 731 1291 757 quae
1308 722 1485 757 vigilantibus
1501 722 1627 748 accidunt
1651 722 1719 747 vati-

923 759 983 790 bus,
997 759 1090 785 eadem
1103 760 1180 785 nobis
1192 760 1399 786 dormientibus.
1438 760 1516 794 Viget
1528 760 1599 785 enim
1612 760 1720 785 animus

923 797 949 822 in
961 797 1073 827 somnis,
1083 797 1205 832 liberque
1216 802 1257 823 est
1267 797 1394 823 sensibus
1405 797 1447 823 et‘
1459 798 1532 822 omni
1545 796 1720 831 impeditione

922 842 1057 864 curarum,
1072 835 1172 860 iacente
1184 838 1209 860 et
1220 839 1323 860 mortuo
1335 842 1418 868 paene
1430 842 1549 868 corpore.
1593 834 1645 865 Qui
1656 834 1720 867 quia

924 872 992 897 vixit
1003 871 1035 897 ab
1047 872 1121 897 omni
1133 872 1300 902 aeternitate,
1320 877 1495 906 versatusque
1510 876 1550 896 cst
1565 879 1626 896 cum
1639 871 1721 896 innu-

923 908 1101 934 merabilibus
1119 910 1231 940 animis,
1253 910 1357 939 onmia,
1380 917 1449 943 quae
1469 909 1496 934 in
1517 913 1609 934 natura
1631 916 1720 933 rerum

923 951 994 977 sunt,
1013 946 1099 978 videt,
1117 947 1140 972 si
1156 946 1234 972 modo
1245 947 1400 981 temperatis
1411 946 1480 972 escis
1493 945 1661 980 modicisque
1673 954 1721 979 po-

923 983 1043 1009 tionibus
1055 984 1090 1010 ita
1101 988 1141 1009 est
1152 983 1272 1015 affectus,
1288 989 1317 1010 ut
1328 984 1414 1018 sopito
1425 992 1534 1017 corpore
1546 983 1604 1017 ipse
1617 982 1719 1017 vigilet.

923 1021 992 1047 Haec
1003 1021 1163 1047 somniantis
1174 1026 1214 1047 est
1224 1021 1365 1047 divinatio.
1400 1023 1455 1047 116.
1473 1021 1520 1046 Hic
1532 1029 1626 1055 magua
1639 1028 1722 1054 quae-

923 1058 986 1084 dam
1000 1059 1131 1089 exoritur,
1150 1067 1238 1093 neque
1254 1067 1283 1085 ea
1301 1058 1444 1087 naturalis,
1462 1058 1509 1084 sed
1526 1058 1666 1084 artificiosa
1678 1066 1722 1083 so-

925 1097 1058 1122 mniorum
1074 1096 1248 1130 Antiphontis
1263 1097 1457 1131 interpretatio:
1476 1095 1624 1129 eodemque
1644 1094 1722 1121 modo

923 1138 949 1160 et
958 1133 1127 1159 oraculorum
1139 1138 1164 1160 et
1175 1134 1396 1160 vaticinationum
1408 1137 1471 1159 sunt
1481 1132 1680 1167 explanatores,
1695 1137 1723 1158 ut

923 1171 1092 1206 grammatici
1108 1175 1258 1206 poetarum.
1299 1172 1366 1197 Nam
1378 1176 1407 1197 ut
1422 1179 1518 1196 aurum
1534 1175 1559 1196 et
1570 1175 1721 1205 argentum,

924 1217 981 1239 aes,
1001 1207 1102 1234 ferrum
1117 1207 1215 1235 frustra
1232 1213 1324 1234 natura
1339 1208 1432 1234 divina
1443 1208 1596 1243 genuisset,
1615 1207 1666 1232 nisi
1679 1215 1723 1232 ea-

924 1245 986 1272 dem
1001 1245 1150 1276 docuisset,
1172 1246 1401 1280 quemadmodum
1419 1245 1451 1271 ad
1463 1254 1555 1272 eorum
1568 1253 1650 1270 venas
1662 1253 1723 1278 per-

925 1284 1076 1309 veniretur:
1099 1291 1147 1309 nec
1168 1282 1259 1319 fruges
1275 1288 1358 1309 terrae
1374 1283 1504 1309 baccasve
1519 1282 1645 1308 arborum
1661 1290 1722 1307 cum

925 1321 1038 1347 utilitate
1051 1320 1105 1346 ulla
1116 1321 1209 1356 generi
1223 1321 1339 1347 humano
1350 1320 1482 1350 dedisset,
1497 1320 1549 1346 nisi
1561 1328 1652 1345 earum
1665 1318 1724 1344 cul—

925 1363 968 1385 tus
979 1363 1005 1384 et
1015 1358 1183 1384 conditiones
1195 1358 1362 1384 tradidisset:
1377 1358 1486 1384 materia
1497 1356 1595 1383 deinde
1606 1356 1724 1391 quidiu-

925 1400 1011 1427 varet,
1026 1396 1078 1421 nisi
1090 1395 1265 1422 consectionis
1277 1396 1336 1422 eius
1348 1395 1476 1421 fabricam
1490 1393 1669 1420 haberemus‘?
1684 1394 1723 1419 sic

925 1442 987 1459 cum
1008 1433 1082 1459 omni
1098 1432 1226 1464 utilitate,
1250 1442 1331 1468 quam
1347 1432 1386 1459 dii
1403 1432 1560 1459 hominibus
1580 1431 1722 1461 dederunt,

926 1480 968 1496 ars
979 1469 1069 1505 aliqua
1081 1471 1222 1497 coniuncta
1234 1476 1283 1502 est,
1297 1480 1344 1505 per
1354 1479 1435 1505 quam
1449 1469 1493 1495 illa
1506 1468 1608 1495 utilitas
1620 1468 1724 1503 percipi

925 1508 1020 1543 possit.
1061 1508 1125 1534 Item
1139 1508 1221 1543 igitur
1232 1509 1355 1539 somniis,
1370 1506 1615 1537 vaticinationibus,
1629 1514 1724 1532 oracu—

926 1546 969 1576 lis,
983 1545 1055 1580 quod
1067 1550 1141 1571 erant
1152 1545 1234 1571 multa
1244 1546 1367 1576 obscura,
1384 1544 1467 1571 multa
1482 1544 1618 1579 ambigua,
1631 1543 1725 1578 expla-

926 1583 1047 1610 nationes
1058 1582 1194 1609 adhibitae
1207 1588 1270 1609 sunt
1282 1584 1467 1617 interpretum.

984 1621 1040 1647 417.
1062 1620 1120 1652 Quo
1132 1620 1211 1646 modo
1222 1625 1310 1647 autem
1322 1626 1367 1646 aut
1379 1625 1452 1646 vates
1464 1623 1509 1646 aut
1519 1619 1683 1645 somniantes
1695 1626 1725 1643 ea

927 1657 1043 1689 videant,
1057 1666 1126 1693 quae
1139 1666 1273 1693 nusquam
1285 1659 1439 1684 etiamtunc
1450 1658 1516 1686 sint,
1534 1664 1629 1691 magna
1641 1663 1724 1690 quae-

926 1696 977 1722 stio
992 1700 1042 1722 est.
1083 1695 1136 1721 Sed
1153 1695 1288 1730 explorata
1304 1696 1328 1721 si
1343 1696 1397 1722 siut
1412 1704 1456 1725 ea,
1474 1702 1542 1729 quae
1558 1698 1619 1719 ante
1631 1693 1725 1727 quaeri

926 1733 1053 1765 debeant,
1068 1733 1122 1759 sint
1134 1732 1208 1763 haee.
1224 1742 1293 1768 quae
1305 1733 1471 1768 quaerimus,
1487 1730 1615 1757 faciliora.
1656 1730 1725 1756 Con-

927 1771 993 1797 tinet
1003 1771 1076 1796 enim
1088 1775 1168 1797 totam
1182 1770 1250 1797 hanc
1261 1771 1447 1805 quaestionem
1459 1778 1488 1795 ea
1504 1769 1583 1799 ratio,
1601 1776 1670 1802 quae
1686 1772 1727 1793 est

926 1811 956 1834 de
966 1813 1063 1834 natura
1073 1811 1176 1834 (luorum
1188 1816 1202 1833 a
1215 1813 1238 1834 te
1250 1807 1368 1834 secundo
1381 1807 1448 1833 libro
1455 1806 1586 1841 explicata
1594 1804 1724 1831 dilucide.

926 1845 1012 1877 Quam
1023 1846 1046 1871 si
1058 1845 1226 1877 obtinemus,
1240 1845 1321 1872 stabit
1331 1844 1398 1871 illud
1410 1844 1536 1880 quidem,
1553 1842 1624 1878 quod
1638 1841 1725 1868 locum

927 1883 999 1909 hunc
1014 1884 1144 1914 continet,
1166 1882 1199 1909 dc
1213 1892 1267 1918 quo
1283 1883 1404 1918 agimus.
1421 1890 1480 1908 esse
1497 1881 1574 1911 deos,
1592 1885 1617 1906 et
1633 1888 1725 1906 corum

926 1920 1096 1955 providentia
1108 1920 1240 1946 mundum
1252 1920 1444 1950 administrari,
1453 1919 1616 1953 cosdemque
1627 1926 1726 1944 consu-

928 1958 980 1985 lere
992 1958 1073 1984 rebus
1086 1958 1221 1989 humanis.
1230 1966 1279 1984 nec
1290 1957 1378 1984 solum
1391 1958 1535 1987 universis,
1545 1956 1725 1981 verumetiam

926 1995 1054 2031 singulis
1096 1996 1165 2022 llaec
1180 1996 1204 2022 si
1221 2000 1356 2026 tenemus,
1377 2003 1446 2030 quae
1462 1994 1530 2020 mihi
1546 1992 1657 2028 quidem
1675 2001 1726 2018 non

928 2033 1054 2059 videntur
1064 2042 1143 2068 posse
1155 2032 1284 2066 convelli;
1299 2032 1416 2068 prolecto
1428 2031 1586 2058 hominibus
1597 2039 1610 2056 a
1622 2029 1675 2056 diis
1684 2029 1726 2055 su-

927 2075 985 2097 tura
1006 2070 1155 2105 significari
1180 2078 1289 2097 necesse
1308 2075 1358 2096 est.
1400 2070 1452 2096 LII.
1478 2071 1532 2095 ΗΒ.
1555 2068 1608 2094 Sed
1629 2067 1726 2093 distin-

927 2107 1066 2143 guendum
1084 2107 1204 2138 videtur,
1224 2116 1342 2142 quonam
1358 2107 1447 2134 modo.
1488 2107 1555 2132 Nam
1572 2114 1623 2131 uon
1641 2104 1727 2139 placet

928 2144 1160 2179 Stoicis,singulis
1176 2145 1293 2171 iecorum
1307 2145 1378 2170 lissis
1389 2149 1435 2170 aut
1445 2144 1538 2170 avium
1549 2142 1672 2168 cantibus
1686 2142 1726 2167 in-

928 2187 1027 2208 teresse
1041 2181 1137 2208 deum:
1161 2190 1249 2216 neque
1265 2183 1336 2207 enim
1352 2181 1479 2207 decorum
1495 2185 1536 2207 est
1552 2188 1599 2206 nec
1615 2179 1667 2204 iliis
1684 2178 1726 2204 di-

927 2228 1026 2254 gnum,
1045 2227 1092 2245 nee
1109 2219 1164 2244 lieri
1181 2218 1236 2244 ullo
1251 2224 1326 2252 pacto
1342 2223 1441 2252 potest:
1459 2217 1506 2244 sed
1523 2218 1557 2244 ita
1569 2226 1581 2242 a
1594 2216 1728 2251 principio

929 2256 1083 2282 inchoatum
1095 2265 1154 2282 esse
1167 2255 1313 2285 mundum,
1333 2260 1361 2281 ut
1376 2256 1455 2281 certis
1471 2255 1551 2281 rebus
1568 2259 1637 2279 certa
1650 2253 1726 2286 signa

929 2298 1140 2328 praecurrerent,
1153 2293 1204 2318 alia
1218 2294 1244 2318 in
1256 2293 1335 2322 extis,
1349 2292 1400 2319 alia
1413 2293 1439 2318 in
1451 2292 1557 2318 avilius.
1571 2291 1621 2316 alia
1635 2290 1660 2316 in
1675 2288 1727 2315 ru!-

927 2330 1052 2366 guribus,
1065 2330 1116 2357 alia
1130 2331 1156 2356 in
1168 2330 1293 2360 ostentis,
1307 2329 1358 2355 alia
1372 2329 1398 2356 in
1410 2329 1508 2359 stellis,
1522 2329 1572 2354 alia
1586 2329 1612 2353 iu
1624 2328 1728 2353 somni—

928 2369 1030 2394 antium
1048 2368 1129 2398 visis,
1147 2367 1198 2394 alia
1215 2368 1241 2393 in
1258 2366 1403 2393 furentium
1417 2366 1537 2392 vocibus.
1578 2365 1613 2390 l-Ia
1625 2364 1727 2399 quibus

929 2406 996 2432 bene
1007 2409 1130 2440 percepta
1142 2409 1214 2435 sunt,
1229 2405 1246 2430 ii
1259 2413 1310 2430 non
1323 2412 1401 2438 saepe
1415 2403 1553 2429 falluntur.
1586 2401 1652 2427 Male
1663 2411 1727 2428 ron-

929 2444 994 2469 iecta
1007 2442 1130 2477 maleque
1142 2443 1311 2476 interpretata
1327 2441 1391 2467 salsa
1403 2445 1535 2469 suntuuon
1549 2447 1637 2465 rerum
1651 2439 1725 2470 vitio,

928 2480 975 2506 sed
993 2480 1167 2514 interpretum
1185 2479 1336 2505 inscientia.
1378 2478 1430 2503 lloc
1445 2482 1533 2503 mitem
1550 2477 1636 2511 posito
1647 2482 1726 2511 atque

927 2526 1068 2546 concesso.
1082 2526 1141 2543 esse
1152 2516 1298 2552 quamdam
1311 2516 1365 2541 vim
1377 2515 1513 2544 divinam,
1532 2514 1672 2540 homiuum
1685 2515 1726 2539 vi-

929 2560 981 2581 tam
993 2555 1186 2586 continentem,
1205 2563 1256 2580 non
1268 2552 1378 2579 difficile
1390 2557 1439 2582 est,
1452 2560 1521 2586 quim
1534 2551 1589 2577 lieri
1602 2557 1672 2578 certe
1684 2552 1726 2576 vi-

928 2592 1037 2623 demus.
1059 2600 1089 2618 ea
1105 2600 1158 2627 qua
1175 2592 1275 2618 ratione
1292 2591 1366 2620 liant,
1385 2589 1528 2624 suspirari.
1570 2589 1637 2615 Nam
1651 2593 1677 2615 et
1693 2588 1725 2614 ad

929 2629 1043 2656 hostiam
1054 2629 1226 2664 deligendum
1238 2632 1323 2663 potest
1337 2627 1393 2653 dux
1405 2635 1463 2652 esse
1476 2625 1726 2661 visquaedamsen-

905 2680 908 2697 ι
929 2667 1012 2697 tiens,
1029 2675 1098 2702 quac
1114 2671 1154 2694 est
1170 2671 1222 2693 toto
1237 2665 1349 2692 confusa
1365 2664 1480 2692 mundo:
1501 2668 1527 2690 et
1543 2668 1614 2695 tum,
1638 2664 1726 2699 ipsam
