1941 3052
789 126 845 151 t38.
885 124 920 150 Μ.
953 123 984 150 Τ.

251 128 312 154 1252

245 199 385 227 votivione.
404 197 435 222 Se·
446 199 536 222 ΙιιιΙιιἾ-ι·
551 197 683 221 consilium
695 197 848 228 reipublicae
858 196 980 223 salutaro,
992 197 1035 220 ned
1054 194 1064 211 ’ἶ

246 238 272 262 iul
287 247 306 260 iu
317 239 349 261 uri
364 245 410 260 urm
427 243 488 267 opm
503 243 567 258 csse:
584 232 742 267 postulavit,
761 237 787 257 ut
803 234 912 265 aliquem
927 233 1035 264 populna
1055 257 1057 266 k

245 276 330 299 :tm-0⁴1,
356 275 456 305 quirum
483 273 686 295 communicatu-I.
727 270 807 295 Datus
832 274 872 295 est
893 269 1033 296 Aristides.

246 311 312 336 ttuis·
326 309 377 337 illc,
389 309 498 333 l'taan
512 307 774 335 Lut't'tlrtmttont‘oruttt,
787 316 852 340 quae
861 309 985 332 substracta
997 316 1035 332 cn-

244 352 280 372 srt
295 349 329 372 nul
346 347 479 377 (tyna-um,
498 346 562 369 clam
579 346 775 376 itu·r1111i1›ossc;
799 353 848 377 quo
865 347 933 377 [ricto
947 347 1033 377 [νιιιιψ

246 385 499 409 laverim-uuminrum
515 390 572 414 opus
588 390 683 405 necesse
703 385 772 406 esse-t.
811 380 886 413 Quod
904 381 1034 407 Aristides
1055 386 1056 404 ἶ

244 429 328 455 quum
345 419 476 448 audisset,
501 419 526 443 in
547 418 701 444 concionem
723 427 816 452 inagna
838 420 1034 453 exspectatione
1054 405 1056 451 l

245 458 317 483 venit
328 456 459 490 dixitque,
475 456 582 481 I’erutilt·
592 464 644 481 esse
655 457 800 483 consilium,
818 458 885 488 quoa!
899 456 1034 482 lemixto-
1054 455 1056 474 ἶ

244 496 293 519 cles
304 496 420 526 afferri-t.
437 494 479 517 sed
494 495 595 518 mininie
609 494 746 518 honesturn.
787 493 877 527 Itaque
889 492 1035 519 Athenien·
1054 503 1055 512 ¹

243 540 295 560 ses,
308 530 379 565 quod
393 530 532 555 honestum
546 539 596 555 non
609 533 686 560 esset,
703 529 728 555 id
741 529 849 555 neutile
861 530 971 564 quidem
985 539 1035 565 pu-
1054 543 1055 546 ¹

244 572 365 594 tux-eruut
377 572 511 601 totamque
522 575 579 592 eam
593 575 661 596 rem,
679 575 759 601 quam
777 575 808 592 ne
823 567 962 594 audierant
972 568 1035 602 qui-
1054 571 1055 587 ἓ

242 605 317 635 «leui,
345 609 449 630 auctore
471 603 586 630 Aristide
613 603 832 638 repudiaverunt.

242 651 322 676 qnam
336 650 391 670 nos,
405 642 451 675 qui
465 641 562 675 piratas
576 641 718 671 immunes,
734 642 820 667 socios
832 641 975 677 vectigales
987 642 1035 668 ha-

243 679 347 705 bemus.
371 678 427 704 xit.
445 679 546 704 Maneat
557 686 628 713 crgo,
642 680 708 711 quod
720 683 792 711 turpe
804 681 846 708 sit,
861 681 886 704 iet
898 688 1034 713 numquam

241 718 303 742 utile
313 725 372 745 csse,
386 725 415 741 m·
426 721 476 741 tum
488 717 595 749 quidem,
607 725 684 749 quum
696 718 729 744 id,
742 718 808 749 quod
819 725 870 742 esse
882 718 942 742 utile
951 721 1032 749 putes,
1054 742 1055 752 ἵ

241 755 393 786 adipiscare.
420 753 472 779 lloc
483 753 555 778 enim
568 753 666 787 ipsum,
680 752 744 779 utile
755 758 857 788 putare,
873 753 946 788 quod
957 758 1033 789 turpe
1053 753 1055 786 ff

241 791 285 822 sit,
298 790 482 816 calamitosum
495 795 544 816 est.

297 829 338 854 50.
361 827 411 853 Sed
429 827 563 858 incidunt,
585 831 614 853 ut
633 835 713 862 supra
729 827 801 858 dixi,
823 835 902 862 saepe
919 837 1032 857 caussae,

241 874 318 899 quum
332 874 474 897 repuynare
488 866 587 891 utilitas
601 866 725 890 honestati
738 867 852 893 videtur:
868 870 897 892 ut
911 865 1034 892 animad-

242 901 399 928 vertendum
411 902 454 932 sit,
464 907 627 937 repugnetne
639 901 725 936 plane,
738 910 770 928 an
783 903 867 937 possit
877 911 938 928 cum
951 900 1034 929 lione-

241 944 307 965 state
323 939 460 974 coniungi.
502 939 566 965 Eius
581 939 688 974 generis
705 939 753 965 liae
769 944 831 966 sunt
845 941 1030 974 quaestiones:

227 976 277 1007 ¹Si,
291 976 407 1010 exempli
419 977 512 1011 gratia,
526 977 567 1002 vir
578 976 830 1003 bonusAlexandi-ia
842 977 964 1003 Rhodum
977 986 1034 1004 ma-

240 1022 325 1049 gnum
348 1013 473 1039 frumenti
494 1022 635 1039 numerum
657 1014 794 1040 advexerit
818 1015 844 1040 in
866 1014 1032 1041 Rhodiorum

241 1051 330 1085 inopia
345 1055 370 1077 ct
385 1050 453 1077 fame
469 1059 628 1085 summaque
645 1060 763 1077 annonae
779 1052 898 1084 caritate,
922 1052 945 1078 si
961 1051 1031 1078 idem

240 1088 319 1118 sciat,
340 1087 490 1122 cumplures
507 1093 664 1114 mercatores
679 1088 839 1115 Alexandria
855 1089 969 1115 solvisse
986 1098 1033 1115 na-

240 1133 341 1159 vesque
358 1125 383 1151 in
399 1134 479 1151 cursu
495 1124 626 1151 frumento
641 1130 750 1152 onustas
772 1131 892 1160 petentes
907 1126 1031 1153 Rhodum

240 1162 351 1188 viderit:
371 1162 526 1188 dicturusne
541 1163 575 1188 sit
592 1162 618 1188 id
636 1162 759 1193 Rhodiis,
781 1172 813 1189 an
829 1163 936 1190 silentio
951 1173 1031 1190 suum

239 1208 320 1234 qnam
337 1199 453 1233 plurimo
470 1199 646 1225 venditurus?
665 1200 817 1234 Sapientem
833 1206 858 1227 et
874 1201 974 1227 bonum
991 1202 1032 1227 vi-

239 1245 298 1263 rum
316 1236 456 1271 fingimus:
479 1236 512 1262 de
527 1237 585 1262 eius
599 1236 791 1264 deliberatione
802 1242 827 1264 et
838 1237 1032 1265 consultatione
1052 1257 1055 1286 Ι

238 1274 408 1308 quaerimus;
422 1274 469 1308 qui
481 1273 615 1300 celaturus
628 1274 744 1301 Rhodios
755 1284 806 1301 non
818 1276 866 1306 sit,
880 1276 903 1301 si
916 1275 942 1301 id
954 1280 1031 1310 turpe

238 1310 352 1343 iudicet,
371 1310 417 1336 sed
428 1310 545 1341 dubitet,
559 1316 635 1346 turpe
647 1312 694 1342 sit,
708 1320 739 1338 an
751 1317 828 1347 turpe
841 1321 891 1339 non
903 1314 947 1339 sit.
988 1314 1030 1339 5⁴.

237 1348 266 1374 In
283 1347 439 1374 huiusmodi
454 1349 558 1374 caussis
574 1348 647 1374 aliud
663 1349 773 1384 Diogeni
784 1349 931 1386 Babylonio
946 1350 1031 1377 videri
1052 1353 1054 1374 l

237 1384 313 1415 solet,
327 1393 423 1420 magno
434 1389 459 1411 et
469 1385 649 1420 graviStoico,
663 1386 736 1412 aliud
748 1387 894 1422 Antipatro,
909 1387 1032 1422 discipu-

237 1421 262 1448 lo
274 1423 342 1453 eius,
356 1422 459 1448 homini
470 1423 635 1450 acutissimo.
676 1423 823 1459 Antipatro,
835 1427 920 1450 onmia
929 1428 1032 1458 patefa-

238 1462 340 1489 cienda,
357 1465 383 1486 ut
394 1469 424 1485 ne
434 1462 496 1493 quid
505 1462 618 1493 omnino,
637 1463 703 1494 qaod
715 1464 829 1487 venditor
839 1465 918 1492 norit,
936 1467 1032 1495 emptor

236 1499 348 1530 ignoret:
368 1497 492 1532 Diogeni,
506 1500 671 1527 venditorem,
688 1504 812 1532 quatenus
823 1502 880 1525 iure
891 1501 962 1526 cicili
971 1508 1032 1525 con·
1052 1496 1054 1518 l

235 1537 350 1560 stitutum
356 1537 397 1563 sit,
404 1537 488 1560 dicere
498 1537 561 1560 vilia
571 1540 700 1568 oportere:
713 1541 795 1562 cetera
805 1539 859 1562 sine
866 1539 1032 1570 insidiisaye-

235 1580 278 1597 re:
285 1576 316 1601 et,
323 1574 443 1604 quonium
448 1574 548 1602 vendat,
555 1574 618 1598 velle
624 1581 699 1606 quam
706 1576 798 1606 optime
804 1576 916 1600 vendere.
932 1583 943 1598 n
950 1574 1032 1600 Adve-

236 1611 275 1639 (εἰ,
283 1611 397 1641 exposui,
408 1611 487 1635 vendo
496 1617 576 1635 meum
587 1618 637 1635 non
645 1611 737 1642 pluris,
745 1619 821 1644 quam
833 1614 909 1637 ceteri
912 1633 916 1639 ,
923 1614 1032 1644 sortasse

236 1648 313 1671 etiam
324 1648 436 1675 minoris,
452 1655 529 1679 quum
540 1649 622 1672 maior
632 1652 668 1673 est
679 1650 759 1680 copia.
801 1647 848 1674 Cui
857 1649 884 1681 fit
895 1647 1031 1674 iniuriaP«

236 1682 408 1708 &Exoritur
418 1683 549 1717 Antipatri
561 1684 626 1710 ratio
637 1692 671 1710 ex
682 1683 762 1710 altera
774 1689 860 1719 parte:
874 1695 886 1709 i>
895 1685 962 1717 Quid
971 1684 1032 1711 ais?

237 1723 272 1749 tu,
288 1728 365 1752 quum
376 1721 516 1746 hominibus
528 1722 657 1747 consulere
667 1723 757 1748 debeas
767 1727 790 1748 et
799 1725 896 1748 servire
907 1724 1032 1748 humanae

235 1759 359 1786 societati,
366 1766 444 1790 caque
455 1759 507 1790 leffe
518 1762 593 1783 natus
603 1760 639 1784 sis
649 1763 671 1784 et
683 1767 711 1784 ea
722 1760 947 1792 habeasprincipia
955 1764 1032 1785 natu-

235 1803 290 1824 rae,
297 1796 388 1827 quibus
391 1803 484 1826 parere
494 1800 516 1820 et
522 1798 663 1828 quaesequi
668 1797 766 1826 debeas,
773 1801 801 1822 ut
807 1798 907 1822 utilitas
913 1801 957 1822 tua
964 1805 1031 1823 coni-

235 1833 320 1857 munis
330 1834 362 1857 sit
374 1833 484 1861 utilitas,
503 1834 664 1865 vicissimque
674 1835 813 1859 communis
823 1835 923 1859 utilitas
934 1838 977 1859 tua
987 1835 1030 1863 sit,

237 1869 330 1893 celabis
337 1869 1031 1903 homines,‹1uidiisadsitcommoditatisetcopiae?«Re-

236 1905 516 1940 spondebitDiogenes
523 1905 632 1932 fortasse
643 1907 696 1932 sic:
709 1908 800 1932 »Aliud
810 1912 846 1932 est
857 1909 947 1937 celare,
958 1909 1031 1933 aliud

237 1946 334 1968 tacere:
345 1951 423 1975 neque
434 1951 478 1975 eqo
487 1951 555 1968 nunc
566 1947 588 1968 te
600 1944 689 1973 celo,si
700 1945 746 1969 tibi
756 1946 876 1973 nondico,
884 1953 949 1977 quae
955 1949 1031 1970 natu-

235 1987 268 2004 ra
278 1980 381 2004 deorum
392 1981 432 2008 sit,
439 1981 484 2012 qui
494 1981 527 2004 sit
532 1981 591 2012 finis
597 1981 731 2006 bonorum.-
741 1989 807 2013 quae
813 1982 859 2006 tibi
861 1983 920 2014 plus
924 1983 1031 2014 prodes-

235 2020 290 2041 sent
301 2017 410 2048 coquito,
423 2024 498 2049 quam
511 2018 592 2042 tritici
602 2018 699 2043 vilitas.
728 2017 778 2043 sea
788 2021 975 2051 numquit-qaid
985 2020 1031 2044 tibi

873 604 969 630 Melius
996 605 1032 635 hi,
1054 602 1063 620 ³¹

235 2055 328 2079 audire
339 2054 400 2078 utile
410 2057 454 2081 est,
470 2055 496 2078 id
507 2054 567 2078 mihi
575 2055 659 2079 dicere
670 2063 768 2080 necesse
778 2060 836 2080 est«
849 2070 886 2074 —
903 2057 944 2081 53.
964 2056 1031 2081 »Im-
1052 2077 1053 2087 ,

235 2098 276 2115 mo
286 2098 352 2119 cero,
367 2088 481 2125 [inquiet
493 2088 559 2126 ille,]
570 2099 667 2117 necesse
678 2096 724 2121 est,
741 2094 764 2117 si
774 2094 874 2125 quidem
885 2095 1028 2123 meministi,
1051 2093 1053 2122 j

236 2135 288 2152 esse
307 2129 373 2152 inter
392 2128 502 2153 homines
517 2132 611 2154 natura
628 2131 786 2154 coniunctam
804 2132 975 2155 societatem«
995 2145 1030 2149 —
1051 2127 1053 2135 '

236 2163 367 2194 »Memini,
380 2164 484 2198 inquiet
496 2163 552 2196 ille,
565 2167 609 2190 sed
619 2174 678 2191 num
690 2168 740 2191 ista
749 2169 856 2192 societas
867 2169 928 2193 talis
938 2171 986 2197 est,
1002 2172 1030 2193 ut
1050 2171 1052 2195 l

235 2203 300 2227 nihil
309 2209 383 2227 suum
394 2203 543 2234 cuiusquam
552 2201 605 2227 sit?
618 2202 690 2234 Quod
698 2206 721 2228 si
732 2205 766 2229 ita
779 2208 823 2233 est,
834 2213 864 2229 ne
874 2206 1029 2230 vendendum
1050 2208 1051 2225 1

236 2240 335 2271 quidem
346 2240 484 2271 quidquam
496 2243 543 2268 est,
556 2241 599 2264 sed
608 2242 778 2266 donandum«
816 2240 886 2267 XIII.
908 2241 990 2267 Vides
1001 2242 1028 2267 in

236 2275 285 2301 hac
296 2279 348 2302 tota
359 2275 550 2310 disceptatione
563 2285 614 2302 non
628 2276 695 2302 illud
705 2276 770 2308 dici,
785 2277 907 2309 Quamvis
917 2280 961 2304 hoc
973 2283 1029 2304 tur—

233 2321 265 2345 pe
273 2315 315 2343 sit,
331 2317 425 2342 tamen,
441 2315 559 2346 quoniam
569 2316 682 2346 expedit,
693 2317 802 2347 saciam;
817 2315 864 2341 sed
876 2318 911 2341 ita
923 2318 1029 2348 expedi-

235 2358 272 2379 re,
284 2354 311 2375 ut
322 2355 395 2383 turpe
405 2358 455 2375 non
465 2352 512 2375 sit:
533 2358 567 2376 ex
577 2350 657 2376 altera
668 2355 756 2377 autem
767 2356 854 2386 parte,
872 2361 901 2378 ea
912 2361 951 2382 re,
967 2355 1028 2386 quia
1049 2364 1051 2376 ι

237 2390 310 2418 turpe
323 2389 369 2416 sit,
388 2395 439 2413 non
454 2396 506 2413 esse
519 2390 670 2420 faciendum.
710 2389 752 2414 54.
774 2389 877 2415 Vendat
891 2389 971 2415 aedes
987 2391 1029 2416 vir
1049 2379 1051 2415 l

236 2422 322 2449 bonus
343 2429 450 2459 propter
470 2423 560 2459 aliqua
580 2425 657 2455 vitia,
682 2433 751 2460 quae
770 2426 827 2460 ipse
842 2427 924 2457 norit,
946 2427 1027 2453 ceteri
1049 2430 1051 2461 J

236 2459 370 2494 ignorent3
401 2461 555 2495 pestilentes
576 2462 643 2492 sint,
672 2467 697 2488 et
722 2462 870 2489 habeantur
889 2463 1024 2496 salubres;
1049 2463 1051 2488 l

236 2496 385 2531 ignoretur,
402 2499 429 2524 in
443 2498 569 2525 omnibus
585 2498 719 2525 cubiculis
736 2507 862 2534 apparere
874 2505 1024 2535 serpente53

237 2532 306 2558 male
318 2535 467 2561 materiatae
478 2536 540 2566 sint,
554 2536 691 2562 ruinosae:
706 2535 754 2562 sed
766 2537 815 2563 hoc
826 2542 929 2571 praeter
939 2537 1028 2564 domi-

236 2578 302 2596 num
314 2579 390 2597 nemo
400 2573 475 2598 sciat.
515 2572 626 2604 Quaero,
643 2573 666 2599 si
679 2573 743 2599 haec
754 2574 921 2608 emptoribus
932 2575 1028 2601 vendi-

236 2611 276 2634 tor
296 2615 347 2633 non
367 2607 478 2639 dixerit,
500 2609 634 2647 aedesque
655 2610 806 2637 vendiderit
825 2611 912 2646 pluris
932 2612 1024 2643 multo,

236 2652 319 2679 quam
329 2652 357 2670 se
369 2645 541 2672 venditurum
552 2648 665 2681 putarit,
677 2656 742 2674 num
754 2647 782 2674 id
793 2649 906 2680 iniuste,
919 2654 964 2676 aut
975 2650 1028 2676 im-
1047 2634 1051 2676 l

1019 123 1305 151 CICERONIS

1087 194 1168 229 probe
1193 194 1303 220 lecerit?
1328 195 1388 221 »Illo
1406 204 1488 226 ceros
1518 197 1606 232 inquit
1628 198 1775 234 Antipater.
1833 201 1877 228 55.

1087 234 1169 263 „Quid
1179 237 1214 257 est
1225 235 1291 257 enim
1301 233 1382 262 aliud,
1393 237 1518 260 erranti
1529 237 1608 260 viam
1620 245 1678 262 non
1689 242 1878 269 monui-are,

1086 271 1152 302 quod
1164 270 1265 294 Athenin
1275 272 1492 296 exsecrationibus
1500 273 1610 304 pumici·
1619 279 1734 300 nunctum
1745 280 1788 304 cu,
1801 278 1824 301 ui
1833 277 1880 302 hoe

1086 315 1135 331 nan
1145 310 1189 335 eut,
1197 311 1330 339 emptorem
1339 310 1395 339 pati
1406 317 1480 334 ruere
1491 314 1513 334 et
1522 318 1568 342 per
1578 319 1690 336 errorem
1702 314 1727 337 in
1739 315 1880 339 masimam

1085 345 1201 375 fraudem
1212 343 1363 369 incurrere?
1378 344 1436 371 t’tm
1446 348 1521 371 etiam
1531 351 1658 380 nuquam
1670 351 1736 374 riam
1748 358 1796 374 nan
1808 358 1880 376 mon-

1085 385 1183 405 strare:
1198 389 1257 406 nam
1272 385 1307 406 eat
1322 384 1439 408 scientem
1455 385 1481 408 in
1496 392 1608 410 errorem
1618 386 1726 411 atterum
1738 388 1880 413 Μάκαρα

1086 417 1217 452 Diogenes
1228 423 1316 444 contra
1326 428 1331 444 .·
1350 418 1430 444 »Num
1440 425 1462 446 tc
1473 429 1553 446 emere
1564 424 1656 454 coeyit,
1668 425 1712 455 qui
1723 432 1753 448 ne
1763 425 1880 451 hortatus

1085 457 1185 488 quidem
1196 455 1250 481 ent?
1263 455 1315 484 Ille,
1323 458 1389 489 qaod
1400 465 1449 482 non
1457 458 1583 490 placebat,
1592 462 1758 493 proccripeit,¹
1770 465 1805 489 tu,
1813 462 1881 495 quod

1084 493 1209 524 placebat,
1222 495 1310 518 emisti.
1338 493 1410 525 Quod
1419 497 1442 520 ei
1452 497 1498 528 qui
1505 497 1681 528 proscribunt,
1699 498 1807 523 tillem
1827 500 1880 525 bo-

1086 538 1153 554 nam
1174 531 1307 563 beneque
1321 532 1542 564 aedificatam,
1557 541 1606 558 non
1617 536 1798 560 esi-intimantur
1807 536 1879 568 [elel-

1086 567 1156 596 lisse,
1179 569 1254 592 etiam
1269 569 1292 593 si
1308 569 1353 593 illa
1368 576 1412 594 nec
1428 570 1493 594 bona
1508 575 1544 595 eet
1559 578 1604 596 nec
1618 573 1753 604 aedificata
1765 574 1879 604 rationu

1085 604 1164 629 multo
1174 606 1270 634 minua,
1287 607 1331 638 qui
1341 607 1441 631 domum
1451 615 1500 631 non
1513 608 1661 633 laudarunt.
1704 608 1751 634 Ubi
1761 611 1826 635 enim
1839 611 1880 635 iu-

1085 643 1179 666 dicium
1190 644 1309 674 emptoris
1320 647 1363 672 est,
1372 644 1406 668 ibi
1411 646 1486 676 [raus
1496 646 1635 671 venditoris
1645 654 1710 679 quae
1719 650 1798 678 potent
1809 644 1880 673 cue?

1085 677 1132 704 Sin
1145 683 1229 704 autem
1243 681 1338 704 dictum
1353 688 1403 705 non
1414 689 1485 706 omne
1493 684 1677 714 praestandum
1692 688 1740 712 est.
1757 685 1824 716 quod
1838 685 1880 710 dt-

1085 720 1151 741 ctum
1163 724 1211 741 non
1223 721 1267 746 est,
1281 718 1307 742 itl
1316 720 1498 749 praestandum
1507 718 1605 752 putas?
1617 719 1685 751 Quia
1696 728 1755 746 rer-o
1766 722 1878 751 stultius,

1084 761 1161 786 quam
1172 755 1324 778 venditorem
1335 757 1390 779 eiua
1404 758 1451 783 rei,
1470 764 1547 788 quam
1558 758 1662 787 vendat,
1674 759 1737 783 vitia
1749 756 1880 784 narrare?

1087 789 1154 821 Quid
1169 795 1252 816 autem
1268 795 1319 816 tam
1333 793 1484 822 absurdum,
1505 802 1582 826 quam
1598 796 1621 819 ai
1638 796 1734 820 domini
1754 796 1824 821 iussu
1842 797 1880 821 ila

1083 836 1176 859 praeco
1190 829 1335 860 praedicet:
1350 831 1467 854 domum
1484 832 1683 862 pestilentem
1704 831 1878 858 vendo?⁴¹56.

1054 867 1055 871 ’
1085 864 1130 890 Sic
1145 873 1207 899 ergo
1224 865 1250 890 in
1266 865 1431 899 quibusdam
1446 868 1550 893 caussis
1565 867 1657 894 dubiis
1669 876 1702 894 ex
1714 867 1793 895 altera
1805 873 1879 904 parte

1085 901 1238 928 defenditur
1255 901 1392 933 honestas,
1415 911 1448 930 ex
1459 903 1539 930 altera
1553 905 1586 931 ita
1598 904 1631 931 de
1643 905 1756 932 utilitate
1767 906 1877 937 dicitur,

1085 943 1113 965 ut
1125 939 1161 969 id,
1174 938 1245 973 quod
1259 939 1323 965 uute
1336 939 1471 972 videatur,
1485 950 1536 968 non
1549 941 1627 968 modo
1639 942 1724 969 facere
1736 943 1878 970 honestum

1084 976 1135 1006 sit,
1152 976 1199 1002 sed
1214 977 1292 1002 etiam
1310 985 1361 1003 non
1379 977 1463 1004 lacere
1479 983 1566 1014 turpe.
1608 980 1675 1005 Haec
1686 985 1726 1006 est
1738 980 1792 1011 itta,
1809 987 1880 1015 quae

1085 1013 1191 1039 videtur
1212 1013 1318 1039 utilium
1341 1013 1398 1041 fleri
1419 1024 1480 1041 cum
1503 1016 1622 1043 honestis
1637 1025 1716 1052 saepe
1732 1017 1877 1044 dissensio.

1083 1050 1156 1082 Quae
1168 1050 1341 1077 diiudicanda
1357 1057 1434 1078 sunt:
1455 1061 1506 1079 non
1522 1054 1609 1084 enim,
1632 1058 1661 1080 ut
1676 1062 1876 1089 quaeret-emm,

1084 1088 1274 1122 exposuimus,
1297 1087 1344 1114 sed
1365 1093 1394 1114 ut
1409 1089 1618 1124 explicaremus.
1658 1092 1700 1117 57.
1723 1092 1779 1118 Non
1796 1092 1804 1118 i
1827 1092 1880 1118 itur

1085 1125 1191 1151 videtur
1202 1133 1250 1150 nec
1262 1124 1453 1153 frumentarius
1466 1127 1510 1153 ille
1519 1127 1644 1159 Rhodios,
1654 1137 1703 1155 nec
1715 1128 1758 1155 hic
1769 1100 1878 1155 aeffium

1084 1162 1208 1188 venditor
1222 1162 1308 1188 celare
1329 1168 1462 1198 emptores
1477 1164 1615 1191 debuisse.
1657 1166 1748 1200 Neque
1763 1166 1835 1192 enim
1850 1165 1879 1193 id

1084 1205 1124 1226 est
1134 1199 1228 1229 celare,
1237 1199 1372 1234 quidquid
1379 1202 1502 1231 reticeas,
1517 1202 1563 1228 sed
1576 1202 1751 1238 quum,quod
1763 1208 1790 1229 tu
1797 1203 1877 1234 scias.

1085 1237 1111 1263 id
1128 1237 1249 1272 ignorare
1264 1237 1439 1264 emolumenti
1451 1239 1490 1265 tui
1501 1247 1595 1265 caussa
1608 1239 1676 1266 velis
1687 1248 1745 1271 eos,
1762 1248 1879 1276 quorum

1084 1275 1188 1301 intersit
1204 1273 1231 1300 id
1246 1275 1325 1300 scire.
1366 1276 1418 1302 Hoc
1434 1281 1522 1302 autem
1537 1276 1642 1303 celandi
1657 1285 1743 1313 genus
1754 1277 1833 1313 quale
1843 1278 1880 1305 sit

1084 1317 1109 1339 et
1124 1312 1202 1337 cuius
1219 1311 1346 1343 bominis,
1368 1314 1431 1347 quis
1447 1321 1499 1340 non
1515 1313 1606 1340 videt‘?
1624 1314 1699 1341 Certe
1715 1323 1766 1342 non
1783 1315 1877 1350 aperti,

1084 1358 1135 1375 non
1147 1348 1294 1383 simplicis.
1308 1358 1359 1376 non
1371 1350 1497 1386 ingenui,
1512 1359 1562 1377 non
1575 1352 1653 1382 iusti,
1671 1360 1723 1378 non
1735 1353 1787 1378 viri
1799 1352 1876 1379 boni:

1084 1387 1185 1412 versuti
1198 1386 1300 1421 potiuS,
1313 1387 1430 1418 obscuri,
1445 1389 1534 1419 astuti,
1549 1387 1660 1419 fallacis,
1674 1389 1810 1420 malitiosi,
1823 1388 1880 1416 cal-

1085 1423 1142 1454 lidi,
1157 1424 1320 1454 veteratoris,
1334 1424 1412 1451 vafri.
1453 1425 1522 1451 Haec
1534 1430 1570 1451 tot
1580 1431 1605 1452 et
1616 1426 1668 1452 alia
1679 1426 1771 1462 plura,
1789 1434 1878 1454 nonne

1084 1460 1179 1488 inutile
1191 1465 1239 1491 est,
1253 1461 1379 1487 vitiorum
1391 1462 1483 1488 subire
1494 1462 1620 1489 nomina?

1138 1498 1209 1524 XIV.
1231 1499 1273 1524 58.
1295 1498 1371 1530 Quod
1387 1500 1411 1526 si
1426 1499 1598 1534 vituperandi
1608 1505 1684 1531 sunt,
1702 1501 1749 1536 qui
1763 1501 1880 1528 reticue-

1083 1541 1158 1562 runt:
1174 1535 1241 1571 quid
1253 1535 1286 1561 de
1298 1536 1332 1562 iis
1343 1537 1555 1563 existimandum
1567 1542 1620 1569 est,
1633 1539 1681 1573 qui
1692 1538 1820 1565 orationis
1830 1546 1879 1564 va-

1083 1574 1193 1599 nitatem
1205 1572 1404 1600 adhibuerunt?
1414 1573 1444 1600 C.
1456 1574 1565 1606 Canius,
1579 1583 1663 1610 eques
1674 1576 1816 1606 Romanus,
1829 1583 1879 1602 nec

1083 1610 1215 1637 infacetus
1226 1615 1251 1636 et
1262 1611 1327 1637 satis
1339 1610 1483 1642 litteratus,
1501 1620 1586 1646 quum
1596 1621 1625 1639 se
1636 1612 1783 1648 Syracusas
1794 1615 1879 1639 otian-

1082 1651 1117 1677 di,
1130 1653 1159 1674 ut
1170 1650 1228 1683 ipse
1239 1647 1328 1674 dicere
1339 1648 1450 1679 solebat,
1464 1657 1513 1674 non
1524 1652 1672 1682 neqotiandi
1682 1658 1773 1676 caussa
1783 1654 1879 1676 contu·

1084 1685 1167 1716 lisset,
1182 1684 1320 1711 dictitabat
1330 1694 1357 1710 se
1366 1687 1481 1712 hortulos
1491 1688 1593 1719 aliquos
1603 1695 1683 1712 emere
1693 1688 1764 1717 ce11e,
1777 1695 1827 1720 quo
1837 1689 1878 1713 in-

1082 1726 1165 1749 vitare
1183 1725 1280 1748 arnicas
1298 1726 1321 1748 et
1340 1724 1383 1748 ubi
1397 1731 1423 1748 se
1437 1724 1562 1749 oblectare
1576 1726 1631 1749 sine
1646 1725 1879 1757 interpellatoribus

1080 1764 1173 1793 posset.
1213 1758 1290 1791 Quod
1305 1767 1390 1793 quum
1405 1759 1631 1794 percrebruisset,
1648 1760 1761 1795 Pythius
1776 1761 1801 1787 ei
1815 1761 1879 1796 qui-

1082 1797 1153 1827 dam,
1167 1797 1215 1831 qui
1227 1797 1405 1831 argentariam
1417 1796 1671 1832 faceretSyracusis,
1686 1796 1786 1834 [dixit.]
1799 1806 1878 1825 cena-

1083 1836 1118 1860 tes
1127 1836 1228 1867 quidem
1238 1842 1264 1859 se
1274 1835 1360 1859 hortos
1370 1842 1419 1859 non
1430 1835 1534 1860 habere:
1549 1837 1593 1860 sed
1610 1836 1686 1861 licere
1697 1837 1734 1861 uti
1747 1834 1839 1866 canto,
1854 1837 1879 1862 si

1082 1873 1168 1901 veltet,
1183 1875 1210 1896 ut
1220 1873 1287 1897 suis:
1303 1875 1328 1896 et
1338 1871 1420 1897 simul
1432 1871 1466 1897 ad
1477 1879 1587 1897 caenam
1599 1871 1736 1898 hominem
1748 1872 1776 1899 in
1787 1871 1878 1899 hortos

1083 1907 1208 1934 invitavit
1223 1908 1250 1933 in
1266 1912 1402 1942 posterum
1417 1908 1501 1935 diem.
1540 1907 1629 1940 Quum
1641 1909 1687 1935 ille
1697 1910 1876 1945 promisisset,

1082 1950 1140 1971 tum
1152 1944 1278 1980 Pythius.
1296 1946 1438 1979 quiesset,
1456 1950 1485 1972 ut
1499 1947 1680 1981 argentarius,
1698 1946 1771 1981 apud
1783 1955 1878 1973 omnes

1081 1982 1189 2009 ordines
1200 1982 1343 2018 gratiosus,
1352 1983 1536 2017 piscatoresad
1548 1991 1576 2009 se
1586 1984 1753 2014 convocavit,
1761 1988 1787 2011 et
1797 1984 1830 2011 ah
1842 1984 1877 2011 iis

1082 2020 1190 2054 petivit,
1214 2023 1243 2045 ut
1263 2024 1322 2046 ante
1337 2028 1401 2046 suos
1417 2020 1536 2046 hortulos
1552 2020 1681 2055 postridie
1697 2022 1874 2056 piscarentur,

1081 2057 1215 2091 dixitque,
1228 2055 1296 2091 quid
1307 2065 1352 2083 eos
1364 2056 1450 2084 facere
1461 2057 1551 2084 vellet.
1585 2057 1626 2084 Ad
1636 2066 1746 2084 caenam
1757 2063 1877 2094 tempore

1081 2095 1155 2120 venit
1175 2093 1285 2120 Canius.
1324 2093 1441 2129 Opipare
1460 2103 1474 2121 a
1489 2095 1585 2130 Pythio
1605 2100 1762 2130 apparatum
1782 2097 1877 2123 convi-

1081 2132 1170 2164 vium,
1183 2131 1342 2166 cymbarum
1354 2137 1414 2158 ante
1424 2131 1516 2158 oculos
1527 2131 1684 2165 multitud03
1702 2141 1749 2167 pro
1759 2141 1789 2159 se
1799 2133 1877 2168 quis-

1080 2177 1133 2203 que
1144 2168 1217 2203 quod
1228 2173 1348 2202 ceperat,
1361 2168 1501 2201 afferebat3
1519 2173 1580 2196 ante
1590 2169 1673 2204 pedes
1683 2170 1775 2205 Pythii
1785 2171 1876 2205 pisces

1080 2205 1286 2232 abiiciebantur.
1326 2207 1368 2232 59.
1390 2206 1459 2232 Tum
1476 2206 1589 2238 Canius,
1612 2207 1753 2238 »Quaeso«,
1774 2208 1873 2242 inquit,

1080 2245 1155 2276 nquict
1166 2247 1201 2268 est
1212 2244 1265 2272 hoc,
1275 2242 1365 2275 Pythi?
1379 2244 1519 2270 Tantumne
1526 2243 1656 2277 piscium?
1665 2249 1795 2270 tantumne
1805 2253 1876 2278 cym-

1080 2278 1203 2306 barum&
1230 2280 1262 2306 Et
1280 2279 1338 2310 itte,
1365 2281 1453 2312 »Quid
1467 2279 1597 2307 mirum&
1612 2281 1715 2316 inquit:
1741 2282 1806 2308 »hoc
1820 2283 1875 2308 loco

1079 2322 1123 2344 est.
1131 2317 1270 2350 Syracusis
1279 2319 1404 2351 quidquid
1415 2323 1451 2344 est
1458 2321 1583 2351 piscium:
1594 2319 1760 2352 hicaquatio:
1771 2320 1875 2345 haccit-

1080 2355 1105 2379 ta
1120 2356 1164 2380 isti
1179 2362 1267 2380 carere
1282 2363 1332 2379 non
1346 2360 1476 2387 pessuma
1514 2355 1642 2382 Incensus
1653 2355 1752 2382 Canius
1765 2355 1874 2390 cupidi-

1080 2395 1130 2417 tate
1140 2390 1276 2417 contendit
1287 2400 1300 2417 a
1311 2391 1416 2426 Pythio,
1430 2397 1459 2418 ut
1469 2392 1605 2419 venderet.
1637 2392 1750 2419 Gravate
1760 2391 1805 2418 ille
1816 2393 1874 2427 pri-

1080 2436 1132 2454 mo.
1173 2427 1243 2460 Quid
1256 2427 1357 2454 multa?
1368 2429 1500 2463 impetrat.
1540 2429 1612 2456 Emit
1627 2429 1706 2455 homo
1719 2428 1836 2463 cupidus
1847 2434 1874 2457 et

1081 2465 1199 2500 locuples
1215 2466 1293 2495 tanti,
1311 2467 1405 2500 quanti
1416 2466 1529 2501 Pythius
1544 2466 1642 2497 voluit,
1659 2470 1685 2492 et
1695 2466 1760 2492 emit
1771 2467 1873 2493 instru-

1079 2507 1148 2528 ctos:
1162 2503 1269 2528 nomina
1282 2501 1352 2532 facit,
1366 2504 1503 2538 negotium
1514 2503 1630 2530 conficit.
1664 2503 1761 2529 Invitat
1772 2503 1872 2531 Canius

1078 2539 1206 2574 postridie
1219 2539 1364 2566 familiares
1374 2549 1450 2572 suos;
1467 2541 1725 2574 venitipsemature:
1739 2540 1872 2567 scalmum

1079 2575 1185 2602 nullum
1197 2576 1279 2603 videt.
1308 2576 1418 2609 Quaerit
1431 2586 1464 2603 ex
1473 2577 1596 2612 proximo
1607 2577 1705 2607 vicino,
1722 2586 1781 2603 num
1790 2580 1872 2611 seriae

1078 2616 1203 2647 quaestam
1220 2616 1381 2647 piscatorum
1399 2619 1492 2644 essent,
1518 2616 1586 2648 quod
1603 2622 1645 2640 eos
1664 2615 1748 2641 nullos
1766 2617 1870 2641 videret.

1078 2650 1195 2682 nNuttae,
1207 2653 1274 2685 quod
1283 2654 1388 2682 sciam«
1403 2651 1505 2686 inquit:
1527 2653 1584 2677 »sed
1594 2652 1634 2677 liic
1643 2653 1744 2685 piscari
1754 2653 1820 2679 nulli
1827 2660 1871 2679 so-
