1941 3052
308 100 636 128 EPISTOLARUM
666 101 720 127 AD
748 101 976 129 DIVERSOS
1006 102 1086 129 LIB.
1108 103 1187 130 VIII.
1220 105 1281 131 ΕΡ,
1306 107 1390 132 42-
1413 108 1452 133 16.

249 170 415 198 CAELIUS
436 171 622 198 CICERONI
643 171 672 198 S.

119 214 142 240 i.
163 206 249 238 Tanti
265 221 317 238 non
333 212 384 238 fuit
399 215 514 239 Arsacen
529 222 632 248 capere,
646 213 796 240 Seleuciam
806 222 854 240 ex-

63 258 192 286 pugnare,
214 254 244 276 ut
254 258 346 276 earum
358 258 456 281 rerum,
473 259 541 285 quae
553 251 597 277 hic
606 256 696 287 gestae
707 256 779 282 sunt,
792 259 855 285 spe-

63 286 165 314 ctaculo
176 295 290 313 carereS.
312 287 465 322 Numquam
477 288 527 314 tihi
538 288 609 314 oculi
620 288 778 319 doluissent,
791 289 815 314 si
827 289 854 314 in

62 323 170 359 repulsa
181 324 288 350 Domitii
300 323 405 350 vultum
418 325 544 351 vidisses.
584 326 679 361 Magna
691 325 736 352 illa
747 326 854 352 comitia

62 361 185 392 fuerunt,
207 366 233 388 et
247 360 326 396 plane
342 361 431 388 studia
446 371 479 388 ex
494 362 611 396 partium
626 371 707 389 seusu
723 371 855 398 apparue-

62 403 138 425 runt:
169 399 297 433 perpauci
313 399 540 425 necessitudinem
551 400 636 426 secuti
646 400 765 427 officium
777 409 855 434 prae-

62 436 196 462 stiterunt.
236 436 327 470 ltaque
347 436 416 462 mihi
433 441 473 462 est
489 437 620 463 Domitius
636 438 852 468 inimicissimus,

61 477 138 499 utne
153 472 312 499 familiarem
328 473 439 507 quidem
455 482 535 499 suum
551 483 715 509 quemquam
726 480 779 501 tam
791 474 855 501 ode-

61 511 105 541 rit,
118 518 200 544 quam
212 518 267 536 me:
295 515 373 545 atque
385 519 415 537 eo
427 511 522 546 magis,
536 511 608 546 quod
618 520 667 546 per
678 512 805 538 iniuriam
816 512 855 538 si—

61 547 90 573 bi
101 552 177 582 putat
187 552 318 581 ereptum,
334 548 413 573 cuius
424 556 473 583 ego
483 553 574 574 auctor
584 548 692 575 fuerim.
722 550 799 575 Nunc
811 548 854 574 fu—

62 585 109 615 rit,
127 589 180 610 tam
196 585 303 619 gavisos
324 585 447 611 homines
462 594 543 611 suum
559 585 690 617 dolorem,
713 594 853 620 unumque

62 630 105 647 me
121 621 309 648 studiosiorem
321 622 437 648 Antonii.
464 622 531 648 Nam
542 622 590 649 Cn.
603 622 778 649 Saturninum
789 623 854 649 ado-

63 658 207 685 lescentem
228 659 285 693 ipse
300 659 348 685 Cn.
365 660 496 685 Domitius
512 668 587 685 reum
604 660 674 691 fecit,
692 669 755 686 sane
772 669 853 695 quam

62 697 200 731 superiore
218 705 231 721 a
250 696 304 722 vita
324 696 500 722 invidiosum.
540 696 617 728 Quod
633 697 765 723 iudicium
782 706 853 723 nunc

62 733 90 759 in
110 733 308 767 exspectatione
328 737 380 763 est,
403 734 482 759 etiam
503 734 530 759 in
546 733 615 760 bona
629 743 690 769 spe,
713 739 773 769 post
789 734 851 761 Sex.

61 770 193 796 Peducaei
203 769 408 796 absolutionem.
428 771 496 796 2.De
507 779 612 797 summa
624 772 762 806 republica
773 780 853 806 saepe

62 807 112 833 tibi
123 808 229 841 scripsi,
243 815 285 832 me
297 815 397 832 annum
408 815 501 842 pacem
513 817 565 834 non
577 808 682 835 videre:
696 814 721 835 et
732 818 854 844 quopro-

61 845 124 878 pius
139 853 170 870 ea
184 844 326 874 contentio,
344 852 425 879 quam
441 844 498 871 fieri
513 854 622 872 necesse
635 851 684 877 est,
697 846 808 877 accedit,
823 855 853 872 eo

61 880 160 907 clarius
180 881 208 907 id
223 880 375 916 periculum
393 886 511 916 apparet.
552 883 721 918 Propositum
738 883 787 910 hoc
802 888 850 914 est,

61 917 94 944 de
109 927 172 953 quo,
189 919 237 953 qui
253 927 341 944 rerum
357 919 504 953 potiuntur,
518 924 581 946 sunt
591 920 757 947 dimicaturi:
781 920 853 956 quod

61 955 110 982 Cn.
126 956 269 990 Pompeius
284 956 423 982 constituit
432 965 483 982 non
495 957 550 991 pati
561 957 591 984 C.
603 957 744 984 Caesarem
755 967 853 984 consu-

62 992 114 1019 lem
129 992 205 1019 aliter
221 992 286 1023 fieri,
305 993 358 1019 nisi
373 994 520 1019 exercitum
536 999 561 1020 et
571 996 724 1029 provincias
735 995 854 1022 tradide—

61 1030 108 1056 rit:
130 1029 236 1057 Caesari
246 1034 335 1056 autem
346 1038 505 1064 persuasum
517 1036 565 1062 est.
579 1040 607 1058 se
618 1032 724 1059 salvum
736 1041 852 1059 essenon

60 1075 148 1102 posse,
162 1067 185 1093 si
197 1067 230 1093 ab
241 1068 360 1093 exercitu
371 1069 520 1094 recesserit.
543 1069 603 1095 Fert
613 1069 853 1096 illamtamencon-

60 1104 199 1135 ditionem,
213 1109 242 1130 ut
252 1104 331 1130 ambo
342 1105 476 1131 exercitus
488 1105 600 1132 tradant.
641 1107 686 1133 Sic
698 1107 737 1133 illi
749 1116 852 1134 amores

60 1146 87 1168 et
97 1141 229 1168 invidiosa
241 1142 403 1173 coniunctio,
411 1151 463 1168 non
475 1142 508 1168 ad
519 1143 651 1170 occultam
662 1145 853 1171 reciditobtre-

60 1179 211 1210 otationem,
220 1178 267 1205 sed
281 1179 314 1205 ad
325 1178 427 1205 bellum
438 1188 466 1205 se
473 1182 602 1215 erumpit;
625 1190 722 1217 neque,
731 1191 851 1208 mearum

61 1224 151 1242 rerum
171 1216 243 1250 quod
258 1216 403 1242 consilium
419 1218 536 1251 capiam,
555 1219 668 1253 reperio.
708 1219 784 1251 Quod
800 1228 852 1246 non

60 1253 164 1284 dubito,
182 1254 249 1288 quin
263 1258 287 1280 te
302 1262 410 1288 quoque
422 1254 487 1280 haec
498 1254 655 1282 deliberatio
666 1257 701 1282 sit
712 1257 853 1291 perturba-

60 1295 129 1317 tura.
170 1290 236 1316 Nam
252 1290 320 1316 mihi
335 1299 398 1316 cum
414 1291 570 1318 hominibus
585 1293 627 1319 his
638 1298 665 1319 et
674 1294 759 1328 gratia
770 1298 795 1320 et
805 1302 852 1320 ne-

60 1327 196 1354 cessitudo
211 1332 264 1360 est;
292 1332 348 1353 tum
363 1336 486 1354 caussam
502 1329 586 1361 illam,
599 1339 651 1356 non
664 1330 786 1357 homines
796 1331 850 1357 odi.

60 1366 86 1391 3.
108 1364 178 1391 Illud
194 1369 218 1390 te
234 1373 286 1391 non
301 1365 415 1391 arbitror
427 1365 527 1401 sugere,
545 1368 611 1401 quin
624 1367 746 1394 homines
757 1369 784 1395 in
795 1368 853 1394 dis-

60 1403 184 1428 sensione
205 1401 350 1428 domestica
364 1402 491 1434 debeant,
514 1404 644 1438 quamdiu
659 1405 776 1432 civiliter
794 1407 852 1432 sine

60 1440 143 1466 armis
163 1444 291 1470 certetur,
313 1439 493 1466 honestiorem
514 1442 592 1476 sequi
613 1446 729 1476 partem:
753 1443 799 1469 ubi
818 1443 852 1469 ad

59 1476 163 1503 bellum
178 1481 204 1503 et
214 1481 298 1503 castra
314 1481 424 1503 ventum
438 1478 481 1509 sit,
499 1477 656 1512 firmiorem3
679 1484 705 1506 et
716 1480 742 1506 id
754 1480 852 1507 melius

59 1518 184 1544 statuere,
202 1522 255 1548 quo
270 1514 354 1540 tutius
370 1515 414 1541 sit.
454 1515 483 1541 In
496 1515 544 1541 hac
555 1515 689 1543 discordia
701 1517 788 1549 video,
802 1518 850 1544 Cn.

59 1551 217 1586 Pompeium
232 1556 364 1582 senatum,
382 1552 484 1586 quique
500 1561 542 1578 res
554 1553 682 1585 iudicant,
700 1563 791 1581 secum
804 1555 852 1581 lia-

59 1588 194 1615 biturum:
227 1588 260 1614 ad
277 1588 417 1615 Caesarem
432 1597 539 1621 omnes,
557 1591 604 1625 qui
618 1599 682 1617 cum
697 1592 791 1618 timore
807 1597 852 1619 aut

59 1625 129 1652 mala
140 1634 188 1660 spe
200 1625 300 1656 vivant,
309 1634 476 1654 accessuros:
500 1628 647 1654 exercitum
659 1628 851 1656 conserendum

59 1671 111 1689 non
132 1671 191 1689 esse
206 1663 324 1689 omnino.
364 1663 442 1690 Modo
458 1665 522 1691 satis
537 1666 619 1699 spatii
633 1666 668 1692 sit
683 1666 715 1692 ad
727 1667 852 1693 conside-

59 1699 156 1726 randas
179 1700 322 1735 utriusque
346 1702 437 1736 copias
461 1706 488 1728 et
507 1702 540 1728 ad
559 1702 711 1738 eligendam
737 1710 849 1739 partem.

59 1738 84 1764 4.
100 1737 184 1772 Prope
195 1737 295 1764 oblitus
307 1746 377 1769 sum,
391 1739 463 1773 quod
475 1740 591 1766 maxime
604 1740 654 1767 fuit
665 1741 849 1768 scribendum.

59 1773 119 1801 Scis
134 1774 252 1809 Appium
267 1783 404 1802 censorem
421 1776 465 1802 hic
480 1781 581 1803 ostenta
597 1777 700 1805 sacere‘?
720 1778 752 1805 dc
764 1780 851 1815 signis

58 1816 85 1838 et
108 1811 221 1842 tabulis,
243 1811 275 1838 de
294 1813 350 1848 agri
369 1813 461 1845 modo,
484 1813 517 1840 de
536 1823 596 1841 aere
615 1815 703 1842 alieno
723 1818 851 1843 acerrime

58 1847 155 1884 agere‘?
183 1849 343 1875 Persuasum
365 1855 405 1876 est
424 1851 462 1882 ei,
484 1859 626 1878 censuram
643 1852 790 1880 lomentum
806 1859 852 1881 aut

58 1886 160 1912 nitrum
171 1894 239 1912 esse.
261 1886 354 1912 Errare
366 1887 434 1913 mihi
447 1888 562 1915 videtur.
585 1890 652 1916 Nam
663 1890 755 1917 sordes
762 1891 851 1918 eluere

59 1921 130 1955 vult;
154 1930 236 1949 venas
246 1923 300 1949 sibi
310 1932 405 1950 omnes
415 1929 441 1951 et
451 1926 554 1952 viscera
565 1927 660 1961 aperit.
700 1928 792 1960 Curre,
805 1938 852 1963 per

58 1959 123 1985 deos
133 1963 213 1994 atque
221 1959 352 1992 homines,
360 1965 472 1996 etquam
484 1963 602 1996 primum
610 1964 674 1990 haec
682 1965 766 1991 risum
778 1967 849 1997 veni,

59 1995 128 2033 legis
139 1996 291 2023 Scantiniae
302 1997 512 2034 iudiciumapud
520 2000 634 2027 Drusum
647 2001 717 2033 neri,
733 2003 851 2037 Appium

59 2033 92 2060 de
104 2033 203 2060 tabulis
215 2038 241 2060 et
251 2034 337 2069 signis
347 2043 435 2070 agere.
468 2036 552 2063 Crede
564 2038 641 2069 mihi,
655 2043 696 2065 est
706 2048 853 2074 properan-

59 2070 134 2097 dum.
183 2070 264 2097 Curio
287 2076 376 2098 noster
399 2073 534 2107 sapienter
551 2074 589 2106 id,
611 2075 683 2110 quod
700 2077 804 2103 remisit
819 2077 852 2104 de

58 2107 194 2143 stipendio
204 2108 333 2143 Pompeii,
347 2108 442 2136 secisse
453 2111 632 2138 existimatur.
653 2112 694 2139 Ad
706 2122 850 2146 summam,

58 2146 175 2180 quaeris,
192 2145 258 2180 quid
270 2150 362 2180 putem
374 2146 505 2174 futurum.
531 2148 559 2175 Si
571 2149 637 2175 alter
647 2154 706 2176 uter
715 2159 807 2177 eorum
819 2152 852 2178 ad

58 2181 212 2209 Parthicum
228 2182 329 2209 bellurn
346 2192 397 2210 nou
413 2189 463 2215 eat,
481 2184 559 2212 video
570 2194 680 2221 magnas
697 2187 852 2222 impendere

58 2219 215 2251 discordias,
238 2229 305 2255 quas
326 2220 425 2247 serrum
446 2226 472 2248 et
491 2222 533 2248 vis
555 2223 695 2250 iudicabit.
737 2225 851 2260 Uterque

59 2257 148 2283 animo
158 2261 184 2283 et
196 2258 282 2292 copiis
293 2262 333 2284 est
344 2263 462 2292 paratus.
498 2258 526 2285 Si
537 2260 596 2286 sine
607 2265 652 2287 tuo
663 2262 783 2296 periculo
793 2262 850 2289 Iieri

59 2298 157 2328 posset,
175 2303 304 2330 magnum
323 2299 349 2322 et
362 2295 513 2322 iucundum
529 2296 578 2323 tibi
594 2297 699 2324 fortuna
710 2304 851 2334 spectacu-

60 2329 115 2357 lum
125 2331 244 2366 parabat.

110 2399 161 2421 XV.
178 2401 255 2421 ΑΚΘ.
272 2401 399 2428 Pompeium
410 2401 527 2429 vituperat,
544 2403 659 2423 eno-nem
668 2402 753 2424 laud-t:
773 2405 851 2426 scribit

59 2433 86 2454 tle
99 2434 209 2456 :le-idedu
224 2435 369 2456 conveniendi
380 2435 502 2461 (tieem-ni..
522 2436 549 2457 do
562 2436 643 2458 itinero
657 2438 683 2458 ad
695 2438 763 2466 Alpe·
774 2443 795 2460 et
806 2441 850 2461 Do·

60 2467 122 2490 mitio
132 2469 232 2491 ἆίηίιῑο.
260 2472 367 2495 (Mam-uo,
376 2473 458 2491 Lentulo
468 2479 514 2492 tou.
527 2473 581 2496 7⁰5.)

233 2513 401 2542 CAELtth
426 2515 613 2544 CICERONI
638 2517 666 2544 S.

117 2551 139 2577 ⁴.
155 2546 306 2586 Ecquando
317 2556 345 2578 tu
357 2552 493 2579 hominem
506 2554 761 2589 ineptiorem,quam
774 2560 849 2582 tuum

59 2585 108 2613 Cu.
120 2587 276 2623 Pompeium
288 2589 391 2621 vidisti,
406 2591 454 2625 qui
467 2595 550 2618 tantas
562 2591 662 2622 turbas.
675 2592 723 2627 qui
735 2597 787 2619 tam
799 2602 850 2619 nu-

61 2630 114 2659 gax
129 2630 212 2657 esset,
229 2626 386 2654 commorit?
405 2635 518 2663 ecquem
534 2633 622 2656 autem
634 2629 745 2656 Caesare
761 2635 850 2658 nostro

1645 110 1694 137 723

905 173 1033 199 acriorem
1054 174 1081 199 in
1096 174 1177 200 rebus
1192 176 1331 210 gerendis,
1354 177 1447 204 eodem
1464 179 1491 204 in
1506 179 1616 205 victoria
1628 184 1696 205 tem-

906 210 1064 244 peratiorem
1085 216 1130 237 aut
1150 211 1239 248 legisti
1254 219 1299 240 aut
1313 214 1430 241 audisti?
1459 215 1529 248 Quid
1548 215 1606 242 est‘?
1625 225 1696 243 nunc

905 247 955 272 tibi
975 249 1058 274 nostri
1082 248 1194 280 milites,
1223 251 1270 285 qui
1290 251 1445 279 durissimis
1465 258 1491 279 et
1510 253 1697 289 frigidissimis

907 283 980 315 locis,
1002 286 1152 312 taeterrima
1168 286 1265 319 hieme,
1283 288 1385 316 bellum
1401 290 1564 317 ambulando
1575 290 1697 317 confece-

907 326 980 352 runt,
1005 322 1082 348 malis
1101 323 1257 351 orbiculatis
1272 334 1331 352 esse
1346 328 1417 362 pasti
1432 327 1568 354 videntur.
1609 328 1698 360 Quid‘?

907 359 969 389 iam,
987 359 1087 394 inquiS,
1105 360 1220 395 gloriose
1230 364 1329 390 omnia.
1371 364 1399 390 Si
1410 365 1489 396 scias,
1503 374 1584 400 quam
1595 365 1698 392 sollici-

907 400 949 421 tus
970 396 1031 427 sim,
1050 401 1106 423 turn
1123 397 1190 424 hanc
1206 408 1292 426 meam
1308 400 1430 436 gloriam,
1447 411 1515 437 quae
1530 402 1563 429 ad
1575 411 1617 429 me
1629 402 1697 429 nihil

906 433 1028 467 pertinet,
1047 433 1180 461 derideas.
1221 436 1293 468 Quae
1308 438 1357 464 tibi
1373 448 1515 474 exponere,
1533 440 1696 471 nisicoram,

906 478 958 496 non
977 479 1102 504 possum:
1133 472 1215 507 idque
1230 474 1351 502 celeriter
1367 475 1421 502 sore
1437 485 1524 511 spero.
1565 478 1631 503 Nam
1644 486 1695 507 me,

906 515 990 541 quum
1011 508 1161 542 expulisset
1180 519 1213 536 ex
1228 511 1301 538 Italia
1317 513 1489 548 Pompeium,
1512 515 1650 541 constituit
1664 514 1697 540 ad

905 544 1004 570 Urbem
1016 553 1123 572 vocare.-
1147 546 1174 572 id
1185 548 1257 582 quod
1269 549 1321 575 iam
1333 551 1459 577 existimo
1468 551 1630 582 confectum,
1644 552 1697 577 nisi

904 582 929 607 si
945 581 1040 608 maluit
1050 583 1193 617 Pompeius
1207 585 1343 613 Brundisii
1355 588 1557 614 circumsederi.
1587 591 1612 615 Ξ.
1634 589 1698 615 Per-

905 627 973 649 eam,
986 619 1009 644 si
1021 620 1132 646 minima
1143 629 1237 648 caussa
1248 628 1289 650 est
1299 625 1459 659 properandi
1470 626 1520 652 isto
1531 626 1609 657 mihi,
1625 626 1697 660 quod

906 660 929 681 te
945 656 1037 682 videre
1052 661 1078 683 et
1092 659 1182 684 omnia
1197 660 1292 686 intima
1303 661 1422 688 conferre
1434 662 1567 697 discupio.
1609 663 1698 689 Habeo

905 697 1009 724 autem,
1025 702 1106 728 quam
1118 695 1214 722 multa!
1237 698 1298 728 Hui,
1316 707 1421 729 vereor,
1439 699 1521 734 (quod
1536 700 1602 726 solet
1618 700 1698 734 fieri,)

905 738 951 760 ne,
974 739 1060 764 quum
1075 736 1100 757 te
1115 732 1221 765 videro,
1237 736 1327 761 omnia
1344 736 1500 762 obliviscar.
1541 737 1593 763 Sed
1609 742 1697 763 tamen

905 767 1040 801 quodnam
1060 768 1094 794 ob
1115 769 1203 796 scelus
1223 771 1273 797 iter
1293 772 1360 798 mihi
1380 774 1562 799 necessarium
1581 780 1649 800 retro
1665 774 1697 800 ad

904 803 986 838 Alpes
1002 813 1097 831 versus
1112 806 1224 834 incidit‘?
1244 808 1330 840 Adeo,
1347 810 1419 845 quod
1435 811 1562 837 Intimelii
1577 812 1603 837 in
1616 813 1697 837 armis

903 846 976 872 sunt,
994 850 1081 876 neque
1097 842 1130 869 de
1141 853 1237 880 magna
1251 855 1357 873 caussa,
1396 847 1542 879 Bellienus,
1556 857 1636 874 verna
1647 849 1698 874 De-

905 879 1002 910 metrii,
1019 879 1067 915 qui
1083 880 1121 906 ibi
1137 890 1199 908 cum
1210 883 1345 917 praesidio
1355 890 1422 915 erat,
1440 885 1586 912 Domitium
1602 894 1698 920 quem-

905 915 980 947 dam,
1003 916 1121 943 nobilem
1143 918 1199 945 illic
1220 920 1340 947 Caesaris
1362 921 1509 956 hospitem,
1533 931 1546 948 a
1567 924 1696 949 contraria

905 952 1018 980 factione
1035 956 1154 982 nummis
1170 958 1286 992 acceptis
1297 959 1501 994 comprehendit
1511 964 1537 986 et
1547 960 1698 996 strangula-

904 991 953 1017 vit.
983 991 1084 1018 Civitas
1099 993 1132 1019 ad
1147 1002 1221 1021 arma
1236 995 1276 1021 iit.
1316 996 1354 1022 Eo
1369 1005 1431 1022 cum
1446 1002 1572 1031 quattuor
1582 997 1699 1024 cohorti-

904 1027 956 1054 bus
972 1028 1040 1054 mihi
1055 1037 1104 1063 per
1119 1031 1196 1058 nives
1207 1032 1326 1059 eundum
1338 1038 1388 1060 est.
1428 1034 1642 1069 Usquequaque,
1657 1036 1698 1061 in-

903 1066 995 1100 quies,
1017 1066 1126 1094 Domitii
1147 1068 1211 1095 mali
1230 1069 1303 1097 dant.
1343 1070 1446 1097 Vellem
1467 1071 1577 1107 quidem
1598 1072 1698 1098 Venere

903 1107 1051 1138 prognatus
1067 1108 1171 1132 tantum
1186 1107 1271 1134 animi
1283 1107 1423 1135 habuisset
1434 1109 1461 1135 in
1473 1113 1562 1135 vestro
1572 1110 1695 1139 Domitio,

903 1145 1035 1204 gugitgm
1055 1141 1171 1169 Psecade
1196 1149 1275 1171 natus
1299 1145 1327 1172 in
1350 1145 1401 1172 hoc
1422 1145 1526 1173 habuit.
1576 1146 1696 1173 Ciceroni

957 1247 1019 1267 xw.
1037 1248 1053 1268 A
1061 1249 1079 1268 R
1086 1248 1111 1268 G.
1132 1249 1200 1270 Pulso
1212 1257 1240 1271 ex
1251 1251 1316 1271 Italia
1323 1252 1436 1280 Pompeio,
1448 1253 1525 1272 suadet
1533 1252 1635 1273 ffieeroni
1643 1254 1697 1272 sae-

904 1280 948 1301 liu·
956 1297 961 1305 ,
975 1285 999 1302 ut
1009 1282 1066 1302 nolit
1076 1283 1181 1305 amicum
1192 1285 1302 1306 fortunam
1313 1286 1387 1313 sequi,
1403 1287 1440 1307 :ed
1451 1287 1545 1313 aliqu-m
1557 1294 1581 1307 ae
1591 1287 1613 1307 in
1623 1288 1696 1307 urbem

904 1322 916 1336 a
927 1315 984 1337 bellu
995 1324 1084 1338 *acuam
1095 1319 1196 1346 recipiat.
1225 1324 1332 1345 (Marcellu,
1342 1324 1422 1342 Lentulo
1432 1330 1478 1342 con.
1491 1326 1545 1344 70⁵.)

1001 1362 1036 1389 M.
1058 1363 1226 1392 CAELIUS
1245 1366 1272 1393 S.
1293 1367 1323 1393 D.
1349 1366 1384 1393 M.
1407 1366 1604 1393 CICERONI.

961 1400 984 1425 l.
1006 1395 1187 1429 Exanimatus
1202 1412 1263 1429 sum
1280 1404 1333 1430 tuis
1349 1403 1458 1435 litteris,
1475 1404 1577 1439 quibus
1593 1409 1617 1430 te
1629 1403 1697 1430 nihil

903 1436 957 1462 nisi
977 1437 1052 1464 triste
1073 1440 1189 1475 cogitare
1199 1441 1354 1473 ostendisti;
1378 1449 1475 1476 neque,
1494 1441 1521 1467 id
1537 1441 1603 1476 quid
1616 1446 1694 1471 esset,

903 1474 1098 1509 perscripsisti3
1113 1485 1200 1512 neque
1212 1486 1263 1504 non
1276 1483 1373 1509 tamen,
1387 1477 1466 1513 quale
1478 1483 1556 1509 esset,
1569 1478 1641 1513 quod
1653 1487 1698 1504 co—

902 1511 1015 1545 gitares,
1041 1514 1180 1548 aperuisti.
1221 1515 1273 1541 Has
1290 1514 1363 1541 illico
1378 1515 1410 1541 ad
1427 1520 1451 1542 te
1468 1515 1567 1542 litteras
1588 1516 1695 1550 scripsi.

903 1549 952 1574 Per
962 1547 1080 1576 fortunas
1093 1555 1161 1582 tuas,
1175 1551 1276 1583 Cicero,
1289 1561 1336 1587 per
1348 1552 1518 1583 liberos,oro,
1531 1553 1651 1583 obsecro,
1665 1560 1697 1579 ne

903 1585 970 1620 quid
985 1588 1096 1621 gravius
1111 1588 1144 1614 de
1160 1589 1246 1616 salute
1261 1595 1286 1616 et
1304 1589 1486 1616 incolumitate
1501 1595 1545 1616 tua
1560 1589 1696 1616 consulas,

903 1623 970 1649 Nam
981 1623 1045 1651 deos
1059 1625 1245 1661 hominesque,
1262 1627 1463 1662 amicitiamque
1475 1632 1591 1653 nostram
1603 1626 1697 1653 testifi-

902 1669 956 1691 cor,
970 1669 1012 1687 me
1021 1661 1118 1698 [neque
1130 1663 1237 1700 temere]
1247 1664 1295 1690 tibi
1307 1664 1484 1700 praedixisse,
1500 1673 1587 1699 neque
1599 1669 1697 1690 temere

903 1699 1054 1726 monuisse:
1073 1700 1119 1726 sed
1131 1706 1272 1736 postquam
1284 1702 1425 1728 Caesarem
1436 1702 1622 1732 convenerim,
1636 1710 1698 1727 sen—

903 1735 1068 1772 tentiamque
1083 1739 1156 1769 eius,
1175 1738 1264 1773 qualis
1281 1738 1369 1766 sutura
1383 1744 1466 1770 esset,
1485 1744 1557 1774 parta
1574 1739 1695 1769 victoria,

902 1775 1085 1809 cognoverim,
1098 1779 1123 1801 te
1135 1776 1273 1802 certiorem
1286 1775 1392 1803 fecisse.
1424 1776 1451 1802 Si
1463 1777 1611 1807 existimas,
1624 1784 1698 1802 eani-

902 1810 964 1837 dem
976 1812 1105 1838 rationem
1120 1812 1174 1840 fore
1186 1813 1293 1840 Caesari
1306 1814 1332 1840 in
1344 1813 1512 1840 dimittendis
1523 1813 1696 1844 adversariis,

903 1852 928 1874 et
942 1849 1143 1877 conditionibus
1159 1850 1291 1882 ferendis,
1309 1860 1391 1878 erras.
1432 1850 1505 1877 Nihil
1523 1851 1576 1877 nisi
1587 1855 1662 1877 atrox
1673 1854 1699 1877 et

902 1893 1014 1912 saevum
1025 1888 1132 1923 cogitat,
1145 1892 1224 1924 atque
1235 1889 1315 1914 etiam
1329 1888 1456 1924 loquitur.
1497 1889 1581 1915 Iratus
1592 1888 1697 1914 senatui

902 1923 981 1950 exiit:
1003 1924 1046 1951 his
1062 1925 1302 1952 intercessionibus
1318 1926 1397 1961 plane
1413 1926 1538 1952 incitatus
1556 1930 1609 1952 est:
1634 1933 1695 1956 non,

904 1960 1071 1994 mehercule,
1089 1963 1139 1990 erit
1149 1962 1330 1998 deprecationi
1344 1963 1427 1990 locus.
1468 1964 1493 1990 9..
1514 1962 1601 1995 Quare
1612 1963 1635 1988 si
1648 1962 1697 1988 tibi

903 2001 940 2028 tu,
953 1998 976 2024 si
987 1999 1061 2026 tilius
1072 2001 1179 2031 unicus,
1187 2001 1210 2026 si
1222 2000 1327 2031 domus,
1336 2002 1359 2027 si
1371 2009 1433 2036 spes
1444 2005 1504 2027 tuae
1515 1999 1634 2034 reliquae
1648 1999 1697 2026 tibi

902 2042 978 2061 carae
989 2041 1065 2063 sunt:
1079 2038 1102 2063 si
1111 2037 1217 2072 aliquid
1228 2038 1300 2073 apud
1312 2043 1336 2064 te
1348 2047 1409 2069 nos,
1422 2038 1445 2064 si
1458 2038 1499 2063 vir
1509 2038 1636 2072 optimus,
1650 2045 1697 2072 ge-

903 2076 1029 2104 nertuus,
1038 2073 1121 2101 valet:
1135 2083 1251 2109 quorum
1264 2075 1383 2102 fortunas
1395 2084 1446 2101 non
1458 2074 1541 2100 debes
1553 2073 1622 2100 velle
1633 2082 1697 2099 con-

903 2109 1024 2141 turbare,
1042 2115 1072 2136 ut
1082 2120 1139 2137 mm
1151 2120 1274 2138 caussam
1283 2133 1289 2143 ,
1307 2113 1334 2138 in
1346 2113 1425 2138 cuius
1440 2112 1549 2138 victoria
1561 2111 1634 2137 salus
1650 2119 1697 2137 no-

903 2150 956 2171 stra
967 2151 1020 2177 est,
1037 2147 1127 2174 odisse
1141 2153 1186 2175 aut
1197 2149 1350 2184 relinquere
1366 2157 1506 2184 cogamur,
1523 2153 1568 2174 aut
1585 2148 1696 2182 impiam

903 2183 1077 2217 cupiditatem
1093 2189 1182 2211 contra
1198 2185 1311 2212 salutem
1329 2191 1400 2212 tuam
1417 2186 1573 2211 habeamus.
1617 2185 1697 2210 Deni-

903 2228 955 2254 que
971 2220 1039 2247 illud
1054 2223 1154 2257 cogita:
1172 2222 1244 2256 quod
1259 2223 1374 2248 oll'ensae
1391 2222 1470 2248 suerit
1487 2223 1513 2248 in
1526 2223 1575 2248 ista
1587 2226 1697 2247 cuncta-

903 2257 983 2287 tione,
993 2263 1016 2284 te
1027 2259 1148 2289 subissm
1162 2267 1234 2285 nunc
1245 2265 1269 2285 te
1281 2265 1370 2286 contra
1378 2260 1504 2286 victorem
1513 2259 1606 2289 facere,
1616 2267 1695 2293 quem

903 2293 996 2321 dubiis
1008 2296 1089 2321 rebus
1101 2295 1204 2321 laedere
1215 2296 1340 2326 noluisti,
1358 2302 1383 2322 et
1398 2296 1430 2322 ad
1445 2305 1490 2322 eos
1503 2296 1607 2331 fugatos
1621 2304 1696 2321 accc-

903 2330 979 2362 dere,
992 2341 1060 2367 quos
1072 2333 1225 2359 resistentes
1236 2333 1314 2368 sequi
1326 2333 1458 2362 nolueris,
1474 2341 1595 2359 summae
1606 2332 1696 2358 stulti-

903 2371 953 2397 tiae
965 2374 1013 2395 est.
1055 2370 1135 2401 Vide,
1153 2378 1199 2400 ne,
1217 2370 1281 2396 dum
1299 2370 1381 2405 pudet
1396 2375 1420 2396 te
1431 2379 1526 2404 parum
1539 2370 1694 2404 optimatem

903 2415 970 2437 esse,
983 2415 1077 2441 parum
1092 2406 1244 2442 diligenter,
1257 2407 1324 2442 quid
1335 2407 1467 2442 optimum
1479 2407 1523 2436 sit,
1537 2406 1631 2443 eligas.
1669 2409 1692 2432 3.

902 2443 978 2477 Quod
994 2445 1017 2470 si
1033 2449 1117 2470 totum
1133 2444 1181 2471 tibi
1198 2444 1359 2480 persuadere
1375 2453 1427 2471 non
1442 2452 1566 2479 possum:
1589 2443 1692 2475 saltem,

902 2482 981 2511 dum.
1004 2481 1071 2516 quid
1086 2481 1119 2507 de
1135 2482 1271 2516 Hispaniis
1287 2490 1412 2517 agamus,
1435 2482 1531 2512 scitur,
1552 2486 1691 2516 exspecta:

901 2528 969 2554 quas
981 2518 1030 2544 tibi
1042 2519 1136 2545 nuntio
1146 2519 1262 2545 adventu
1274 2519 1395 2545 Caesaris
1408 2518 1461 2545 sore
1473 2523 1585 2545 nostras.
1608 2518 1694 2550 Quam

903 2557 946 2583 isti
962 2564 1038 2590 spem
1050 2556 1178 2585 habeant,
1196 2557 1303 2583 amissis
1315 2557 1466 2591 Hispaniis,
1485 2557 1583 2582 nescio.
1617 2555 1692 2588 Quod

902 2602 980 2628 porro
991 2593 1258 2621 tuumconsiliumsit
1270 2593 1302 2620 ad
1318 2593 1472 2628 desperatos
1483 2593 1622 2623 accedere,
1642 2602 1692 2619 non

901 2630 1007 2658 medius
1019 2630 1099 2658 fidius
1110 2631 1222 2666 reperio.
1237 2632 1259 2657 6.
1269 2632 1330 2661 lloc,
1343 2630 1414 2666 quod
1427 2635 1455 2657 tu
1462 2639 1513 2657 nou
1520 2630 1635 2657 dicendo
1642 2631 1693 2656 mi—

1429 2676 1487 2704 91·
