1941 3052
256 197 287 219 tm
835 194 858 218 ὓ.
894 193 927 218 Μ.
963 193 991 218 Τ.

258 266 306 291 Ι.ιιιι
324 265 430 294 venerit.
445 268 563 290 mortuus
578 264 621 289 sit.
652 265 706 290 42¹3.
723 263 750 289 In
766 263 814 289 hoe
827 272 921 295 genere
933 271 982 288 non
997 271 1043 296 po-

257 307 305 328 test
325 302 372 328 lior
386 302 446 331 ‹lit-i,
463 301 494 327 nd
510 306 614 336 tenipus
629 305 652 326 vt
666 301 698 326 nd
713 305 837 326 ‹we-ntum
852 300 968 334 aliqui-ni
983 309 1043 325 scn-

257 345 279 365 u·
283 339 362 365 ntiatn
386 348 413 364 ru·
417 339 521 373 riptoris
543 342 660 372 oportere
683 336 882 367 avunnnmdari,
908 341 1042 378 propterea

256 376 326 411 qnod
346 385 373 401 ea
393 376 446 401 nola
466 375 814 408 1·ss‹·‹l111mn·⁴tr’1tnrqna
831 373 912 399 fri-tus
927 373 980 403 ille,
995 373 1042 408 qni

255 418 343 439 contra
362 413 489 447 ›uriptnni
508 412 585 442 «licit
606 420 680 437 sumn
695 420 752 435 esse
768 411 937 436 liert-(litatem
952 410 1044 436 ‹ln-fen-

255 450 303 476 dit.
346 450 401 476 tlt«
397 459 461 475 rum
482 454 568 475 nun-m
587 457 672 483 genus
690 452 730 473 est
747 456 851 478 eorum
871 448 918 482 qui
937 452 1044 473 senten-

257 489 318 513 tiani
335 487 477 516 inducunt,
495 487 520 511 in
535 495 588 520 quo
603 494 652 511 non
667 485 782 519 simplex
797 468 918 511 voliintas
933 485 1044 519 scripto-

256 525 292 551 ris
309 524 468 552 ostenditur,
489 531 556 557 qum·
575 523 600 548 in
620 531 696 548 omne
713 527 818 556 tempus
836 527 860 547 et
875 522 900 548 in
915 531 992 548 omne
1006 521 1045 547 fa—

255 566 326 587 ctum
348 561 415 586 idn-n·
437 560 533 589 vali-au
562 559 606 584 seul
625 568 658 585 cx
676 559 791 593 quodam
811 559 878 585 facto
892 564 935 584 aut
947 563 1042 584 eventu

256 598 287 624 acl
303 603 407 631 tempus
422 596 613 630 interpretanda
628 596 734 622 dicitnr.
767 596 801 622 Ea
817 597 936 631 partibus
951 596 1045 622 iuridi-

256 636 328 661 cialis
343 635 522 668 assumptivae
537 634 651 660 maxime
665 633 820 660 sustinetur.
855 634 920 659 Nam
936 638 991 659 tum
1004 634 1045 659 in-

255 673 361 697 ‹tm-itur
379 671 551 705 ‹·otnp‹·n'atio,
573 675 601 696 ut
619 671 645 697 in
664 679 707 701 co,
721 671 776 705 qni,
792 679 876 705 quum
893 670 935 697 lex
949 671 1043 705 aperiri

256 714 342 743 portas
361 713 437 734 noctu
459 712 563 739 vetaret,
580 708 682 742 aperuit
695 708 810 743 quodam
826 709 851 734 in
870 708 939 734 bello
957 713 982 734 et
997 716 1045 734 au-

257 746 317 772 xilia
332 745 461 780 quaedam
477 745 502 771 in
517 746 644 779 oppidum
661 746 766 779 recepit,
780 754 811 771 ne
821 745 854 771 al·
867 745 987 771 hostibus
997 754 1045 779 op-

257 784 440 817 prinwrentur,
457 782 478 808 si
495 782 557 808 foris
567 787 664 812 essent,
677 782 748 817 quod
761 791 840 817 prope
855 791 944 808 muros
957 782 1044 808 hostes

257 824 337 846 rastra
358 819 496 851 liaberent3
531 821 586 846 ⁴25.
608 824 662 845 tum
683 819 773 846 relatio
786 820 914 849 criminis,
933 820 1000 845 utin
1015 828 1045 845 eo

256 857 347 887 milite,
367 857 423 891 qui,
443 865 527 892 (pium
546 857 696 883 communis
715 856 757 883 lex
774 858 894 882 omnium
910 857 1043 882 hominem

255 894 372 921 occidere
390 898 500 924 vetaret,
518 894 653 920 tribunum
670 892 805 930 [militnm]
818 902 911 924 suuni,
928 894 974 928 qui
990 894 1043 919 vini

255 931 305 957 sibi
319 931 408 957 afferre
421 935 566 961 conaretur,
582 931 691 963 occidit,
721 935 776 957 tum
791 931 900 957 remotio
913 931 1042 960 criminis,

257 973 284 994 ut
298 969 323 994 in
339 977 377 999 eo,
393 969 448 1003 qni.
465 976 549 1003 quum
566 968 619 999 lcx,
632 968 732 1002 quibus
742 968 838 994 diebus
850 969 876 994 in
889 968 1044 1003 legationem

256 1005 472 1040 proficisceretur,
490 1005 683 1039 praestituerat,
695 1005 757 1040 quia
768 1009 906 1040 sumptum
922 1009 1045 1039 quaestor

256 1051 306 1069 non
321 1042 401 1073 dedit,
419 1042 550 1077 profectus
565 1051 615 1069 non
630 1047 682 1073 σείς
709 1047 763 1068 tum
778 1043 913 1069 concessio
924 1051 970 1076 per
981 1051 1045 1076 pur-

254 1080 386 1115 gationem
405 1084 430 1105 et
448 1088 494 1114 per
512 1079 732 1114 imprudentiam,
749 1079 818 1106 utin
834 1079 909 1106 vituli
924 1079 1045 1105 immola-

256 1118 333 1148 tionc,
350 1121 374 1142 et
388 1125 434 1151 per
445 1117 508 1147 vim,
522 1121 551 1143 ut
565 1117 590 1143 in
607 1117 666 1143 navi
677 1121 794 1147 rostrata,
808 1121 833 1143 et
844 1125 890 1151 pcr
903 1125 1003 1147 casum,
1017 1121 1045 1142 ut

255 1154 281 1180 in
297 1155 408 1180 Eurotae
423 1154 615 1189 magnitudine.
655 1154 741 1186 Quare
755 1158 800 1180 aut
812 1154 847 1180 ita
861 1154 989 1180 sententia
1003 1155 1045 1180 in-

255 1191 375 1222 ducetur,
392 1195 421 1217 ut
435 1199 519 1217 unum
533 1191 662 1226 quiddam
678 1191 796 1217 voluisse
808 1191 921 1226 scriptor
934 1191 1045 1217 demon-

255 1233 365 1260 stretur,
393 1232 439 1254 aut
460 1228 511 1259 sic,
532 1233 561 1254 ut
578 1228 604 1255 in
623 1228 755 1255 eiusmodi
773 1237 801 1255 ro
818 1232 844 1255 et
861 1233 977 1263 tempore
995 1228 1045 1255 hoc

255 1265 372 1292 voluisse
386 1265 518 1291 doceatur.

309 1303 401 1329 XLIII.
431 1304 487 1329 ⁴25.
507 1303 576 1338 Ergo
595 1302 630 1333 is,
647 1303 694 1337 qui
709 1303 838 1337 scriptum
853 1302 985 1333 defendet,
1002 1302 1044 1329 his

256 1340 319 1366 locis
338 1339 495 1374 plerumque
512 1340 652 1371 omnibns,
672 1340 769 1366 maiore
787 1344 874 1366 autem
889 1344 960 1374 parte
974 1348 1045 1366 sem-

254 1385 301 1412 per
319 1377 413 1412 poterit
430 1377 482 1403 uti:
511 1377 629 1403 Primum
648 1377 784 1412 scriptoris
798 1376 1003 1408 collaudatione,
1019 1381 1045 1403 et

256 1415 311 1441 loco
329 1415 473 1445 communi,
494 1414 561 1440 nihil
579 1423 636 1445 eos,
651 1415 698 1449 qui
713 1414 838 1445 iudicent,
855 1415 906 1440 nisi
921 1414 956 1444 id.
973 1414 1044 1449 quod

254 1453 383 1486 scriptum
401 1452 448 1483 sit,
468 1456 585 1486 spectare
603 1456 734 1486 oportere;
759 1456 784 1477 et
802 1451 850 1478 hoc
863 1460 894 1478 eo
907 1452 1006 1487 magis,
1021 1452 1044 1478 si

255 1488 404 1525 legitimum
423 1489 551 1523 scriptum
569 1489 728 1524 proferetur,
749 1488 774 1514 id
794 1493 834 1515 est
852 1493 897 1515 aut
915 1489 958 1514 lex
975 1489 1042 1523 ipsa,

254 1531 299 1552 aut
312 1535 344 1552 ex
360 1526 416 1561 lege
430 1526 542 1561 aliquid.
578 1527 678 1557 Postea,
692 1526 764 1560 quod
777 1526 1045 1552 vehementissimum

254 1568 302 1594 est,
331 1563 390 1589 facti
418 1568 462 1589 aut
487 1563 640 1590 intentionis
666 1563 876 1589 adversariorum
899 1571 961 1589 cum
987 1563 1046 1598 ipso

254 1601 352 1635 scripto
368 1600 546 1632 contentione,
567 1600 632 1635 quid
652 1601 780 1635 scriptum
795 1600 838 1631 sit,
854 1600 920 1635 quid
933 1599 1042 1631 factum,

254 1638 319 1673 quid
334 1638 436 1664 iuratus
447 1637 541 1670 iudex;
569 1646 650 1672 quem
662 1637 749 1664 locum
761 1637 853 1664 multis
863 1637 949 1664 modis
960 1637 1046 1663 varia-

254 1683 281 1701 re
295 1675 434 1710 oportebit.
473 1675 541 1700 Tum
556 1675 646 1709 ipsum
660 1683 751 1700 secum
765 1674 948 1705 admirantem,
964 1674 1046 1709 quid—-

255 1720 315 1738 nam
329 1716 418 1738 contra
431 1711 484 1738 dici
499 1712 591 1746 possit,
605 1715 661 1737 tum
675 1711 707 1737 ad
720 1711 816 1737 iudicis
827 1711 944 1738 officium
956 1720 1045 1737 rever-

255 1753 352 1776 tentem
379 1753 405 1775 et
426 1749 459 1775 ab
482 1757 512 1775 co
529 1753 712 1783 quaerentem,
727 1748 794 1783 quid
807 1753 940 1783 praeterea
953 1748 1044 1774 audire
1066 1774 1068 1788 ,

255 1791 300 1812 aut
330 1790 480 1820 exspectare
510 1785 617 1818 debeat,
652 1790 709 1812 tum
735 1786 825 1820 ipsum
851 1785 1042 1816 adversarium,

255 1823 332 1858 quasi
351 1823 502 1849 intentantis
521 1822 590 1853 loeo,
610 1822 792 1857 producendo,
809 1823 858 1849 hoc
875 1827 915 1849 est
934 1823 1045 1849 interro-

254 1860 350 1896 gando,
366 1865 456 1886 utrum
469 1860 598 1894 scriptum
613 1864 691 1895 neget
703 1868 762 1886 esse
776 1868 806 1886 eo
820 1859 907 1891 modo,
923 1869 955 1886 an
969 1860 1002 1886 ab
1015 1868 1044 1886 se

255 1902 343 1924 contra
361 1896 459 1923 factum
477 1905 535 1923 esse
553 1901 598 1923 aut
611 1902 698 1923 contra
712 1897 834 1923 contendi
848 1901 938 1933 neget,
954 1901 1044 1924 utrum

256 1943 351 1970 negare
369 1943 451 1960 ausus
469 1934 516 1964 sit,
536 1942 565 1960 se
578 1934 665 1960 dicere
675 1934 834 1961 desiturum.
864 1936 920 1961 ⁴26.
936 1933 965 1960 Si
979 1942 1046 1960 neu—

256 1976 326 1998 trum
345 1975 430 2007 neget,
452 1976 477 1997 et
491 1975 579 1997 contra
597 1975 683 1997 tamen
697 1971 780 1998 dicat:
808 1971 875 1998 nihil
890 1980 956 2003 esse,
972 1971 1044 2006 quod

255 2009 390 2035 hominem
405 2008 627 2042 impudentiorem
641 2009 784 2043 quisquam
799 2017 827 2035 se
842 2009 964 2035 visurum
974 2009 1045 2035 arbi-

256 2051 347 2072 tretur.
380 2046 409 2072 In
427 2045 476 2072 hoc
495 2045 528 2071 ita
546 2046 701 2072 commorari
718 2046 869 2077 conveniet,
885 2046 962 2081 quasi
977 2046 1043 2072 nihil

257 2088 388 2118 praeterea
402 2082 544 2108 dicendum
559 2083 594 2109 sit
607 2087 632 2109 et
645 2083 722 2117 quasi
736 2087 824 2109 contra
838 2083 891 2109 dici
905 2083 971 2109 nihil
982 2092 1045 2118 pos—

255 2121 298 2151 sit,
314 2129 392 2154 saepe
404 2119 439 2151 id,
455 2119 527 2154 quod
537 2120 666 2154 scriptum
677 2124 724 2151 est,
738 2120 879 2151 recitando,
893 2129 971 2155 saepe
982 2129 1043 2147 cum

256 2158 354 2192 scripto
372 2157 469 2183 factum
483 2156 627 2183 adversarii
641 2156 805 2193 confligendo
818 2162 897 2192 atque
911 2157 1044 2184 interdum

255 2195 348 2221 acriter
369 2194 402 2220 ad
424 2194 540 2220 iudicem
562 2194 653 2228 ipsum
671 2194 834 2221 revertendo.

255 2231 337 2258 iudici
355 2231 590 2258 demonstrandum
609 2235 656 2262 est,
672 2231 738 2266 quid
753 2232 854 2258 iuratus
867 2232 910 2262 sit,
925 2231 992 2266 quid
1003 2240 1046 2258 se-

255 2269 301 2304 qui
328 2268 434 2295 debeat:
467 2268 573 2295 duabus
599 2267 632 2294 de
657 2269 759 2295 caussis
781 2269 898 2295 iudicem
923 2269 1045 2295 dubitare

255 2311 386 2340 oportere,
406 2306 429 2332 si
448 2310 493 2332 aut
509 2305 639 2339 scriptum
657 2306 692 2332 sit
709 2306 830 2336 obscure,
847 2310 893 2332 aut
905 2310 983 2341 neget
996 2306 1046 2332 ali-

255 2343 321 2377 quid
343 2343 521 2369 adversarius.
559 2342 650 2369 XLIV.
676 2343 733 2369 427.
756 2342 845 2375 Quum
868 2347 893 2369 et
915 2343 1045 2378 scriptum

255 2384 343 2414 aperte
357 2381 392 2406 sit
404 2384 429 2406 et
442 2379 610 2406 adversarius
623 2380 711 2406 omnia
724 2380 886 2411 confiteatur,
902 2384 960 2406 tum
973 2380 1046 2406 iudi-

255 2425 312 2443 cem
327 2417 378 2453 legi
392 2425 491 2452 parere,
508 2425 559 2443 non
573 2417 737 2452 interpretari
752 2417 836 2453 legem
847 2422 976 2452 oportere.
991 2417 1044 2443 Hoc

257 2453 312 2480 loeo
329 2454 494 2485 confirmato,
510 2458 567 2480 tum
581 2453 683 2480 diluere
695 2462 734 2485 ea,
750 2463 818 2489 quae
831 2459 921 2481 contra
934 2454 986 2480 dici
997 2462 1045 2488 po-

257 2495 352 2521 terunt,
369 2491 509 2525 oportebit.
544 2491 637 2518 Contra
651 2495 739 2517 autem
753 2491 864 2523 dicetur,
881 2492 904 2518 si
914 2496 959 2518 aut
969 2499 1044 2526 pror-

256 2536 303 2553 sus
317 2527 390 2553 aliud
403 2529 519 2554 sensisse
530 2529 642 2562 scriptor
655 2532 681 2554 et
700 2529 840 2563 scripsisse
851 2528 924 2555 aliud
933 2528 1044 2554 demon-

256 2564 395 2595 strabitur,
415 2568 445 2590 ut
462 2565 490 2591 in
508 2565 552 2591 illa
570 2565 603 2591 de
617 2569 780 2597 testamento,
796 2574 877 2600 quam
891 2565 1041 2600 posuimus,

255 2601 441 2631 controversia,
457 2606 502 2628 aut
514 2610 608 2628 caussa
621 2603 786 2637 assumptiva
799 2602 935 2633 inferetur,
948 2610 1044 2636 quam-

256 2638 347 2664 obrem
368 2638 466 2672 scripto
488 2647 539 2665 non
562 2639 677 2673 potuerit
697 2644 743 2665 aut
761 2648 813 2666 non
830 2639 974 2674 oportuerit
995 2639 1044 2665 ob-

256 2675 405 2709 temperari.
449 2677 505 2702 428.
537 2675 565 2702 Si
591 2675 663 2702 aliud
688 2676 804 2702 sensisse
826 2677 946 2711 scriptor,
970 2675 1044 2702 aliud

256 2712 396 2746 scripsisse
413 2711 528 2743 dicetur,
549 2713 580 2743 is.
596 2713 643 2747 qui
657 2713 755 2747 scripto
768 2717 865 2744 utetur,
882 2713 946 2740 haec
959 2712 1041 2739 dicet:

868 2194 927 2226 Quo
944 2195 970 2220 in
990 2194 1046 2221 loco
1067 2215 1069 2224 .

1027 191 1300 218 CICERONIS

1070 271 1072 298 ξ
1094 271 1144 288 mm
1158 266 1276 295 oportue
1290 260 1323 287 de
1337 262 1395 286 rius
1410 260 1543 287 voluntate
1558 269 1604 288 nos
1619 261 1806 295 argumentari,
1821 262 1878 296 qui.

1070 347 1072 367 ι

1070 398 1073 440 l

1074 1841 1075 1849 .
1095 1829 1162 1852 esse,
1187 1821 1239 1847 nisi
1264 1820 1349 1857 legem
1371 1821 1475 1853 tollere;
1503 1821 1563 1848 ideo

1073 1867 1075 1877 ι
1095 1867 1189 1884 caussa
1203 1858 1392 1889 consideretur,
1410 1858 1477 1884 nihil
1491 1859 1599 1885 attineat
1611 1867 1669 1885 eam
1680 1867 1714 1884 ex
1727 1857 1785 1894 lege
1797 1857 1886 1885 consi·

1074 1903 1075 1920 ι
1095 1895 1194 1927 derare,
1210 1896 1311 1930 quippe
1324 1904 1392 1931 quae
1406 1896 1433 1922 in
1447 1895 1505 1932 lege
1518 1895 1617 1931 scripta
1630 1904 1683 1922 non
1695 1896 1740 1922 sit.
1772 1894 1848 1928 Quod
1861 1894 1884 1921 si

1094 308 1125 325 m·
1145 299 1170 324 id
1190 298 1273 324 facere
1292 307 1440 333 [manemus.
1457 298 1586 324 indicium
1600 299 1676 324 nuliis
1690 307 1753 324 suae
1767 298 1882 334 relique-

1094 336 1126 361 rit
1146 335 1302 366 voluntati»,
1325 335 1407 361 multa
1426 335 1590 361 incommoda
1607 336 1748 370 consequi,
1769 336 1791 362 si
1805 336 1882 362 insti-

1095 377 1190 403 tuatur,
1213 377 1241 398 ut
1258 382 1272 397 a
1291 372 1388 406 scripto
1406 372 1551 398 recedatur.
1579 373 1644 399 Nam
1660 378 1686 399 et
1699 381 1752 403 eos.
1772 373 1819 407 qui
1833 372 1883 399 ali-

1094 409 1159 444 quid
1178 410 1306 439 scribant,
1327 418 1378 435 non
1396 409 1606 440 existimaturos,
1627 410 1667 439 id,
1683 409 1755 444 quod
1769 409 1883 444 scripse-

1095 448 1159 477 rint,
1180 451 1264 472 ratum
1284 446 1419 478 futurarm
1443 451 1468 472 et
1485 455 1542 477 eoa.
1562 447 1608 482 qui
1629 447 1754 476 iudicent.
1770 452 1881 476 certum.

1072 485 1073 492 ¹
1094 484 1165 518 quod
1183 483 1429 518 sequuntur,nil1il
1448 483 1598 514 habituros,
1618 485 1639 510 si
1658 484 1739 510 semel
1758 493 1771 509 a
1786 484 1885 518 scripto

1095 520 1214 547 recedere
1241 521 1436 547 ‹.onsueverint.
1467 520 1543 552 Quod
1558 521 1580 547 ei
1604 521 1726 548 voluntas
1749 521 1884 563 fflJt’iptoris

1094 558 1272 584 conservanda
1287 558 1329 588 sit,
1343 567 1380 588 se
1397 566 1447 584 non
1461 557 1634 588 adversarios,
1649 567 1663 584 a
1679 558 1812 584 voluntate
1825 558 1884 584 eius

1095 600 1172 622 stare.
1214 596 1279 621 Nam
1303 594 1386 621 multo
1409 595 1518 629 propius
1545 595 1667 621 accedere
1693 596 1725 621 ad
1747 595 1885 630 scriptoris

1097 631 1257 659 voluntatem
1276 641 1351 662 eum,
1371 633 1417 667 qui
1432 641 1465 658 ex
1479 632 1564 666 ipsius
1577 641 1635 658 eam
1651 631 1742 658 litteris
1757 632 1885 667 interpro-

1096 674 1176 700 tctur,
1196 678 1276 704 quam
1297 669 1386 698 illum.
1406 669 1452 704 qui
1468 670 1623 695 sententiam
1637 669 1773 704 scriptoris
1787 677 1838 696 non
1851 678 1885 696 ex

1096 708 1181 742 ipsius
1195 708 1292 742 scripto
1305 710 1413 740 spectet,
1429 706 1499 741 quod
1514 706 1559 732 ille
1572 715 1636 732 suae
1651 706 1793 733 voluntatis
1806 707 1884 742 quasi

1096 745 1238 779 imaginem
1267 743 1416 778 reliquerit,
1441 743 1487 769 sed
1510 743 1662 770 domesticis
1684 743 1885 779 suspicionibus

1073 797 1074 800 =
1096 785 1284 816 perscrutetur.
1314 782 1370 806 ⁴29.
1395 780 1440 807 Sin
1455 789 1576 806 caussam
1590 781 1724 812 afferetis,
1736 781 1783 816 qui
1799 789 1885 807 asen-

1096 819 1174 845 tentia
1197 818 1285 849 stabit,
1311 818 1427 852 primum
1446 818 1495 843 erit
1512 823 1600 844 contra
1618 818 1776 844 dicendum:
1803 826 1884 853 quam

1095 855 1255 886 absurdum,
1286 863 1336 881 non
1364 863 1458 889 negare
1479 860 1567 881 contra
1588 854 1673 891 legem
1693 855 1800 886 fecisse,
1826 854 1883 885 sod.

1095 901 1176 928 quare
1187 892 1284 923 fecerit,
1296 900 1417 918 caussam
1429 891 1545 926 aliquam
1558 892 1690 924 invenire;
1705 891 1810 922 deinde.
1822 900 1886 918 con-

1096 939 1170 956 versa
1185 938 1243 956 esse
1256 929 1358 960 omnim
1386 933 1445 954 ante
1458 928 1550 955 solitos
1564 937 1623 955 esse
1636 934 1801 955 accusatores
1815 928 1886 956 iudi-

1095 967 1172 993 cibus
1191 966 1362 1001 persuadere,
1381 965 1487 992 astinem
1506 975 1564 992 esse
1577 966 1691 992 alicuius
1704 966 1799 1001 culpae
1811 974 1883 997 eum,

1095 1005 1142 1039 qui
1156 1008 1335 1035 accusarant-3
1350 1011 1472 1029 caussam
1486 1002 1611 1038 proferre,
1626 1012 1695 1038 quae
1708 1012 1770 1030 eum
1780 1003 1813 1029 ad
1824 1011 1886 1038 poo-

1095 1041 1210 1067 candum
1241 1040 1404 1075 impulisset,
1437 1049 1507 1067 nunc
1537 1041 1627 1075 ipsum
1658 1049 1732 1067 reum
1763 1049 1885 1067 caussam

1073 1100 1075 1102 .
1096 1078 1194 1109 afferre,
1211 1086 1292 1113 quare
1306 1077 1457 1119 deliquerit.
1487 1079 1543 1103 130.
1567 1077 1666 1104 Deinde
1681 1077 1748 1104 hanc
1761 1077 1886 1104 inducere

1096 1116 1276 1150 partitionem,
1296 1114 1374 1141 cuius
1392 1114 1418 1141 in
1436 1114 1557 1150 singulas
1574 1120 1662 1149 partes
1680 1115 1778 1141 multae
1789 1123 1887 1141 conve-

1096 1153 1168 1179 nient
1181 1151 1436 1188 argumentationes:
1458 1153 1585 1195 primum,
1602 1151 1696 1178 nulla'
1689 1161 1717 1178 ιιι
1731 1152 1789 1188 lege
1803 1151 1885 1178 ullam

1095 1198 1216 1216 caussam
1210 1173 1318 1216 t'contra
1331 1190 1461 1224 scriptum
1475 1190 1558 1224 accipi
1571 1189 1726 1221 convenire3
1741 1188 1847 1220 deinde,
1862 1189 1886 1215 si

1073 1247 1075 1251 .
1096 1227 1122 1253 in
1140 1227 1234 1253 ceteris
1252 1226 1356 1262 legibus
1374 1226 1521 1258 conveniat,
1542 1226 1610 1253 hanc
1627 1235 1685 1253 esse
1702 1225 1834 1253 eiusmodi
1848 1225 1887 1252 Ιι.ι

1094 1273 1169 1300 gem,
1186 1268 1215 1290 ut
1228 1264 1255 1290 in
1269 1272 1298 1290 ea
1309 1273 1361 1291 non
1374 1268 1505 1298 oporteat,
1521 1268 1662 1298 postremo,
1677 1264 1701 1290 si
1715 1264 1742 1290 in
1756 1263 1806 1290 hac
1818 1271 1886 1298 quo—

1095 1310 1148 1336 que
1167 1301 1224 1336 lege
1241 1306 1371 1336 oporteat,
1391 1301 1459 1328 hanc
1476 1301 1586 1336 quidem
1600 1309 1723 1328 caussam
1737 1301 1821 1335 accipi
1835 1300 1886 1327 mi-

1096 1339 1166 1365 nime
1179 1343 1306 1373 oportere.
1342 1339 1423 1366 XLV.
1445 1339 1533 1365 Prima
1547 1347 1608 1373 pars
1622 1338 1664 1365 his
1677 1338 1732 1364 fere
1746 1337 1810 1364 locis
1823 1346 1887 1364 oon·

1096 1375 1257 1402 firmabitur:
1285 1376 1405 1411 scriptori
1423 1384 1510 1410 neque
1527 1376 1665 1411 ingenium
1680 1383 1767 1410 neque
1779 1383 1886 1410 operam

1096 1421 1182 1448 neque
1200 1412 1283 1439 ullam
1302 1412 1452 1439 facultatem
1470 1412 1603 1444 defuisse,
1622 1421 1677 1448 quo
1695 1413 1784 1439 minus
1798 1416 1888 1447 posset

1095 1454 1184 1484 aperte
1201 1450 1364 1484 perscribere
1381 1450 1421 1481 id,
1441 1450 1513 1485 quod
1529 1450 1668 1486 cogitaret;
1696 1458 1748 1476 non
1766 1449 1850 1476 fuisse
1861 1457 1886 1476 ei

1095 1495 1175 1523 grave
1192 1495 1240 1513 nec
1255 1486 1376 1518 diffcile
1392 1495 1450 1513 eam
1463 1496 1586 1514 caussam
1599 1487 1729 1522 excipere,
1744 1495 1826 1522 quam
1839 1486 1887 1513 ad-

1096 1524 1205 1550 versarii
1222 1523 1368 1559 proferant,
1387 1524 1410 1550 si
1427 1524 1576 1559 quidquam
1594 1523 1781 1559 excipiendum
1795 1528 1888 1559 putas-

1073 1574 1075 1603 Ξ
1095 1566 1148 1595 set3
1175 1570 1319 1588 consuesse
1332 1570 1386 1593 eos,
1401 1563 1449 1596 qui
1464 1561 1535 1597 leges
1545 1562 1671 1592 scribant,
1684 1560 1886 1596 exceptionibus

1097 1599 1144 1625 uti.

1186 1600 1243 1625 ⁴3⁴.
1274 1598 1374 1625 Deinde
1395 1603 1497 1633 oportet
1514 1599 1622 1625 recitare
1641 1598 1712 1634 leges
1728 1607 1791 1625 cum
1809 1605 1887 1624 exce-

1095 1635 1233 1670 ptionibus
1258 1635 1370 1670 scriptas
1392 1640 1417 1662 et
1439 1635 1555 1662 maxime
1575 1635 1674 1666 videre,
1698 1636 1723 1662 si
1743 1644 1797 1670 qua
1815 1635 1843 1662 in
1856 1643 1886 1661 ea

1074 1682 1075 1694 1
1096 1673 1152 1707 ipsa
1165 1672 1231 1708 lege,
1247 1681 1300 1707 qua
1313 1672 1346 1699 de
1360 1673 1455 1708 agitur,
1471 1673 1506 1699 sit
1519 1673 1640 1707 exceptio
1653 1672 1780 1707 aliquoin
1789 1672 1884 1707 capite,

1073 1737 1075 1745 ⁴
1095 1713 1141 1736 aut
1158 1709 1228 1744 apud
1246 1709 1370 1736 eumdem
1389 1710 1455 1746 legis
1471 1710 1639 1744 scriptorem,
1659 1718 1714 1745 quo
1726 1709 1812 1745 magis
1824 1717 1887 1744 pro-

1095 1747 1173 1773 betur
1190 1755 1252 1773 eum
1271 1746 1355 1773 fuisse
1369 1752 1557 1782 excepturum,
1576 1747 1599 1773 si
1617 1746 1684 1782 quid
1697 1746 1887 1781 excipiendum

1095 1788 1211 1819 putaret3
1240 1788 1266 1810 et
1281 1784 1432 1815 ostendere,
1451 1793 1573 1810 caussam
1591 1785 1709 1819 accipere
1727 1782 1795 1810 nihil
1811 1782 1887 1810 aliud

1589 1821 1671 1856 quod,
1695 1829 1781 1856 quum
1802 1820 1885 1847 semel

1095 1933 1130 1959 sit
1148 1933 1312 1964 institutum,
1330 1933 1456 1959 omnibus
1473 1941 1595 1959 caussam
1613 1933 1670 1959 dari
1687 1936 1713 1958 et
1730 1936 1886 1967 potestatem

1074 1982 1075 1986 =
1095 1969 1231 2004 peccandi,
1246 1978 1331 2005 quum
1342 1969 1528 2001 intellexerint,
1541 1978 1588 1997 vos
1598 1970 1748 2006 exingenio
1757 1969 1825 2001 eius,
1837 1969 1885 2004 qui

1074 2018 1075 2039 ;
1095 2011 1184 2033 contra
1202 2006 1287 2042 legem
1306 2006 1409 2038 fecerit,
1425 2015 1478 2034 non
1491 2015 1525 2034 ex
1538 2006 1604 2042 lege,
1620 2007 1647 2033 in
1661 2015 1743 2041 quam
1756 2006 1835 2033 iurati
1848 2006 1886 2032 si-

1096 2045 1139 2076 tis,
1158 2053 1214 2070 rem
1228 2044 1358 2077 iudicare;
1385 2044 1482 2071 deinde
1495 2048 1521 2070 et
1533 2044 1600 2078 ipsis
1613 2043 1750 2070 iudicibus
1764 2043 1886 2070 iudican-

1095 2081 1132 2112 di,
1154 2086 1180 2108 et
1200 2081 1294 2108 ceteris
1316 2081 1422 2108 civibus
1443 2080 1551 2108 vivendi
1569 2081 1683 2107 rationes
1701 2080 1884 2115 perturbatum

1096 2119 1137 2149 iri,
1153 2119 1177 2144 si
1190 2118 1272 2145 semel
1287 2127 1300 2145 a
1315 2118 1421 2153 legibus
1433 2126 1568 2144 recessum
1583 2118 1630 2151 sit;
1659 2119 1717 2144 ⁴32.
1732 2121 1830 2144 namet
1842 2117 1886 2144 iu-

1095 2155 1168 2182 dices
1180 2164 1274 2190 neque,
1287 2155 1354 2190 quid
1361 2159 1515 2190 sequantur,
1526 2155 1674 2186 habituros,
1686 2155 1709 2181 si
1719 2154 1754 2181 ab
1763 2162 1803 2186 eo,
1811 2153 1885 2189 quod

1096 2193 1226 2227 scriptum
1243 2193 1286 2224 sit,
1301 2192 1438 2225 recedant;
1466 2200 1562 2227 neque,
1577 2200 1632 2227 quo
1645 2196 1721 2227 pacto
1740 2191 1802 2218 aliis
1821 2199 1885 2227 pro-

1096 2230 1158 2256 bare
1170 2230 1288 2271 possint,
1308 2229 1381 2264 quod
1393 2233 1483 2256 contra
1496 2229 1582 2265 legem
1595 2229 1751 2262 iudicarint;
1778 2232 1804 2255 et
1814 2233 1885 2255 cete-

1095 2275 1138 2294 ros
1153 2267 1234 2298 cives,
1249 2266 1317 2301 quid
1329 2270 1416 2308 agant,
1431 2267 1606 2302 ignoraturos,
1622 2266 1646 2293 si
1659 2274 1694 2292 ex
1705 2273 1756 2292 suo
1767 2265 1884 2300 quisque

1095 2303 1206 2331 consilio
1218 2308 1244 2330 et
1256 2312 1291 2330 ex
1302 2312 1333 2330 ea
1345 2304 1453 2335 ratione,
1469 2312 1538 2338 quae
1551 2304 1580 2330 in
1592 2307 1709 2330 mentem
1722 2307 1768 2329 aut
1779 2303 1809 2329 in
1822 2301 1885 2329 libi·

1095 2341 1185 2368 dinem
1203 2341 1318 2372 venerit,
1334 2349 1386 2367 non
1399 2349 1433 2367 ex
1445 2341 1581 2367 communi
1593 2339 1756 2375 praescripto
1767 2340 1883 2366 civitatis

1095 2386 1176 2404 uuam
1193 2386 1330 2413 quamque
1346 2386 1402 2404 rem
1419 2377 1623 2410 administrarit3
1649 2381 1740 2411 postea
1757 2384 1884 2412 quaerere

1094 2415 1128 2442 ab
1141 2414 1277 2441 iudicibus
1291 2415 1367 2449 ipsis,
1383 2423 1465 2450 quare
1477 2415 1506 2441 in
1518 2414 1612 2441 alienis
1625 2413 1793 2440 detineantur
1801 2421 1884 2449 nego—

1094 2453 1153 2479 tiis:
1168 2460 1216 2478 cur
1228 2451 1391 2486 reipublicae
1403 2460 1514 2478 munere
1523 2451 1711 2486 impediantur,
1727 2459 1782 2486 quo
1793 2451 1883 2477 secius

1093 2489 1152 2516 suis
1164 2489 1245 2515 rebus
1259 2493 1284 2515 et
1296 2489 1443 2516 commodis
1455 2488 1556 2515 servire
1568 2488 1685 2523 possint3
1712 2496 1760 2514 cur
1773 2487 1801 2514 in
1813 2492 1884 2514 certa

1094 2526 1175 2552 verba
1195 2526 1297 2558 iurent;
1324 2534 1372 2552 cur
1394 2530 1465 2552 certo
1486 2530 1604 2560 tempore
1626 2525 1797 2557 conveniant,
1811 2529 1883 2552 certo

1093 2563 1239 2594 discedant,
1255 2563 1323 2589 nihil
1335 2563 1480 2598 quisquam
1493 2562 1582 2589 afferat
1594 2570 1713 2594 caussae,
1727 2570 1783 2597 quo
1791 2561 1882 2588 minus

1094 2599 1245 2635 frequenter
1262 2608 1370 2635 operam
1386 2599 1547 2634 reipublicae
1564 2599 1621 2631 det,
1641 2599 1694 2626 nisi
1707 2607 1776 2634 quae
1787 2606 1883 2625 caussa

1094 2637 1122 2664 in
1135 2637 1193 2673 lege
1205 2642 1314 2672 excepta
1327 2637 1375 2670 sit;
1402 2645 1436 2663 an
1447 2645 1476 2663 se
1489 2636 1595 2672 legibus
1607 2636 1747 2663 obstrictos
1760 2636 1789 2663 in
1801 2635 1882 2662 tantis

1093 2673 1222 2701 molestiis
1239 2683 1298 2701 esse
1315 2682 1432 2709 aequum
1448 2678 1584 2705 censeant,
1600 2673 1765 2700 adversarios
1777 2676 1882 2700 nostros

1094 2711 1166 2747 leges
1180 2710 1314 2747 negligere
1326 2711 1483 2744 concedant;
1512 2712 1568 2737 ⁴33.
1583 2710 1680 2737 deinde
1692 2710 1757 2736 item
1769 2717 1881 2745 quaereb
