1941 3052
229 131 290 155 ΗΕΓ,
811 125 867 150 ⁴22.
899 122 934 149 Μ.

226 200 283 231 lege
306 198 409 224 vivunt.
452 196 481 221 lft
509 195 590 226 igitur
611 193 728 220 Athenas
747 197 772 219 et
793 192 1018 219 Lacedaemonem

225 235 430 263 Atheniensium
453 232 778 265 lnnwwlaenmniurumque
801 239 896 255 caue-»sa
922 235 1019 264 putan-

223 271 548 299 «hun1·tt··n=1‹1·u1-·‹·.·‹s‹·.
562 269 719 302 opinioque,
733 276 802 302 quae
814 268 867 293 nint
880 268 906 293 in
920 267 961 293 his
975 276 1019 292 ur-

224 311 318 338 hit-us.
342 317 432 334 eurum
455 305 614 340 populorum
637 310 705 330 recte
726 313 784 330 esse
805 304 945 330 dicuntur:
968 305 1016 334 sie,

223 354 410 382 qum-cumpu-
422 349 483 369 sunt
498 344 607 368 inomni
621 342 734 372 mundo,
752 342 864 368 deorum
880 347 959 376 atque
971 342 1019 367 ho-

224 386 326 411 minum
344 381 459 417 putandi·
475 385 547 406 sunt.
590 381 646 405 ⁴555.
669 380 722 405 lam
739 388 800 405 vero
811 381 942 405 circuitus
953 378 1018 405 solis

221 427 246 448 et
261 422 336 447 lunae
349 419 569 453 reliquorumque
581 417 972 451 siderum,quamquamctiam
985 415 1017 442 ud

223 458 316 484 mundi
329 456 524 482 ‹·olia‹·r1·ntimn
538 455 683 489 pertinent,
699 459 785 480 tamen
797 459 822 480 et
833 453 1016 488 spectaculum

223 494 378 521 hominibus
391 492 530 527 praebent,
546 491 618 518 nulla
631 497 670 518 est
681 492 753 517 enirn
767 491 945 518 insatiabilior
955 499 1018 525 spe-

220 534 289 563 eies,
313 531 385 557 nulla
408 529 546 565 pulchrior
565 534 590 555 et
610 529 642 555 ad
665 530 792 555 rationem
816 528 1017 562 sollertiamque
1038 543 1047 565 3,

221 569 408 604 praestanti0r3
427 576 519 593 eorum
536 567 607 593 enim
620 575 716 593 cursus
727 566 862 596 dimetati,
879 566 1018 592 maturita-

221 612 258 634 tes
276 612 425 640 temporum
441 610 467 630 et
492 605 633 630 varietates
653 605 868 638 mutationesque
889 604 1018 638 cognovi-

221 653 290 671 mus.
331 643 404 675 Quae
419 642 441 668 si
460 641 616 668 hominibus
632 641 698 667 solis
710 646 769 668 nota
781 645 857 672 sunt,
876 640 1016 666 hominum

219 690 313 707 caussa
331 680 397 706 facta
413 688 472 706 esse
489 678 664 705 iudicandum
680 683 730 705 est.
775 680 832 705 456.
859 679 938 704 Terra
954 686 1017 704 vero

220 719 270 745 feta
284 718 408 753 frugibus
425 721 450 743 et
467 717 540 742 vario
557 716 726 751 leguminum
742 724 854 752 genere,
869 724 939 750 quae
954 723 1016 741 cum

219 756 336 783 maxima
350 755 469 790 largitate
482 754 583 784 fundit,
601 762 630 780 ea
644 753 809 784 ferarumne,
825 762 858 779 an
875 753 1016 779 hominum

218 802 313 820 caussa
328 793 439 828 gignere
456 791 580 818 videtur?
597 791 668 823 Quid
684 791 717 817 de
733 791 835 817 vitibus
854 790 1016 824 olivetisque

217 830 325 857 dicum?
339 838 454 864 quarum
470 829 600 855 uberrimi
619 828 814 863 laetissimique
830 827 932 854 fructus
948 826 1015 853 nihil

217 868 327 895 omnino
343 867 375 893 ad
392 867 490 893 bestias
507 866 650 901 pertinent.
692 866 784 900 Neque
805 866 877 891 enim
897 864 1013 895 serendi,

218 913 305 940 neque
319 904 438 935 colendi,
456 912 504 930 nec
521 904 679 938 tempestive
695 902 847 929 demetendi
864 902 1016 937 percipien-
1036 930 1045 935 Ἡ

217 942 300 978 dique
313 941 429 971 fructus,
448 949 534 975 neque
550 940 683 967 condendi
699 949 729 966 ac
745 940 891 974 reponendi
904 939 957 965 nlla
969 948 1016 973 pe-

217 977 319 1007 c'udum
331 979 443 1005 scientia
459 983 512 1009 est.
529 986 676 1012 earumque
687 978 808 1004 omnium
822 986 910 1003 rerum
928 977 1016 1002 homi-

218 1026 283 1044 num
301 1021 341 1043 est
352 1021 378 1042 et
389 1025 455 1042 usus
466 1020 491 1042 et
502 1024 575 1042 cura.
616 1015 708 1041 ant.
732 1016 789 1041 ⁴57.
812 1015 843 1041 Ut
856 1014 921 1040 fides
934 1015 1016 1049 igitur

217 1060 242 1081 et
254 1054 334 1081 tibias
347 1062 440 1080 eorum
456 1061 550 1079 caussa
567 1053 649 1078 factas
665 1052 811 1078 dicendum
827 1057 879 1081 est,
896 1052 944 1085 qui
961 1051 1015 1077 illis

218 1092 256 1119 uti
268 1095 390 1126 possunt,
404 1091 443 1116 sic
455 1099 494 1121 ea,
503 1099 572 1125 quae
583 1090 651 1120 dixi,
661 1090 694 1116 iis
705 1089 771 1115 solis
782 1089 964 1115 confitendum
975 1093 1015 1114 est

216 1137 276 1155 esse
288 1133 387 1163 parata,
403 1128 451 1163 qui
463 1133 587 1159 utuntur;
607 1136 655 1153 nec
666 1128 769 1162 siquae
780 1127 881 1152 bestiae
893 1125 1015 1152 furantur

216 1165 321 1201 aliquid
337 1174 370 1192 ex
387 1166 419 1191 iis
435 1170 480 1191 aut
496 1165 616 1199 rapiunt,
640 1164 748 1190 illarum
759 1172 868 1198 quoque
879 1172 973 1189 caussa
985 1172 1014 1189 ea

217 1209 276 1230 nata
298 1212 356 1229 csse
377 1202 509 1228 dicemus.
551 1202 643 1236 Neque
663 1202 736 1227 enim
755 1201 878 1227 homines
895 1201 1014 1227 murium

217 1245 262 1267 aut
274 1240 444 1266 formicarum
458 1247 552 1265 caussa
565 1238 731 1265 frumentum
742 1238 874 1269 condunt,
892 1238 940 1264 sed
951 1247 1016 1264 con-

216 1278 311 1313 iugum
332 1282 358 1303 ct
379 1277 524 1302 liberorum
539 1281 565 1303 et
581 1276 745 1303 familiarum
760 1284 882 1302 suarum.
923 1277 1014 1311 ltaque

216 1315 317 1341 bestiae
330 1314 430 1344 furtim,
445 1319 473 1340 ut
484 1313 556 1344 dixi,
571 1313 711 1344 fruuntur,
729 1313 832 1340 domini
844 1313 932 1348 palam
944 1318 970 1339 et
983 1313 1016 1339 li-
1043 1315 1045 1342 j

215 1352 288 1378 bere.
332 1353 387 1378 1:58.
411 1352 553 1377 Hominum
568 1352 650 1387 igitur
659 1359 754 1377 caussa
766 1359 810 1377 eas
822 1359 911 1377 rerum
923 1351 1015 1385 copias

215 1394 381 1424 comparatas
392 1397 451 1415 csse
463 1388 601 1415 fatendum
613 1393 667 1415 est:
681 1389 734 1414 nisi
746 1388 812 1415 forte
823 1393 893 1415 tanta
905 1388 1015 1414 ubertas

214 1431 239 1453 et
252 1427 365 1453 varietas
378 1435 532 1461 pomorum,
549 1434 696 1461 eorumque
709 1425 845 1452 iucundus
858 1435 910 1452 non
922 1430 1016 1461 gusta-

214 1469 258 1491 tus
274 1463 376 1494 solum,
400 1463 446 1490 sed
462 1463 588 1490 odoratus
603 1464 683 1490 etiam
694 1468 720 1490 et
730 1468 855 1498 aspectus
866 1463 1016 1489 dubitatio-

215 1510 277 1527 nem
289 1501 372 1531 asfert,
390 1501 457 1536 quin
471 1501 628 1527 hominibus
640 1501 705 1527 solis
715 1509 745 1527 ea
757 1506 851 1527 natura
863 1501 1012 1527 donaverit.

214 1538 385 1573 Tantumque
396 1538 480 1569 abest,
490 1543 519 1565 ut
531 1538 595 1564 haec
607 1538 754 1565 bestiarum
766 1539 847 1565 etiam
858 1547 954 1564 caussa
966 1547 1015 1572 pa-

214 1581 268 1602 rata
285 1576 351 1606 sint,
375 1580 404 1602 ut
419 1576 492 1610 ipsas
508 1576 608 1602 bestias
624 1576 766 1602 hominum
777 1576 863 1612 gratia
874 1580 1014 1611 generatas

213 1622 273 1639 esse
289 1612 440 1639 videamus.
481 1612 552 1645 Quid
568 1614 641 1639 enim
656 1622 720 1640 oves
732 1613 806 1639 aliud
817 1613 943 1644 afferunt,
960 1613 1014 1639 nisi

213 1655 244 1676 ut
258 1659 350 1677 earum
366 1650 440 1676 villis
454 1649 583 1677 confectis
594 1656 675 1685 atque
685 1651 819 1677 contextis
831 1651 955 1677 homines
968 1658 1014 1676 ve-

213 1687 347 1714 stiantur?
366 1687 440 1719 Quae
455 1687 567 1722 quidem
583 1696 671 1723 neque
686 1688 736 1718 ali,
755 1696 842 1722 neque
856 1688 1010 1718 sustentari,

213 1733 301 1759 neque
314 1724 399 1751 ullum
413 1724 529 1751 fructum
540 1725 619 1751 edere
630 1734 664 1752 ex
675 1733 703 1752 se
714 1726 772 1751 sine
783 1725 859 1751 cultu
871 1725 1013 1751 hominum

213 1767 239 1788 et
249 1762 386 1788 curatione
398 1766 516 1797 possent.
557 1762 661 1789 Canum
676 1771 740 1788 vero
751 1767 805 1788 tam
817 1762 869 1789 fida
879 1763 1011 1793 custodia,

213 1804 322 1834 tamque
334 1807 427 1825 amans
436 1799 607 1826 dominorum
618 1799 746 1830 adulatio,
755 1804 913 1834 tantumque
919 1799 1013 1826 odium

213 1837 241 1862 in
253 1841 392 1867 externos,
408 1841 434 1863 et
445 1841 498 1863 tam
510 1836 680 1863 incredibilis
692 1836 726 1863 ad
737 1837 957 1872 investigandum
969 1845 1014 1863 sa-

213 1874 314 1908 gacitas
326 1874 442 1904 narium,
455 1878 526 1900 tanta
538 1873 660 1900 alacritas
671 1874 699 1900 in
711 1873 834 1900 venando
847 1874 915 1909 quid
926 1875 1014 1910 signi—

214 1911 275 1936 ficat
285 1910 369 1941 aliud,
378 1911 431 1936 nisi
442 1920 470 1936 se
481 1910 514 1937 ad
527 1911 668 1937 hominnm
680 1911 883 1937 commoditates
895 1919 954 1937 esse
965 1920 1014 1947 ge-

213 1946 336 1974 neratos?
371 1949 427 1973 ⁴59.
449 1948 520 1979 Quid
536 1948 569 1974 de
586 1948 674 1974 bobus
690 1947 802 1982 loquar?
821 1957 938 1983 quorum
954 1949 1013 1983 ipsa

213 1990 286 2020 terga
298 1984 434 2011 declarant
445 1993 497 2011 non
509 1993 568 2011 esse
579 1993 607 2011 se
619 1985 651 2011 ad
662 1993 732 2011 onus
742 1985 930 2020 accipiendum
943 1986 1014 2022 figu-

212 2027 281 2048 rata:
300 2022 420 2048 cervices
436 2026 526 2048 autem
541 2027 616 2048 natae
631 2022 664 2048 ad
676 2022 786 2048 iuoum:
809 2028 866 2049 tum
878 2024 950 2049 vires
962 2024 1014 2049 hu-

212 2067 347 2085 merorum
359 2064 384 2085 et
396 2058 552 2085 latitudines
564 2059 597 2086 ad
607 2064 692 2086 aratra
706 2043 903 2096 fexhrahenda.
946 2060 1014 2093 Qui-

211 2096 264 2122 bus
275 2105 360 2131 quum
373 2101 457 2122 terrae
471 2096 663 2132 subigerentur
678 2096 787 2123 fissione
801 2097 957 2133 glebarum,
980 2098 1014 2124 ab

213 2133 260 2160 illo
272 2142 352 2160 aureo
363 2142 474 2168 genere,
492 2138 522 2161 ut
535 2139 627 2169 poetae
640 2134 800 2169 loquuntur,
815 2136 857 2162 vis
867 2135 941 2162 nulla
952 2143 1014 2162 um—

210 2179 292 2206 quam
303 2170 471 2197 afferebatur.

249 2208 345 2234 Ferrea
358 2213 410 2234 tum
422 2217 482 2234 vero
490 2209 577 2241 proles
587 2213 680 2235 eaeorta
690 2217 765 2242 repen
770 2214 792 2235 te
802 2214 848 2240 est,

248 2253 363 2279 ausaque
372 2248 499 2279 funestum
507 2248 594 2278 prima
605 2250 641 2272 est
651 2248 809 2280 sabi-[carier
819 2256 902 2273 eriserit

249 2287 272 2308 et
285 2287 389 2316 quatere
400 2291 477 2309 'nanu
488 2285 600 2309 vinclum
609 2285 781 2318 dormitumque
790 2287 932 2310 iuvencum.

212 2320 293 2346 Tanta
310 2319 454 2354 putabatur
468 2320 570 2346 utilitas
586 2321 689 2355 percipi
704 2329 739 2347 ex
754 2321 856 2352 bobus,
874 2327 905 2348 ut
919 2330 1012 2348 eorum

214 2357 365 2383 visceribus
386 2358 460 2383 vesci
475 2357 564 2384 scelus
579 2357 733 2385 haberetur.
773 2358 866 2385 LXIV.
889 2359 1013 2395 Longum

212 2398 252 2419 est
263 2393 397 2420 mulorum
409 2395 536 2429 persequi
547 2394 676 2421 utilitates
687 2400 713 2422 et
723 2396 870 2427 asinorum,
879 2405 1013 2431 quaecer-

214 2435 237 2455 te
253 2430 286 2456 ad
308 2431 449 2458 hominum
465 2440 546 2458 usum
561 2437 668 2466 paratae
683 2437 756 2458 sunt.
799 2435 856 2459 460.
878 2434 930 2460 Sus
948 2442 1013 2460 vero

213 2466 280 2500 quid
292 2467 371 2494 habet
383 2474 487 2503 praeter
497 2468 606 2495 escam‘?
619 2469 669 2496 Cui
680 2469 806 2504 quidem,
825 2478 858 2496 ne
872 2476 1013 2505 putresce-

214 2508 266 2533 ret,
282 2505 398 2531 animam
411 2506 498 2540 ipsam
509 2515 556 2541 pro
567 2505 623 2532 sale
634 2505 723 2532 datam
735 2506 801 2533 dicit
811 2515 870 2533 esse
880 2507 1012 2543 Chrysip-

214 2548 276 2573 pus.
316 2540 373 2572 Qua
385 2543 501 2576 pecude,
519 2543 591 2578 quod
606 2548 661 2570 erat
671 2543 705 2570 ad
716 2544 882 2570 vescendum
893 2545 1013 2571 homini-

214 2576 267 2618 bus
278 2582 350 2611 apta,
369 2579 437 2604 nihil
449 2582 543 2614 genuit
554 2586 648 2607 natura
659 2580 814 2607 fecundius.
853 2581 925 2614 Quid
939 2581 1013 2608 mul-

215 2613 358 2656 titudinem
365 2617 815 2653 suavitatemqueptsciumdicam?
828 2618 1012 2653 quidavium‘?

215 2658 249 2676 ex
258 2651 360 2685 quibus
373 2656 442 2679 tanta
452 2655 600 2690 percipitur
611 2654 744 2690 voluptas,
758 2661 788 2683 ut
800 2656 936 2683 interdum
947 2657 1012 2683 Pro-

966 122 998 150 T.
1028 122 1300 149 Cttltittoxts

1047 195 1048 198 ’
1071 202 1135 220 noea
1152 199 1239 219 nostra
1252 193 1382 227 Epicurea
1400 192 1482 219 tuisse
1499 192 1630 219 videatur.
1671 193 1757 228 Atque
1772 192 1821 219 liae
1833 201 1865 220 ne

1070 236 1229 265 caperentur
1242 230 1367 265 quidem,
1386 231 1438 256 nisi
1453 230 1592 256 hominum
1610 231 1710 256 ratione
1721 235 1800 265 atquc
1812 231 1866 257 sol-

1072 268 1159 294 lertia:
1176 276 1341 303 quamquam
1354 276 1416 293 aves
1428 267 1558 302 quasdam
1567 288 1573 297 .
1590 272 1615 293 et
1625 268 1702 294 alites
1713 273 1738 293 et
1748 268 1863 298 oscines,

1071 311 1099 331 ut
1121 307 1202 332 nostri
1224 314 1340 339 augures
1361 304 1510 339 appellant,
1538 313 1626 331 rerum
1647 304 1865 340 augurandarum

1070 352 1164 368 causum
1181 352 1239 368 esse
1252 347 1326 368 natas
1337 347 1473 376 putamus.
1516 343 1572 368 461.
1594 343 1647 368 lam
1660 351 1722 368 vero
1735 343 1866 368 immanes

1070 385 1094 406 et
1107 380 1175 406 feras
1190 379 1294 406 belluas
1306 380 1488 406 nanciscimur
1498 379 1632 409 venando,
1649 384 1678 405 ut
1688 385 1714 405 et
1726 388 1866 405 vescamur

1071 418 1117 447 iis,
1131 422 1156 444 et
1167 426 1340 444 exerceamur
1352 418 1377 443 in
1390 416 1512 443 venando
1523 416 1555 442 ad
1567 416 1773 443 similitudinem
1786 416 1866 443 belli-

1069 464 1114 480 cae
1125 455 1294 489 disciplinae,
1309 460 1334 480 et
1346 460 1452 480 utamur
1462 453 1573 480 domitis
1583 458 1608 480 et
1618 453 1822 483 condocefactis.
1838 458 1866 480 ut

1069 492 1234 526 elephantis,
1257 491 1394 526 multaque
1410 500 1443 517 ex
1459 500 1550 517 earum
1569 491 1727 525 corporibus
1747 490 1865 518 remedia

1070 530 1171 555 morbis
1183 535 1208 556 et
1221 529 1381 555 vulneribus
1396 529 1551 558 eliciamus,
1567 529 1638 554 sicut
1652 536 1686 554 ex
1699 528 1865 563 quibusdam

1069 567 1201 601 :stirpibus
1212 572 1237 593 et
1250 566 1354 596 herbis,
1374 574 1489 601 quarum
1506 565 1634 592 utilitates
1645 565 1786 600 longinqui
1798 570 1866 591 tem·

1070 605 1142 639 poris
1159 613 1209 630 usu
1225 609 1250 630 et
1266 603 1460 638 periclitatione
1475 603 1656 638 percepimus.
1697 603 1789 629 Totam
1805 602 1866 629 licet

1069 642 1181 672 animis,
1200 646 1336 676 tamquam
1355 640 1456 670 oculis,
1481 640 1592 666 lustrare
1609 645 1705 666 terram
1727 639 1865 675 mariaque

1037 684 1039 695 ¹
1068 680 1170 708 omnia;
1196 687 1289 705 cernes
1311 679 1361 705 iam
1382 679 1467 712 spatia
1487 677 1615 713 frugifera
1635 682 1714 712 atque
1734 678 1865 703 immensa

1044 722 1045 726 ¹
1068 725 1224 751 camporum
1242 717 1410 750 vestitusque
1425 715 1603 741 densissimos
1619 715 1764 744 montium,
1783 722 1866 749 pecu·

1044 761 1045 766 ¹
1068 754 1132 780 (lum
1146 759 1252 789 pastus,
1270 758 1325 780 tum
1339 753 1492 779 incredibili
1503 761 1599 778 cursus
1611 753 1759 779 maritimos
1769 751 1866 778 celeri·

1044 796 1045 824 l
1069 796 1130 818 tate.
1174 793 1229 818 ⁴62,
1253 791 1306 817 Nec
1318 799 1380 816 vero
1391 799 1472 825 supra
1485 795 1594 820 terram,
1612 789 1659 816 sed
1671 790 1750 815 etiam
1763 790 1789 815 in
1802 789 1865 815 inti-

1044 833 1046 848 ἰ
1069 830 1120 855 mis
1140 829 1199 854 eius
1220 828 1337 854 tenebris
1358 828 1536 862 plurimarum
1557 835 1647 853 rerum
1670 826 1732 853 latet
1751 826 1863 855 utilitas,

1044 883 1045 886 =
1068 875 1146 901 quae,
1159 865 1190 892 acl
1204 874 1283 891 usum
1297 866 1436 892 hominum
1448 870 1517 895 orta,
1533 864 1567 891 ab
1579 864 1736 891 hominibus
1746 863 1811 890 solis
1823 863 1865 889 in-

1068 904 1186 930 venitur.

1125 941 1205 967 va.
1228 939 1297 966 Illud
1311 948 1384 969 vero,
1402 939 1474 974 quod
1491 944 1603 974 uterque
1619 943 1738 965 vestrum
1754 937 1865 964 sortasse

1068 979 1177 1013 arripiet
1193 977 1226 1003 ad
1243 976 1509 1012 reprehendendum:
1531 977 1619 1006 Cotta,
1636 976 1700 1010 quia
1714 975 1865 1002 Carneades

1070 1015 1184 1041 libenter
1196 1016 1222 1041 in
1234 1015 1335 1041 Stoicos
1352 1014 1543 1041 invehebatur:
1567 1013 1699 1043 Velleius.
1715 1014 1779 1048 quia
1796 1011 1864 1039 nihil

1069 1058 1121 1079 tam
1135 1052 1227 1079 irridet
1237 1052 1386 1087 Epicurus,
1403 1059 1485 1086 quam
1500 1050 1708 1086 praedictionem
1721 1058 1810 1076 rerum
1823 1049 1866 1075 fu·

1069 1095 1204 1116 turarum:
1227 1089 1294 1115 milii
1311 1089 1419 1115 videtur
1431 1088 1472 1114 vel
1484 1089 1601 1115 maxime
1612 1087 1784 1117 confirmare,
1801 1086 1865 1113 deo-

1044 1145 1045 1150 =
1068 1136 1127 1154 rum
1149 1127 1317 1162 providentia
1331 1125 1436 1153 consuli
1456 1125 1536 1152 rebus
1551 1125 1688 1151 humanis.
1728 1125 1775 1151 Est
1792 1125 1864 1150 enim

1043 1164 1045 1202 ᾗ
1068 1164 1185 1199 profecto
1195 1164 1336 1194 divinatio,
1348 1171 1417 1198 quae
1429 1162 1522 1189 multis
1533 1162 1612 1192 locis,
1625 1162 1720 1192 rebus,
1737 1162 1866 1196 tempori-

1044 1210 1045 1219 *
1068 1203 1119 1228 bus
1131 1206 1248 1237 apparet,
1262 1210 1348 1236 quum
1360 1202 1386 1227 in
1399 1201 1521 1235 privatis,
1537 1205 1594 1226 tum
1606 1199 1723 1225 maxime
1735 1199 1762 1225 in
1773 1198 1867 1233 publi-

1043 1240 1045 1268 !
1067 1240 1117 1266 cis.
1160 1241 1216 1265 ⁴63.
1238 1238 1320 1265 Multa
1336 1243 1450 1264 cernunt
1465 1237 1636 1272 haruspices,
1654 1236 1738 1263 multa
1749 1244 1866 1271 augures

1044 1273 1045 1297 l
1067 1276 1219 1312 provident,
1229 1276 1311 1302 multa
1325 1275 1443 1302 oraculis
1453 1274 1631 1305 declarantur,
1640 1273 1723 1300 multa
1736 1274 1866 1300 vaticina-

1068 1314 1201 1345 tionibus,
1216 1313 1299 1340 multa
1311 1313 1439 1343 somniis.
1453 1312 1536 1339 multa
1547 1312 1690 1347 portentis;
1707 1310 1810 1346 quibus
1820 1319 1866 1337 co-

1043 1365 1044 1382 ;
1066 1352 1164 1387 gnitiS,
1185 1351 1285 1378 multae
1296 1359 1376 1385 saepe
1388 1359 1430 1376 res
1442 1358 1476 1376 ex
1491 1349 1631 1376 hominum
1643 1349 1775 1375 sententia
1785 1352 1865 1383 atque

1067 1389 1197 1415 utilitates
1210 1393 1314 1424 partae,
1338 1387 1421 1414 multa
1437 1388 1516 1414 etiam
1534 1386 1654 1422 pericula
1665 1385 1778 1420 depulsa
1790 1390 1863 1412 sunt.

1067 1427 1136 1453 llaec
1152 1427 1236 1462 igitur
1250 1427 1308 1452 sive
1323 1427 1366 1452 vis
1382 1426 1441 1451 sive
1452 1433 1494 1451 ars
1505 1425 1563 1451 sive
1575 1429 1668 1450 natura
1679 1423 1712 1449 ad
1723 1423 1864 1449 scientiam

1067 1473 1156 1490 rerum
1165 1463 1315 1490 futurarum
1323 1463 1427 1490 homini
1438 1461 1556 1497 profecto
1567 1466 1667 1488 estnec
1678 1460 1724 1487 alii
1735 1461 1864 1495 cuiquam

1042 1520 1044 1523 -
1067 1510 1080 1527 a
1096 1501 1150 1528 diis
1166 1500 1366 1527 immortalibus
1381 1500 1453 1526 data.
1493 1499 1567 1532 Quae
1581 1499 1604 1525 si
1619 1497 1728 1534 singula
1739 1506 1788 1524 vos
1798 1496 1864 1524 forte

1067 1547 1118 1565 non
1132 1543 1248 1569 movent,
1257 1539 1384 1564 universa
1395 1542 1466 1563 certe
1477 1541 1565 1563 tamen
1577 1537 1646 1563 inter
1655 1544 1684 1562 se
1695 1543 1816 1562 connexa
1825 1538 1865 1561 at·

1066 1585 1119 1611 que
1129 1577 1271 1602 coniuncta
1283 1583 1391 1602 movere
1405 1574 1553 1601 debebunt.

1126 1615 1181 1640 ⁴64.
1204 1614 1258 1639 Nec
1273 1621 1337 1639 vero
1356 1613 1484 1638 universo
1499 1612 1592 1647 generi
1607 1610 1750 1637 hominum
1764 1608 1863 1639 solum,

1067 1650 1114 1677 sed
1126 1651 1207 1677 etiam
1219 1649 1337 1686 singulis
1347 1658 1362 1675 a
1373 1649 1427 1675 diis
1438 1647 1638 1675 immortalibus
1649 1647 1755 1674 consuli
1767 1651 1792 1673 et
1802 1654 1866 1681 pro-

1066 1688 1153 1714 videri
1174 1687 1251 1714 solet.
1292 1687 1366 1713 Licet
1385 1687 1458 1713 enim
1479 1685 1635 1712 contrahere
1658 1684 1864 1711 universitatem

1065 1726 1173 1760 generis
1190 1725 1302 1751 humani
1317 1732 1431 1758 eamque
1445 1722 1578 1759 gradatim
1593 1721 1626 1748 ad
1640 1722 1794 1757 pauciores,
1816 1729 1865 1755 po-

1065 1768 1165 1788 stremo
1180 1761 1314 1788 deducere
1329 1760 1362 1787 ad
1374 1761 1508 1795 singulos.
1548 1759 1640 1786 val.
1662 1759 1729 1785 Nam
1741 1759 1764 1784 si
1775 1758 1865 1784 omni-

1066 1799 1118 1825 bus
1130 1799 1302 1829 hominibus,
1319 1799 1367 1833 qui
1383 1798 1486 1832 ubique
1501 1802 1578 1827 sunt,
1595 1804 1769 1831 quacumque
1780 1796 1808 1822 in
1819 1803 1864 1822 ora

1066 1845 1095 1862 ac
1107 1841 1181 1871 parte
1193 1841 1337 1866 terrarum,
1351 1835 1385 1861 ab
1397 1835 1510 1861 huiusce
1522 1840 1619 1865 terrae,
1636 1842 1719 1868 quam
1730 1841 1778 1859 nos
1790 1833 1865 1859 inco-

1067 1873 1149 1900 limus
1157 1894 1163 1904 ,
1176 1873 1376 1900 continuatione
1387 1872 1560 1901 distantium,
1573 1871 1638 1897 deos
1648 1870 1790 1897 consulere
1800 1878 1865 1896 cen-

1066 1919 1158 1937 semus
1169 1911 1203 1937 ob
1215 1919 1259 1937 eas
1269 1918 1389 1940 caussaS,
1402 1918 1470 1945 quas
1481 1914 1541 1935 ante
1552 1908 1687 1935 diximus:
1701 1907 1745 1934 his
1755 1915 1865 1943 quoque

1067 1948 1224 1974 hominibus
1243 1947 1400 1978 consulunt,
1425 1948 1474 1981 qui
1495 1946 1543 1973 has
1563 1946 1706 1972 nobiscum
1727 1949 1810 1971 terras
1830 1944 1864 1970 ab

1065 1986 1167 2012 oriente
1186 1985 1219 2011 ad
1239 1985 1406 2011 occidentem
1427 1983 1528 2011 colunt.
1571 1984 1627 2009 ⁴65.
1649 1982 1697 2009 Sin
1720 1986 1809 2009 autem
1829 1982 1864 2008 iis

1065 2022 1223 2053 consulunt,
1241 2023 1288 2057 qui
1304 2022 1383 2057 quasi
1398 2030 1523 2057 magnam
1534 2019 1680 2056 quamdam
1693 2018 1810 2046 insulam
1822 2019 1864 2045 in-

1065 2059 1170 2091 colunt,
1188 2068 1270 2095 quam
1285 2068 1333 2086 nos
1343 2059 1436 2085 orbem
1453 2064 1536 2085 terrae
1552 2066 1694 2084 vocamus:
1713 2057 1794 2083 etiam
1807 2055 1864 2082 illis

1065 2097 1224 2128 consulunt,
1240 2097 1287 2132 qui
1303 2101 1392 2131 partes
1407 2097 1467 2122 eius
1481 2094 1586 2122 insulae
1596 2099 1699 2124 tenent,
1716 2094 1861 2128 Europam,

1065 2135 1167 2165 Asiam,
1176 2134 1304 2161 Africam.
1324 2134 1395 2169 Ergo
1405 2138 1431 2160 et
1441 2141 1533 2159 earum
1540 2137 1629 2167 partes
1639 2130 1768 2167 diligunt,
1776 2130 1864 2157 utRo-

1066 2181 1147 2203 mam,
1160 2171 1292 2202 Athenas,
1305 2170 1441 2206 Spartam,
1457 2170 1596 2199 Rhodum,
1613 2174 1639 2195 et
1650 2177 1743 2195 earum
1753 2167 1862 2194 urbium

1065 2209 1210 2244 separatim
1227 2209 1260 2235 ab
1275 2209 1412 2235 universis
1427 2207 1550 2243 singulos
1570 2206 1701 2242 diligunt,
1724 2209 1755 2231 ut
1767 2203 1863 2239 Pyrrhi

1066 2246 1137 2273 bello
1148 2246 1272 2277 Curium,
1285 2245 1450 2275 Fabricium,
1459 2244 1667 2274 Coruncanium,
1681 2243 1769 2278 primo
1779 2241 1864 2268 Puni-

1041 2282 1043 2310 2
1064 2293 1095 2310 co
1106 2283 1267 2313 Calatinum,
1280 2282 1422 2313 Duillium,
1435 2281 1582 2312 Metellum,
1598 2281 1747 2310 Lutatium;
1764 2286 1863 2304 secun-

1041 2323 1043 2327 '
1064 2321 1099 2348 do
1110 2321 1269 2351 Maximum,
1282 2319 1449 2349 Marcellum,
1462 2318 1632 2350 Africanum,
1650 2321 1709 2352 post
1720 2316 1769 2342 hos
1782 2314 1864 2341 Paul-

1065 2358 1131 2389 lum,
1145 2357 1308 2387 Gracchum,
1322 2357 1458 2387 Catonern,
1471 2361 1579 2391 patrum
1587 2362 1651 2381 vero
1661 2353 1791 2380 memoria
1802 2352 1862 2378 Sci-

1064 2397 1182 2431 pionem,
1196 2395 1332 2426 Laelium,
1346 2393 1501 2428 multosque
1511 2397 1646 2428 praeterea
1656 2395 1682 2417 et
1693 2394 1781 2416 nostra
1792 2390 1863 2416 civi-

1064 2438 1104 2460 tas
1120 2438 1146 2459 et
1161 2433 1273 2459 Graecia
1288 2431 1351 2458 tulit
1367 2430 1520 2467 singulares
1534 2430 1620 2461 viros,
1643 2435 1758 2462 quorum
1775 2427 1862 2453 nemi-

1064 2479 1140 2501 nem,
1157 2470 1210 2496 nisi
1227 2470 1337 2496 iuvante
1352 2468 1416 2499 deo,
1434 2467 1515 2494 talem
1529 2466 1614 2493 fuisse
1629 2464 1794 2491 credendum
1809 2468 1859 2490 est.

1040 2511 1041 2530 l
1066 2509 1122 2534 ⁴66.
1137 2507 1211 2539 Quae
1222 2507 1288 2533 ratio
1297 2511 1390 2541 poetas
1401 2506 1574 2538 maximeque
1584 2503 1729 2529 Homerum
1741 2500 1858 2536 impulit,

1032 2516 1041 2577 l}
1063 2550 1091 2571 nt
1103 2544 1275 2579 principibus
1286 2544 1408 2573 heroum,
1417 2539 1638 2572 Ulixiffliomedi,
1651 2538 1857 2575 Agamemnoni,

1062 2581 1177 2612 Achilli,
1190 2586 1276 2608 certos
1291 2580 1356 2607 deos
1371 2579 1562 2606 discriminum
1577 2582 1604 2603 et
1617 2576 1799 2611 periculorum
1813 2583 1860 2602 co-

1038 2622 1042 2643 l
1063 2619 1143 2645 mites
1154 2618 1322 2654 adiungeret.
1362 2617 1498 2643 Praeterea
1513 2615 1634 2649 ipsorum
1653 2613 1765 2640 deornm
1779 2620 1859 2646 saepe

1038 2667 1041 2683 ι
1061 2657 1239 2691 praesentiae,
1247 2654 1342 2690 quales
1353 2661 1435 2689 supra
1445 2651 1663 2682 commemoravi,
1672 2649 1858 2681 declat-annai>
