1931 2994
657 113 1013 141 rssoossnmuu.
1636 126 1656 146 v

119 209 277 244 Tertium
310 213 427 242 autem
457 220 600 248 munus,
635 207 729 253 quod
758 220 827 242 non
858 206 983 240 licebat
1010 218 1103 257 anno
1132 206 1486 244 CIOIOCCCXXVH.
1518 211 1654 255 addere,

19 278 150 313 indices
191 276 283 318 dico,
322 286 536 321 quamquam
576 274 779 321 perbreves,
820 273 997 316 librarius,
1036 285 1106 319 quo
1144 280 1198 309 est
1235 275 1378 323 ingenio
1417 277 1461 311 ad
1500 278 1655 313 iuvanda

19 346 216 380 litterarum
250 343 367 377 studia
398 342 676 389 promptissimo,
715 341 802 376 inihi
835 341 934 375 facile
966 342 1147 384 concessit,
1187 348 1227 377 ut
1260 342 1341 377 huic
1373 344 1474 378 alteri
1508 345 1653 380 editioni

20 412 257 459 adiungerem.
320 409 512 446 Enimvero
544 421 752 456 persuasum
785 407 967 451 habebam,
1005 407 1084 442 illos
1117 410 1271 444 maxime
1299 410 1468 446 similium
1498 413 1654 448 locorum

22 478 282 526 comparatione
325 490 400 512 esse
443 477 487 511 ad
525 476 723 511 litterarum
762 475 1001 510 Tullianarum
1039 476 1156 510 studia
1194 478 1372 524 perutiles.
1448 479 1545 523 Quos
1584 493 1653 527 quo

20 547 156 582 facilius
190 556 433 592 componerem
466 544 717 590 brevioresque
746 543 937 585 redderem,
964 541 1120 590 singulos
1148 543 1312 591 deinceps
1342 545 1654 583 Ciceronianorum

21 626 167 661 operum
199 612 308 647 libros
341 624 406 647 suo
439 623 613 658 quemque
646 624 794 645 numero
826 609 972 662 signavi,
1005 622 1075 656 quo
1109 616 1144 645 et
1172 623 1237 658 ego
1266 612 1344 647 illos
1373 614 1511 649 omissis
1541 616 1653 650 titulis

22 686 144 717 notare
192 685 227 714 et
269 680 415 714 lectores
458 678 581 714 ordine
623 678 787 713 evolvere
829 677 918 712 facili
957 678 1097 724 negotio
1140 685 1294 724 possent.
1362 680 1493 716 Eadem
1537 691 1653 718 mente

22 747 207 784 historiam
236 746 280 782 de
308 746 383 781 vita
409 746 455 781 M.
487 745 595 781 Tullii
625 751 659 780 et
687 745 901 792 temporibus
925 743 1119 780 iuventutis
1150 746 1230 781 usui
1260 747 1366 781 etiam
1395 749 1521 797 magis,
1545 763 1651 796 quam

22 816 119 858 olim,
148 813 480 849 accommodandam
509 819 544 849 et
572 813 793 861 singulorum
822 812 981 848 librorum
1003 805 1195 848 summaria
1216 816 1497 862 recognoscenda
1521 820 1650 853 censui.

20 882 92 919 Nec
120 882 232 917 defuit
259 881 356 929 operi
385 881 661 929 typographicae
690 880 877 915 institutim
896 890 912 912 S
941 878 1148 915 liberalitate
1177 886 1212 916 et
1240 881 1415 931 elegantia
1437 884 1651 921 cultissimus

22 950 203 993 librarius,
233 949 363 984 chartis
393 961 478 983 usus
507 948 711 984 melioribus
740 947 858 996 typisq
922 952 955 980 ct
983 947 1116 995 figurae
1145 949 1340 996 gracilitate
1364 957 1397 985 et
1422 952 1651 988 collocatione

22 1018 67 1053 ad
105 1016 292 1066 legendum
331 1016 443 1051 multo
481 1016 708 1051 facilioribus.
777 1014 884 1061 Itaqe
923 1014 1028 1048 etiam
1060 1015 1248 1051 simulacro
1281 1017 1459 1053 Ciceronis
1492 1021 1650 1066 pulcher-

23 1086 127 1128 rimo,
172 1097 242 1131 quo
281 1084 324 1119 de
362 1084 555 1132 Boettigeri
595 1083 772 1118 sententia
810 1082 837 1116 T
873 1079 1026 1116 chnitius
1064 1088 1164 1128 pater
1203 1085 1419 1131 superiorem
1460 1087 1650 1123 editionem

24 1157 226 1195 ornaverat,
266 1152 357 1186 hanc
396 1152 491 1187 filius
530 1150 760 1199 dignissimus
800 1162 830 1185 e-
852 1148 1024 1184 mandam
1064 1151 1210 1186 censuit.

126 1219 243 1263 Quare
285 1219 434 1267 prodeat
475 1231 571 1255 nunc
613 1231 719 1266 quam
763 1218 822 1253 dil'
833 1215 1012 1251 entissime
1056 1217 1251 1254 instructus
1291 1220 1426 1264 Cicero,
1467 1229 1499 1257 ct
1539 1225 1649 1270 prosit

26 1301 132 1335 quam
167 1287 360 1334 plurimum
396 1286 622 1335 elegantioris
657 1286 787 1321 eruditi
832 1294 847 1316 S
882 1284 1130 1330 appetentibus
1166 1286 1458 1324 adolescentibus.

127 1365 236 1402 Scrib.
270 1365 409 1413 Lipsiae
441 1377 561 1401 mense
593 1364 779 1401 Decembri
814 1362 874 1396 nni
908 1361 1190 1399 MDCCCXLIX.

1348 1656 1512 1694 NOBBE.
