1941 3052
376 131 703 158 EPISTOLARUM
731 130 784 156 AD
813 129 1017 156 ATTICUM
1047 130 1127 156 LIB.
1150 130 1197 156 IV.
1219 130 1281 156 ΕΡ.
1307 131 1391 156 10-
1414 130 1452 156 46.

97 211 171 234 xxu,
195 201 409 229 condemnarunt
427 209 525 228 XXVIII.
565 201 679 228 Publius
700 209 764 228 sane
790 199 889 227 diserto

96 240 203 276 epilogo
218 240 378 270 criminans,
402 243 505 265 mentes
521 238 644 265 iudicum
660 242 788 265 moverat.
824 238 890 264 llor-

97 278 166 305 talus
187 277 215 304 in
234 285 264 303 ea
278 285 374 303 caussa
390 275 453 307 fuit,
471 276 624 302 cuiusmodi
640 275 716 302 solet.
757 276 811 301 Nos
829 283 890 301 ver-

95 315 163 342 bum
175 313 291 341 nullum.
330 314 419 340 Verita
435 317 474 339 est
485 314 557 339 enim
569 313 676 348 pusilla,
689 320 758 348 quae
769 320 841 339 nunc
852 311 891 338 la-

96 353 186 383 borat,
206 359 238 377 ne
257 351 341 378 animi
360 351 387 377 iu
402 350 497 377 Publio
510 350 668 377 offenderer.
708 351 733 376 5.
749 350 796 376 His
810 349 891 375 rebus

97 390 177 420 actis,
197 389 302 415 Reatini
318 397 360 414 me
376 388 409 414 ad
424 396 473 414 sua
483 389 565 423 τέμπη
576 387 725 418 duxerunt,
743 391 773 413 ut
783 394 890 422 agerem

96 434 220 454 caussam
238 430 329 452 contra
348 426 538 452 Interamnates
558 424 630 459 apud
649 423 788 451 consulem
803 428 829 450 et
843 423 892 449 de—

96 472 156 491 cem
174 463 288 499 legatos;
312 463 384 498 quod
399 462 472 489 lacus
486 462 613 493 Velinus,
629 470 643 488 a
654 463 697 488 Μ’.
713 461 793 488 Curio
808 461 892 487 emis-

97 509 158 532 sus,
176 501 302 527 interciso
318 504 422 531 monte,
442 500 470 526 in
481 498 599 535 Nar[em]
612 498 719 525 defluit:
742 507 776 525 ex
786 507 840 533 quo
851 502 891 524 est

97 537 144 565 illa
164 539 276 570 siccata,
302 542 327 564 et
342 537 455 564 humida
471 541 559 563 tamen
575 536 679 563 modice
694 537 788 562 Rosea.
828 535 891 562 Vixi

96 584 159 603 cum
174 576 253 602 Axio.
297 574 368 607 Quin
384 575 465 601 etiam
480 582 523 600 me
537 573 571 600 ad
588 574 695 608 Septem
706 581 789 607 aquas
800 571 889 598 duxit.

97 614 122 640 6.
142 613 220 639 Redii
236 613 346 639 Romam
362 612 465 638 Fonteii
479 620 574 637 caussa
586 620 610 637 a.
623 611 650 637 d.
662 619 709 637 vu.
723 610 785 636 Idus
796 609 889 642 Quint.

96 650 165 678 Veni
187 650 214 676 in
235 649 434 684 spectaculum,
466 649 585 683 primum
601 656 698 683 magno
713 652 739 674 et
754 646 891 681 aequabili

96 687 209 723 plausu:
231 687 289 722 (sed
301 687 350 713 hoc
361 695 394 713 ne
405 687 520 712 curaris:
537 686 709 721 egoineptus,
722 684 892 719 quiscripse-

97 725 176 759 rim:)
195 724 307 755 deinde,
324 724 483 758 Antiphonti
497 731 616 758 operam.
656 723 680 748 Is
697 726 752 748 erat
762 726 823 747 ante
834 729 892 747 ma-

97 763 247 793 numissus,
263 770 344 797 quam
356 761 512 796 productus
534 761 572 786 Ne
583 760 686 786 diutius
697 758 824 794 pendeas,
833 758 892 793 pal-

98 808 170 826 mam
185 799 256 826 tulit.
301 798 353 825 Sed
369 798 439 825 nihil
450 802 503 824 tam
515 797 661 832 pusillum,
683 796 752 823 nihil
768 800 821 822 tam
833 796 891 822 sine

97 845 176 868 voce,
195 836 263 863 nihil
279 841 332 863 tam
349 844 454 862 verum.
494 835 564 861 Haec
575 838 602 861 tu
614 839 703 861 tecum
715 833 821 860 habeto.
862 833 891 859 In

97 874 283 901 Andromacha
299 878 387 900 tamen
403 873 488 899 maior
503 871 566 903 fuit,
583 880 666 907 quam
681 872 830 907 Astyanax,
864 870 891 896 in

97 912 192 938 ceteris
216 920 308 946 parem
332 910 428 937 habuit
451 909 598 936 neminem.
633 909 746 941 Quaeris
767 916 839 934 nunc
859 907 892 933 de

97 948 262 976 Arbuscula:
294 947 372 975 valde
387 947 498 982 placuit.
538 946 608 973 Ludi
624 946 761 982 magnifici
776 950 802 971 et
811 945 890 981 grati.

97 987 209 1014 Venatio
223 986 251 1012 in
262 985 337 1012 aliud
348 990 455 1020 tempus
466 984 558 1011 dilata.
598 985 623 1010 7.
638 984 755 1019 Sequere
767 991 838 1009 nunc
850 990 892 1008 me

96 1025 126 1051 in
136 1032 273 1059 campum.
313 1023 396 1049 Ardet
406 1022 538 1055 ambitus,
561 1023 632 1057 σῆμα
648 1021 676 1048 δέ
685 1032 725 1048 τοι
735 1022 811 1056 ἑρέωτ
837 1019 893 1046 foe-

97 1070 149 1088 nus
169 1069 203 1088 ex
222 1061 317 1087 triente
338 1060 407 1087 ldib.
442 1059 533 1092 Quint.
568 1058 668 1085 factum
684 1063 740 1085 erat
753 1057 890 1084 bessibus.

96 1100 184 1130 Dices,
202 1099 271 1125 istuc
286 1098 398 1133 quidem
414 1106 466 1124 non
482 1096 593 1123 moleste
608 1095 674 1123 fero.
714 1095 736 1122 O
751 1095 854 1122 virum!
877 1103 892 1121 o

97 1136 198 1163 civem!
229 1136 388 1162 Memmium
403 1135 524 1162 Caesaris
539 1142 632 1160 omnes
647 1141 712 1169 opes
722 1133 890 1160 confirmant.

97 1174 166 1202 Cum
185 1181 216 1200 eo
231 1173 377 1200 Domitium
391 1171 516 1199 consules
531 1172 691 1204 iunxerunt,
718 1179 772 1206 qua
791 1170 893 1206 pactio-

97 1220 141 1243 ne,
159 1210 287 1246 epistolae
301 1211 467 1237 committere
482 1218 534 1236 non
547 1209 642 1236 audeo.
682 1209 827 1243 Pompeius
839 1207 893 1234 fre-

97 1250 155 1280 mit.
178 1248 309 1283 queritur,
327 1248 427 1274 Scauro
442 1247 545 1274 studet:
572 1246 620 1273 sed
635 1250 726 1273 utrum
742 1245 841 1276 fronte,
859 1254 892 1271 an

97 1290 195 1317 mente,
204 1285 356 1312 dubitatur:
373 1285 448 1320 ἐξοχή
460 1285 487 1311 in
498 1283 572 1311 nullo
582 1288 635 1310 est:
649 1284 763 1318 pecunia
770 1283 892 1309 omnium

97 1323 257 1359 dignitatem
279 1327 420 1358 exaequat.
465 1321 589 1349 Messalla
611 1321 732 1356 languet:
765 1329 818 1347 non
838 1328 892 1355 quo

96 1365 143 1388 aut
162 1361 270 1387 animus
285 1360 364 1392 desit,
382 1364 428 1386 aut
438 1360 532 1386 amici:
564 1359 612 1385 sed
622 1359 701 1386 coitio
712 1357 856 1385 consulum
868 1362 893 1384 et

96 1399 242 1434 Pompeius
257 1398 366 1424 obsunt.
406 1398 444 1423 Ea
459 1397 576 1428 comitia,
593 1401 657 1431 puto
672 1395 735 1427 sore,
750 1400 779 1422 ut
790 1395 893 1421 ducan—

97 1441 149 1464 tur.
180 1435 332 1463 Tribunicii
345 1434 481 1462 candidati
493 1435 615 1462 iurarunt
625 1442 654 1461 se
665 1433 775 1460 arbitrio
785 1433 893 1460 Catonis

95 1474 237 1510 petituros.
286 1473 366 1509 Apud
384 1482 447 1500 eum
462 1473 526 1500 l-l-S
541 1474 679 1508 quingena
694 1471 889 1507 deposuerunt,

96 1517 135 1544 ut,
153 1513 201 1547 qui
214 1520 229 1538 a
240 1511 338 1538 Catone
349 1511 491 1537 damnatus
503 1515 582 1541 esset,
596 1510 624 1537 id
638 1510 769 1545 perderet,
782 1514 809 1536 et
818 1516 893 1536 com-

96 1549 257 1584 petitoribus
277 1549 452 1575 tribueretur.
493 1550 517 1574 8.
540 1548 608 1574 Haec
624 1557 673 1584 ego
688 1547 776 1582 pridie
789 1547 893 1574 scribe-

96 1587 169 1618 bam,
192 1594 274 1621 quam
294 1587 403 1612 comitia
420 1585 475 1612 fore
490 1585 664 1621 putabantur.
705 1585 758 1612 Sed
774 1585 807 1612 ad
824 1589 848 1611 te
864 1592 890 1610 V.

96 1624 156 1651 Kal.
178 1623 252 1651 Sext.
270 1624 294 1650 si
310 1623 377 1650 facta
393 1627 480 1655 erunt,
497 1627 523 1649 et
538 1623 694 1650 tabellarius
705 1631 757 1649 non
769 1623 819 1649 erit
830 1630 893 1657 pro-

96 1661 191 1693 fectus.
205 1665 258 1688 tota
268 1661 376 1687 comitia
387 1660 567 1696 perscribam:
585 1669 654 1695 quae
664 1661 697 1692 si,
711 1664 741 1686 ut
751 1664 889 1695 putantur.

95 1699 210 1735 gratuita
239 1698 350 1731 fuerint;
391 1697 453 1733 plus
480 1707 551 1724 unus
573 1698 635 1725 Cato
657 1698 787 1733 potuerit,
809 1705 892 1733 quam

96 1744 189 1763 omncs
209 1736 321 1771 quidem
337 1735 452 1762 iudices.
492 1737 517 1762 9.
539 1736 655 1762 Messius
670 1734 866 1762 defendebatur
877 1743 891 1761 a

97 1774 184 1805 nobis,
201 1782 215 1800 e
227 1773 358 1809 legatione
373 1777 526 1800 revocatus:
549 1782 611 1800 nam
625 1781 688 1800 eum
699 1772 806 1800 Caesari
819 1772 892 1809 lega-

96 1815 135 1838 rat
145 1811 260 1846 Appius.
291 1810 424 1838 Servilius
435 1810 530 1842 edixit,
543 1815 573 1837 ut
583 1811 699 1838 adesset.
733 1811 832 1837 Tribus
844 1811 892 1837 ha-

96 1848 142 1875 bet
151 1849 329 1884 Pomptinam.
348 1847 480 1879 Velinam,
493 1848 633 1875 Maeciam.
673 1849 811 1884 Pugnatur
823 1848 892 1875 acri-

96 1890 147 1913 ter:
170 1886 259 1921 agitur
270 1890 358 1912 tamen
369 1886 444 1912 satis.
484 1885 586 1912 Deinde
597 1894 640 1913 me
651 1885 767 1920 expedio
778 1885 811 1912 ad
823 1886 892 1912 Dru-

95 1932 167 1954 sum,
189 1922 252 1949 inde
268 1923 300 1949 ad
315 1923 457 1949 Scaurum.
497 1923 627 1950 Parantur
641 1923 807 1950 orationibus
820 1923 892 1950 indi-

95 1968 140 1987 ces
159 1959 280 1996 gloriosi.
321 1960 443 1986 Fortasse
463 1960 591 1987 accedent
607 1961 688 1988 etiam
703 1960 828 1987 consules
844 1960 892 1987 de-

95 1998 208 2033 signati:
240 1997 380 2032 inquibus
390 1997 414 2023 si
425 1997 543 2024 Scaurus
555 2006 605 2024 non
618 1998 706 2029 fuerit.
721 1998 747 2024 in
760 1997 809 2024 hoc
820 1997 892 2024 iudi-

95 2036 137 2062 cio
149 2034 226 2061 valde
238 2034 378 2061 laborabit.
420 2036 461 2061 ⁴0.
482 2035 523 2061 Ex
533 2035 625 2067 Quinti
638 2035 726 2062 fratris
739 2034 833 2062 litteris
844 2044 892 2061 su-

95 2073 193 2108 spicor,
213 2072 265 2098 iam
282 2080 346 2098 eum
357 2079 416 2097 esse
428 2071 455 2098 in
466 2072 612 2099 Britannia.
652 2072 790 2106 Suspenso
802 2073 892 2098 animo

95 2114 230 2144 exspecto,
253 2109 321 2144 quid
342 2112 411 2144 agat.
453 2108 522 2135 lllud
545 2109 656 2144 quidem
677 2118 773 2136 sumus
788 2109 889 2144 adepti,

95 2146 167 2182 quod
179 2145 272 2173 multis
284 2151 309 2172 et
320 2146 542 2181 magnisindiciis
549 2146 829 2181 possumusiudicare,
843 2155 891 2173 nos

95 2184 202 2211 Caesari
216 2188 242 2210 et
256 2184 411 2210 carissimos
422 2187 449 2210 et
460 2184 672 2212 iucundissimos
682 2192 752 2211 esse.
792 2185 891 2220 Diony-

95 2222 167 2248 sium
190 2220 274 2248 velim
289 2220 393 2248 salvere
409 2220 513 2252 iubeas,
531 2225 632 2248 etcum
650 2230 727 2257 roges
738 2226 764 2248 et
775 2221 889 2252 hortere,

94 2263 125 2286 ut
144 2259 348 2294 quamprimum
364 2258 466 2289 veniat,
485 2263 514 2285 ut
528 2259 614 2293 possit
627 2259 783 2286 Ciceronem
800 2267 890 2286 meum

95 2300 176 2331 atque
186 2296 267 2323 etiam
277 2304 320 2323 me
332 2297 421 2331 ipsum
433 2295 550 2322 erudire.

150 2366 203 2387 XVI
210 2372 229 2386 B.
258 2369 346 2391 (lt-annue,
357 2368 448 2387 nonullo.
459 2367 510 2390 Λιιμ
523 2367 603 2384 ΡιιΙιἸιιι)
614 2373 660 2384 cons.
671 2368 726 2390 700.)

280 2410 451 2438 CICERO
481 2409 650 2437 ATTICO
676 2410 703 2437 S.

153 2449 176 2474 l.
198 2443 419 2483 Occupationum
440 2456 559 2474 mearum
582 2447 623 2474 vel
641 2447 690 2474 hoc
704 2448 813 2483 siguum
829 2447 889 2478 erit,

96 2484 168 2520 quod
179 2485 291 2520 epistola
305 2485 406 2512 librarii
421 2494 501 2512 manu
515 2490 564 2512 est.
605 2485 640 2511 De
651 2485 826 2519 epistolarum
838 2484 892 2511 fre-

95 2523 206 2557 quentia
221 2527 246 2549 te
260 2522 328 2549 nibil
341 2531 450 2550 accuso:
482 2522 538 2558 (scd
551 2521 694 2557 pleraeque
707 2521 891 2548 tantummodo

96 2559 165 2585 mihi
185 2559 357 2592 nuntiabant,
380 2560 428 2586 ubi
447 2559 547 2595 essesz)
566 2559 639 2594 quod
656 2564 731 2586 erant
744 2559 792 2585 abs
808 2564 832 2585 te
848 2558 890 2585 vel

95 2596 176 2623 etiam
187 2596 376 2632 significabant
387 2601 455 2624 recte
466 2606 535 2624 esse.
558 2598 615 2629 Quo
628 2597 654 2623 in
664 2605 762 2632 genere
774 2597 891 2623 inaximo

96 2632 262 2660 delectarunt
276 2633 355 2666 dune,
373 2634 427 2661 sere
442 2634 536 2661 eodem
551 2639 668 2669 tempore
680 2634 728 2660 abs
742 2638 765 2660 te
778 2633 891 2660 Buthro—

95 2673 122 2698 to
141 2670 228 2698 datae.
266 2670 340 2699 Scire
360 2672 433 2699 enim
454 2671 592 2703 volebam.
615 2676 639 2699 te
658 2671 797 2698 commode
813 2671 891 2698 navi-

1684 131 1732 157 847

940 208 1027 236 gasse.
1073 200 1126 227 Sed
1150 200 1216 226 haec
1239 199 1414 235 epistolarum
1435 199 1584 235 frequentia
1606 209 1657 226 non
1679 206 1732 227 tam

940 238 1059 264 ubertate
1080 246 1137 269 sua,
1160 246 1242 272 quam
1262 238 1395 264 celeritate
1415 237 1566 264 delectavit.
1616 237 1662 264 Illa
1683 237 1734 264 fuit

940 275 1031 310 gravis
1042 280 1067 301 et
1081 274 1160 309 plena
1170 283 1270 305 rerum,
1287 284 1368 309 quam
1380 275 1447 301 mibi
1459 275 1494 301 M.
1506 275 1626 305 Paccius,
1636 275 1734 310 hospes

941 317 1012 343 tuus,
1025 312 1152 339 reddidit.
1192 312 1233 338 Ad
1244 321 1302 338 eam
1313 312 1458 338 rescribam
1470 313 1562 348 igitur,
1575 317 1601 338 et
1612 312 1660 339 hoc
1672 313 1734 347 qui—

942 349 1004 375 dem
1022 350 1156 384 primum:
1189 350 1282 376 Paccio
1297 358 1325 376 re
1339 354 1365 376 et
1378 349 1469 376 verbis
1483 349 1597 379 ostendi.
1611 349 1677 384 quid
1690 355 1733 376 tua

942 387 1138 414 commendatio
1158 387 1285 421 ponderis
1306 386 1425 413 haberet.
1470 388 1561 422 ltaque
1583 387 1609 413 in
1630 387 1735 413 intimis

943 428 983 450 est
1000 426 1077 455 meis,
1100 433 1185 459 quum
1200 429 1275 451 antea
1287 429 1365 450 notus
1377 433 1428 450 non
1441 423 1545 451 fuisset.
1586 425 1662 450 Nunc
1674 433 1735 459 per-

943 470 1004 497 gam
1025 462 1058 488 ad
1073 466 1170 488 cetera.
1210 463 1235 488 2.
1258 462 1347 491 Varro,
1363 461 1396 487 de
1410 470 1463 496 quo
1474 462 1507 488 ad
1519 470 1561 488 me
1573 462 1679 492 scribis,
1693 462 1735 488 in·-

943 499 1067 526 cludetur
1082 499 1109 525 in
1125 499 1242 533 aliquem
1256 498 1353 528 locum,
1371 500 1394 524 si
1407 499 1485 525 modo
1496 500 1546 526 erit
1558 499 1641 525 locus.
1682 498 1735 525 Sed

944 538 1012 564 nosti
1036 545 1123 572 genus
1146 536 1314 571 dialogorum
1336 544 1470 562 meorum:
1504 542 1532 563 ut
1553 537 1580 562 in
1603 539 1734 565 oratoriis,

943 583 1011 609 quos
1027 579 1055 601 tu
1067 575 1094 600 in
1106 573 1210 600 caelum
1223 573 1284 604 fers,
1302 582 1353 599 non
1366 575 1465 600 mentio
1476 574 1562 608 potuit
1574 573 1630 600 fieri
1642 574 1736 599 cuius-

920 622 922 632 =
943 621 1024 646 quam
1045 611 1078 637 ab
1095 612 1142 642 iis,
1155 620 1203 646 qui
1219 611 1366 645 disputant,
1384 611 1437 637 nisi
1449 612 1517 642 eius,
1530 612 1578 645 qui
1589 611 1644 637 illis
1657 616 1735 637 notus

943 654 988 675 aut
1008 649 1116 675 auditus
1132 652 1210 674 esset.
1252 649 1322 674 lianc
1337 656 1386 683 ego
1401 650 1430 673 cle
1444 650 1583 682 republica,
1600 657 1681 683 quani
1694 649 1736 674 in-

921 706 922 714 ,
943 687 1027 717 stitui,
1051 686 1260 720 disputationem
1276 687 1303 711 in
1314 685 1433 711 Africani
1449 694 1599 720 personam,
1617 691 1641 711 et
1654 684 1734 716 Phili,

943 728 969 750 et
988 723 1071 749 Laelii
1092 728 1117 749 et
1132 722 1235 749 Manilii
1254 723 1366 749 contuli.
1406 723 1525 749 Adiunxi
1542 723 1734 753 adolescentes,

943 761 974 793 Q.
987 760 1164 790 Tuberonem,
1177 761 1206 786 P.
1219 760 1360 789 Rutilium,
1374 760 1427 785 duo
1440 760 1736 795 Laeliigenerosscae-

944 797 1032 825 volam
1053 803 1078 824 et
1094 798 1237 823 Fannium.
1277 798 1368 832 Itaque
1383 797 1547 833 cogitabam,
1565 798 1691 832 quoniam
1708 798 1736 823 in

943 834 1060 870 singulis
1077 834 1154 860 libris
1170 839 1229 860 utor
1242 835 1400 869 prooemiis,
1424 839 1454 861 ut
1466 834 1638 870 Ἀριστοτέλης
1649 835 1676 860 in
1691 835 1734 864 iis,

944 881 1011 908 quos
1032 871 1196 907 έξωτερικούς
1212 877 1295 902 vocat,
1314 871 1418 906 aliquid
1434 871 1548 903 efficere,
1571 877 1600 898 ut
1614 880 1666 898 non
1678 872 1737 898 sine

943 918 1039 936 caussa
1060 910 1142 936 istum
1158 909 1335 944 appellarem:
1364 909 1391 935 id
1402 909 1474 944 quod
1486 909 1607 944 intelligo
1619 909 1667 935 tibi
1679 908 1738 943 pla—

944 956 1013 974 cere.
1057 947 1163 973 Utinam
1188 946 1267 973 modo
1286 951 1379 973 conata
1399 947 1504 973 efficere
1524 947 1639 981 possim!
1672 947 1737 973 Rem

944 986 1026 1016 enim,
1048 984 1121 1020 quod
1137 989 1161 1011 te
1176 993 1228 1010 non
1245 984 1322 1020 sugit,
1336 993 1461 1020 magnam
1471 984 1629 1019 complexus
1641 992 1702 1010 sum
1713 988 1739 1010 et

944 1031 1067 1058 gravem,
1100 1026 1126 1048 et
1148 1021 1260 1057 plurimi
1284 1022 1345 1052 otii,
1372 1031 1426 1056 quo
1450 1030 1499 1057 ego
1523 1022 1640 1048 maxime
1661 1029 1736 1057 egeo.

945 1063 969 1087 3.
985 1059 1062 1092 Quod
1073 1060 1100 1086 in
1113 1060 1146 1086 iis
1159 1059 1245 1091 libris,
1259 1068 1327 1094 quos
1342 1058 1738 1094 laudas,personamdesideras

944 1096 1096 1129 Scaevolae.
1119 1106 1170 1123 non
1186 1105 1245 1123 eam
1262 1101 1361 1123 temere
1376 1097 1491 1127 dimovi;
1519 1097 1567 1123 sed
1588 1096 1638 1123 feci
1654 1096 1736 1127 idem,

944 1135 1017 1170 quod
1029 1135 1056 1161 in
1067 1135 1183 1169 πολιτείᾳ
1193 1134 1261 1160 deus
1273 1134 1318 1160 ille
1329 1139 1418 1160 noster
1428 1134 1512 1161 Plato.
1545 1134 1635 1166 Quum
1652 1135 1679 1160 in
1694 1134 1738 1160 Pi-

945 1181 1053 1199 raeeum
1065 1172 1186 1199 Socrates
1198 1172 1317 1198 venisset
1326 1171 1359 1198 ad
1370 1172 1528 1207 Cephalum,
1543 1171 1702 1206 locupletem
1714 1176 1740 1197 et

945 1210 1074 1237 festivum
1088 1218 1190 1238 senem.
1208 1209 1297 1244 quoad
1311 1210 1416 1244 primus
1428 1209 1473 1236 ille
1484 1218 1571 1236 sermo
1585 1209 1736 1238 haberetur,

944 1247 1020 1274 adest
1031 1248 1058 1274 in
1069 1246 1233 1282 disputando
1244 1255 1340 1279 senex;
1354 1247 1452 1273 deinde
1463 1256 1548 1282 quum
1562 1248 1618 1281 ipse
1629 1254 1738 1281 quoque

944 1284 1163 1312 commodissime
1175 1284 1280 1311 locutus
1291 1289 1370 1315 esset,
1387 1284 1420 1311 ad
1431 1293 1487 1311 rem
1499 1284 1620 1310 divinam
1632 1284 1699 1310 dicit
1710 1291 1738 1309 se

944 1322 1015 1349 velle
1032 1322 1171 1349 discedere
1187 1330 1274 1357 neque
1286 1327 1376 1356 postea
1391 1322 1542 1348 revertitur.
1583 1321 1668 1348 Credo
1679 1320 1739 1347 Pla-

945 1365 1033 1386 tonem
1050 1360 1096 1386 vix
1113 1364 1221 1394 putasse
1236 1360 1301 1385 satis
1314 1368 1462 1386 consonum
1479 1359 1546 1389 fore.
1564 1359 1587 1385 si
1600 1359 1737 1385 hominem

945 1397 973 1423 id
993 1398 1086 1424 aetatis
1104 1397 1131 1423 in
1152 1401 1204 1423 tam
1221 1396 1300 1432 longo
1315 1405 1438 1423 sermone
1453 1396 1556 1422 diutius
1572 1396 1736 1422 retinuisset.

945 1434 1028 1462 Multo
1043 1443 1092 1470 ego
1107 1438 1192 1460 satius
1209 1434 1258 1460 hoc
1273 1434 1340 1460 mihi
1356 1434 1506 1460 cavendum
1517 1434 1610 1468 putavi
1623 1434 1648 1459 in
1660 1434 1738 1459 Scae-

946 1471 1017 1505 vola;
1049 1473 1097 1507 qui
1118 1476 1144 1498 et
1164 1476 1247 1498 aetate
1269 1477 1294 1498 ct
1309 1471 1464 1498 valetudine
1479 1476 1535 1497 erat
1550 1480 1593 1501 ea,
1610 1479 1663 1506 qua
1679 1479 1738 1496 esse

945 1510 1107 1541 meministi,
1130 1513 1155 1536 et
1166 1510 1200 1535 iis
1213 1509 1369 1540 honoribus,
1384 1514 1412 1535 ut
1424 1509 1470 1535 vix
1481 1509 1546 1535 satis
1558 1508 1684 1534 decorum
1697 1509 1738 1534 vi-

943 1549 1064 1580 deretur,
1087 1556 1150 1574 eum
1171 1546 1263 1582 plures
1279 1546 1337 1573 dics
1352 1555 1410 1573 esse
1427 1548 1454 1572 in
1470 1546 1558 1572 Crassi
1575 1545 1737 1572 Tusculano.

943 1588 976 1614 Et
995 1590 1050 1613 erat
1070 1586 1152 1621 primi
1173 1585 1235 1612 libri
1256 1594 1343 1612 sermo
1364 1593 1416 1611 non
1438 1583 1541 1610 alienus
1562 1592 1575 1609 a
1596 1582 1738 1609 Scaevolae

943 1624 1052 1651 studiis.
1095 1623 1203 1658 Reliqui
1226 1623 1287 1649 libri
1311 1623 1478 1658 τεχνολογίαν
1500 1621 1612 1651 habent,
1630 1625 1658 1646 ut
1673 1621 1736 1646 scis.

943 1662 1012 1688 Huic
1032 1660 1203 1687 ioculatorem
1228 1668 1320 1687 senem
1342 1659 1434 1691 illum,
1457 1664 1486 1686 ut
1501 1667 1592 1690 noras,
1610 1659 1739 1684 interesse

943 1707 1007 1726 sane
1019 1698 1103 1725 nolui.

1000 1737 1022 1763 4.
1034 1737 1069 1762 De
1081 1744 1108 1762 re
1120 1735 1211 1767 Piliae,
1220 1734 1293 1770 quod
1304 1734 1412 1765 scribis,
1425 1734 1475 1760 erit
1486 1733 1553 1759 mihi
1565 1741 1653 1759 curae.
1677 1732 1738 1758 Eie-

944 1775 1000 1801 nim
1011 1778 1051 1800 est
1061 1773 1196 1800 luculenta
1209 1781 1264 1802 res.
1278 1771 1430 1802 Aureliani,
1444 1776 1473 1798 ut
1483 1771 1595 1801 scribis,
1613 1769 1736 1796 indiciis:

944 1812 1006 1839 etin
1022 1820 1053 1838 eo
1069 1819 1111 1837 me
1125 1811 1206 1838 etiam
1217 1809 1321 1836 Tulliae
1337 1818 1410 1835 meae
1426 1808 1580 1835 venditabo.
1621 1808 1739 1833 Vestorio

943 1858 996 1876 non
1011 1848 1118 1875 desum.
1159 1848 1272 1875 Gratum
1287 1847 1360 1874 enim
1376 1847 1424 1873 tibi
1442 1846 1469 1872 id
1480 1854 1539 1872 esse
1551 1844 1685 1880 intelligo:
1702 1849 1736 1874 et,

943 1891 973 1914 ut
986 1886 1031 1913 ille
1042 1885 1188 1921 intelligat,
1201 1894 1275 1911 curo.
1314 1883 1366 1911 Sed
1378 1885 1445 1915 scis,
1462 1883 1528 1918 qui?
1542 1884 1631 1915 Quum
1644 1881 1740 1908 habeat

943 1925 997 1951 duo
1012 1923 1116 1954 faciles,
1135 1922 1202 1949 nihil
1223 1922 1373 1949 difficilius.
1414 1923 1438 1948 5.
1464 1922 1541 1947 Nunc
1557 1920 1589 1946 ad
1605 1929 1649 1947 ea.
1670 1928 1739 1954 quae

943 1962 1052 1997 quaeris
1068 1961 1100 1987 de
1112 1961 1141 1987 C.
1155 1960 1263 1987 Catone.
1304 1960 1374 1995 Lege
1386 1959 1460 1985 lunia
1477 1963 1502 1985 et
1514 1958 1614 1984 Licinia
1627 1957 1680 1983 scis
1691 1956 1739 1982 ub-

943 1999 1076 2026 solutum:
1096 1998 1170 2025 Fufia
1185 2006 1235 2033 ego
1250 1997 1300 2024 tibi
1317 1997 1410 2023 nuntio
1421 1995 1574 2022 absolutum
1588 1995 1632 2022 iri:
1651 2002 1739 2029 neque

944 2037 1063 2072 patronis
1073 2036 1132 2063 suis
1146 2040 1199 2062 tam
1212 2034 1369 2064 libentibus.
1383 2042 1464 2068 quum
1476 2032 1687 2059 accusatoribus.
1715 2031 1738 2057 ls

945 2079 1032 2101 tamen
1051 2078 1077 2100 et
1097 2081 1203 2099 mecum
1223 2077 1249 2098 ct
1268 2080 1331 2098 cum
1353 2071 1450 2097 Milone
1471 2071 1498 2097 iu
1519 2071 1631 2105 gratiam
1649 2068 1737 2095 rediit.

943 2112 1046 2138 Drusus
1058 2119 1119 2137 reus
1131 2114 1171 2136 est
1183 2109 1268 2136 sactus
1282 2118 1296 2135 a
1308 2109 1443 2139 Lucretio,
1461 2107 1599 2134 iudicibus
1615 2107 1739 2132 reiicicn-

942 2149 986 2175 dis
996 2157 1021 2175 a.
1033 2148 1061 2175 d.
1075 2156 1100 2174 ν.
1114 2148 1182 2174 Non.
1194 2147 1286 2179 Quint.
1323 2147 1357 2172 De
1370 2145 1482 2172 Procilio
1494 2153 1613 2171 rumores
1625 2152 1676 2170 nou
1692 2142 1738 2168 bo-

943 2187 984 2212 ni:
1002 2185 1050 2212 sed
1067 2184 1167 2211 iudicia
1185 2184 1264 2210 nosti.
1304 2184 1398 2209 llirrus
1413 2191 1475 2209 cum
1488 2183 1600 2208 Domitio
1617 2180 1737 2216 ingratia

1033 2222 1148 2248 Senatus
1162 2220 1314 2248 consultum
1324 2240 1330 2252 ,
1347 2219 1419 2255 ‹piod
1436 2220 1479 2246 hic
1494 2218 1618 2246 consules
1631 2217 1663 2244 de
1677 2225 1738 2252 pro-

1537 2257 1546 2270 0
1560 2256 1571 2269 0
1587 2257 1597 2268 Φ

943 2228 992 2250 est.

944 2260 1042 2287 vinciis
1054 2259 1187 2289 feceruut.
1205 2266 1377 2289 Quicuuovs
1398 2266 1524 2284 PosrtlAc

996 2328 1050 2349 XV!
1064 2328 1085 2348 b.
1102 2329 1254 2351 Frumentum
1265 2326 1404 2353 uqa-utimr.
1419 2330 1442 2346 ut
1454 2325 1551 2349 uidetur,
1569 2323 1678 2351 epistulae
1688 2327 1738 2342 nuu-

943 2363 1059 2392 epinlulnm
1072 2363 1137 2383 liuiuu
1148 2362 1200 2382 libri
1213 2365 1256 2382 λΥ,
1268 2362 1340 2382 «ln-nv:

998 2411 1024 2436 6.
1036 2408 1047 2421 ‘
1056 2409 1065 2421 *
1074 2408 1084 2420 '
1098 2417 1149 2435 non
1162 2407 1333 2441 111511i,mqui
1346 2407 1398 2432 iam
1411 2404 1638 2440 intelligebamus.
1652 2411 1738 2430 enun-

944 2447 1079 2473 tiationem
1089 2445 1161 2472 illum
1169 2445 1288 2471 Memmii
1300 2443 1376 2470 valde
1384 2443 1489 2468 Caesari
1500 2441 1653 2476 displicere.
1668 2441 1737 2466 Mes-

943 2484 1008 2510 salla
1025 2488 1114 2510 nostor
1129 2484 1228 2509 eteius
1248 2482 1405 2516 competitor
1423 2480 1554 2506 mumius
1572 2477 1691 2504 liberulis
1710 2478 1737 2504 in

943 2530 1005 2556 pop.
1020 2520 1096 2546 valde
1109 2519 1168 2546 fuit.
1203 2519 1275 2546 Nihil
1288 2519 1400 2553 gratius.
1435 2517 1504 2543 Certi
1517 2521 1591 2542 eruut
1601 2514 1735 2542 consules.

942 2559 975 2585 At
985 2563 1093 2584 senatus
1105 2557 1238 2587 decrevit,
1253 2561 1281 2582 ut
1292 2556 1400 2582 tacitum
1414 2554 1545 2580 iudicium
1557 2558 1617 2579 mue
1628 2552 1737 2579 comitia

943 2588 1026 2622 lieret.
1067 2594 1107 2621 Ab
1118 2595 1151 2621 iis
1162 2593 1293 2624 consiliis,
1306 2601 1374 2628 quae
1386 2596 1459 2618 crunt
1469 2590 1596 2617 omuibus
1608 2590 1698 2617 sortita
1711 2590 1737 2616 iu

942 2632 1065 2668 singulos
1086 2631 1255 2661 candidatos.
1285 2638 1399 2665 maguus
1424 2630 1502 2656 timor
1521 2627 1736 2655 candidatorum.

941 2670 994 2698 Sed
1005 2669 1117 2706 quidam
1129 2669 1242 2700 iudices,
1252 2668 1278 2694 in
1291 2667 1465 2703 hisOpimius
1477 2675 1616 2697 νῑιιςκτο,
1628 2665 1736 2695 Antius.
