1941 3052
238 151 286 177 “4
807 151 849 176 38.
884 149 920 175 M.

235 220 336 256 prolata
351 229 410 247 esse
425 220 535 250 dicitur.
553 228 602 253 ego
617 219 691 245 testis
707 227 766 245 esse
782 228 833 246 non
845 219 928 254 potui.

235 258 314 285 modo
325 259 395 284 cuim
408 258 474 284 nibil
486 258 611 291 eoinperi,
620 256 667 282 ned
676 257 719 282 vix
731 256 763 282 nd
775 265 852 282 aures
865 265 937 282 meaa
949 256 1027 282 istius

234 296 398 330 suspicionis
411 294 479 321 fama
491 294 620 328 pervenit.
659 295 698 320 ⁴11.
711 294 762 325 Qui
777 293 914 319 vobiscum
928 294 954 319 in
965 302 1027 320 con-

233 332 294 359 silio
315 332 436 363 fuerunt,
458 332 504 366 qui
529 331 666 357 vobiscum
684 330 728 356 illa
744 335 904 365 cognorunt,
925 330 1026 364 quibus

234 370 300 404 ipsis
313 369 460 403 periculum
473 373 528 394 tum
545 367 649 393 conflari
667 367 823 402 putabatur,
840 368 887 402 qui
899 368 1027 394 Autronio

234 416 286 433 non
301 405 456 436 adfuerunt,
481 405 527 439 qui
545 405 570 430 in
587 405 662 430 illum
680 405 829 431 testimonia
843 405 934 440 gratia
950 404 1025 431 dixe-

233 448 307 473 runt,
322 443 392 469 liunc
403 442 563 472 defendunt,
577 442 639 468 huic
650 441 757 473 adsunt,
772 443 797 468 in
813 442 894 468 huius
907 441 1026 477 periculo

232 480 378 510 declarant,
396 490 424 505 si·
440 488 491 505 non
508 479 619 505 crimine
634 479 838 510 coniurationis,
855 488 888 506 ne
902 479 1026 506 adessent

231 518 339 546 ceteris,
352 517 399 543 sed
412 516 551 543 hominum
563 516 701 548 maleficio,
714 517 854 543 deterritos
864 525 932 543 esse.
973 517 1024 543 Mei

231 554 384 581 consulatus
399 558 488 580 autem
505 558 624 588 tempuS,
642 558 667 580 et
678 554 778 581 crimen
790 554 921 581 maximae
931 554 1026 580 coniu-

232 592 340 618 rationis
352 600 365 617 a
378 600 419 617 me
430 590 597 617 defendetur.
618 591 705 626 Atque
718 592 785 618 inter
796 600 843 618 nos
857 592 961 626 partitio
973 600 1024 618 non

230 634 270 655 est
283 628 397 660 fortuito,
412 628 528 659 iudices,
543 637 590 655 nec
603 632 699 655 temere
711 629 791 656 facta:
813 629 874 659 sed,
886 638 971 664 quum
985 629 1025 655 vi—

230 666 355 693 deremus
366 674 458 693 eorum
470 666 613 692 criminum
625 675 673 693 nos
685 671 808 701 patronos
819 666 949 697 adhiberi,
957 675 1025 701 quo-

231 712 289 730 rum
307 707 386 729 tcstcs
402 712 461 729 esse
477 712 632 737 possemus,
657 708 768 739 uterque
784 708 903 730 nostrum
921 703 947 730 id
971 704 1023 730 sibi

229 740 434 775 suscipiendum
447 741 563 775 putavit,
577 741 609 767 de
620 749 674 776 quo
685 741 787 776 aliquid
799 741 866 767 scire
877 742 934 776 ipse
945 746 1024 776 atque
1045 764 1047 783 t

228 779 382 805 existimare
394 778 534 812 potuisset.
567 778 596 805 V.
612 779 652 805 tt.
669 778 709 809 Et,
722 779 849 814 quoniam
861 778 893 805 de
904 779 1024 805 crimini-

229 815 280 842 bus
291 816 436 850 superioris
447 816 811 843 coniurationisHortensium
823 816 966 851 diligenter
976 825 1025 842 au-

228 853 316 884 distis,
332 852 364 879 de
377 852 424 879 liae
435 853 626 884 coniuratione,
638 862 707 888 quae
719 862 761 880 me
772 853 882 880 consule
895 853 960 880 facta
972 858 1021 885 est,

228 890 277 917 hoc
289 890 406 924 primum
417 890 552 916 attendite.

283 927 379 958 Multa,
396 936 481 962 quum
493 936 579 954 essem
591 927 698 959 consul,
715 927 748 954 de
763 928 878 955 summis
894 927 1025 962 reipubli-

211 962 273 992 'cae
285 965 411 999 periculis
423 965 528 996 audivi',
547 965 629 992 multa
644 966 779 1000 quaesivi,
800 965 882 992 multa
898 966 1022 999 cognovi.

228 1001 326 1029 Nullus
339 1011 467 1037 umquam
479 1002 511 1028 de
523 1002 596 1029 Sulla
609 1003 720 1029 nuntius
731 1003 763 1029 ad
776 1012 826 1033 me,
835 999 940 1029 nulluni
954 1003 1023 1029 indi-
1044 1017 1046 1024 ε

226 1040 314 1071 cium,
340 1039 430 1066 nullae
455 1039 555 1066 litterae
578 1045 769 1075 pervenerunt,
796 1040 869 1066 nulla
892 1041 1021 1074 suspicio.

227 1076 342 1103 Multum
359 1077 422 1103 baec
438 1085 489 1103 vox
506 1076 616 1104 fortasse
631 1077 739 1104 deberet
754 1077 842 1104 valere
856 1078 915 1104 cius
936 1077 1023 1104 homi-

227 1114 283 1144 nis,
305 1114 352 1149 qui
367 1113 461 1140 consul
476 1114 589 1141 insidias
605 1115 768 1150 reipublicae
782 1115 894 1141 consilio
911 1115 1023 1142 investi—

225 1156 328 1187 gasset,
347 1152 456 1178 veritate
467 1152 628 1186 aperuisset,
642 1152 827 1188 magnitudine
838 1153 920 1178 animi
933 1152 1023 1179 vindi-

225 1193 325 1219 casset,
342 1197 428 1223 quum
444 1189 502 1223 ipse
515 1189 581 1216 nihil
593 1189 701 1216 audisse
712 1189 745 1216 de
756 1190 785 1216 P.
799 1189 884 1221 Sulla,
897 1189 964 1216 nibil
975 1198 1023 1216 su-

225 1226 358 1261 spicatum
369 1235 428 1252 esse
438 1226 547 1253 diceret.
573 1226 625 1253 Sed
635 1236 684 1263 ego
695 1227 814 1253 nondum
828 1232 887 1254 utor
898 1227 947 1254 liae
959 1235 1022 1253 voce

225 1263 257 1290 ad
281 1263 352 1290 hunc
374 1263 588 1290 defendendum:
613 1264 646 1290 ad
671 1264 840 1300 purgandum
867 1273 910 1290 me
933 1265 1022 1299 potius

226 1305 298 1331 utor,
316 1305 345 1327 ut
360 1301 449 1327 mirari
461 1301 611 1336 Torquatus
627 1301 744 1332 desinat.
762 1310 818 1333 me,
835 1302 883 1337 qui
894 1302 1022 1328 Autronio

225 1337 366 1369 abfuerim,
380 1337 483 1364 Sullam
495 1338 647 1365 defendere.
680 1341 720 1365 45.
733 1338 805 1371 Quae
816 1340 887 1365 enim
899 1339 1021 1366 Autronii

225 1374 277 1402 fuit
292 1374 405 1402 caussa?
423 1384 492 1410 quae
508 1376 598 1403 Sullae
613 1375 671 1403 est?
689 1376 736 1403 Ille
752 1377 869 1403 ambitus
890 1377 1021 1403 iudicium

225 1412 315 1439 tollere
330 1421 359 1439 ac
374 1412 524 1440 disturbare
541 1414 658 1448 primum
674 1413 784 1441 conflato
795 1413 881 1441 voluit
891 1413 1022 1450 gladiato·
1043 1409 1044 1442 Ῐ

224 1458 284 1477 rum
296 1458 325 1476 ac
336 1449 510 1486 fugitivorum
524 1450 650 1481 tumultu,
664 1450 770 1481 deinde,
781 1451 807 1477 id
818 1451 890 1486 quod
902 1451 1020 1478 vidimus

223 1495 325 1518 omnes,
335 1486 495 1522 lapidatione
507 1493 586 1523 atque
597 1497 738 1515 concursu.
761 1488 845 1520 Sulla,
854 1489 876 1515 si
888 1489 941 1515 sibi
953 1498 1021 1516 suus

224 1524 311 1560 pudor
321 1533 351 1551 ac
361 1525 479 1560 dignitas
492 1534 543 1552 non
555 1525 701 1561 prodesset,
716 1526 823 1552 nullum
835 1526 968 1553 auxilium
979 1534 1021 1553 re-

223 1562 346 1597 quisivit.
368 1562 415 1589 Ille
425 1562 567 1590 damnatus
579 1564 613 1589 ita
624 1572 653 1590 se
663 1563 781 1599 gerebat,
795 1572 846 1590 non
858 1563 946 1590 solum
958 1572 1021 1591 con-

223 1599 293 1626 siliis
304 1604 330 1626 et
341 1600 524 1631 sermonibus,
544 1609 637 1627 verum
653 1601 732 1627 etiam
748 1605 857 1635 aspectu
869 1605 949 1635 atquc
960 1600 1021 1627 vul-

224 1641 266 1667 tu,
284 1641 313 1663 ut
328 1637 455 1664 inimicus
471 1646 530 1664 esse
545 1637 722 1672 amplissimis
733 1638 887 1669 ordinibus,
906 1638 1020 1665 infestus

223 1673 302 1700 bonis
318 1674 458 1705 omnibus,
477 1675 562 1701 hostis
577 1675 677 1710 patriae
693 1675 837 1702 videretur.
878 1675 925 1702 Hic
940 1684 968 1702 se
985 1675 1020 1701 ita

224 1710 336 1737 fractum
353 1711 398 1737 illa
413 1711 562 1739 calamitate
572 1717 652 1747 atque
663 1711 791 1739 afflictum
803 1713 920 1747 putavit,
938 1717 967 1739 ut
979 1713 1021 1739 ni-

224 1747 262 1774 hil
283 1748 334 1774 sibi
355 1757 389 1775 cx
409 1749 521 1783 pristina
537 1749 665 1785 dignitate
681 1758 822 1784 superesse
837 1750 1017 1781 arbitraretur,

224 1785 275 1811 nisi
287 1785 359 1820 quod
370 1786 499 1812 modestia
511 1787 674 1813 retinuisset.
698 1789 738 1813 46.
751 1788 804 1813 liae
816 1795 878 1814 vcro
888 1787 915 1813 in
927 1788 1020 1813 coniu-

224 1823 324 1849 ratione
334 1823 400 1857 quid
412 1827 464 1849 tam
476 1825 659 1855 coniunctum,
672 1833 753 1859 quam
766 1824 811 1851 ille
822 1833 884 1851 cum
895 1824 1017 1855 Catilina,

223 1867 285 1886 cum
297 1859 427 1886 Lentulo?
446 1869 515 1896 quae
531 1866 601 1888 tanta
612 1862 723 1888 societas
735 1861 798 1888 ullis
810 1862 878 1888 inter
889 1870 918 1888 se
929 1870 1018 1888 rerum

222 1897 395 1931 optimarum,
411 1903 509 1932 quanta
521 1899 545 1925 ei
556 1907 617 1925 cum
629 1899 683 1925 illis
695 1898 812 1930 sceleris,
827 1899 957 1930 libidinis,
971 1907 1020 1925 au-

223 1933 332 1960 daciae?
351 1935 424 1969 quod
445 1935 574 1971 flagitium
590 1936 720 1962 Lentulus
741 1945 793 1963 non
812 1945 875 1962 cum
890 1936 1019 1963 Autronio

221 1971 360 2006 concepit?
378 1972 449 2007 quod
461 1974 519 1999 sine
532 1973 624 2000 eodem
637 1973 683 2000 illo
694 1973 805 2000 Catilina
818 1973 920 2000 facinus
933 1973 1019 2000 admi-

221 2008 275 2035 sit?
293 2017 379 2044 quum
396 2009 501 2036 interim
518 2010 592 2037 Sulla
607 2019 669 2037 cum
685 2010 787 2037 eisdem
802 2010 856 2037 illis
872 2020 925 2038 non
939 2011 1018 2038 modo

221 2050 324 2072 noctem
335 2046 563 2083 solitudinemque
573 2057 625 2075 non
636 2053 786 2083 quaereret,
804 2048 852 2075 scd
868 2057 901 2075 ne
915 2048 1019 2075 medio-

219 2083 259 2110 cri
270 2083 381 2119 quidem
392 2092 515 2111 sermone
526 2090 551 2112 et
561 2094 707 2121 congressu
719 2085 936 2121 coniungeretur.
974 2087 1014 2112 ⁴7.

220 2120 300 2147 Illum
311 2121 480 2157 Allobroges,
498 2123 676 2149 maximarum
693 2131 782 2149 rerum
797 2123 932 2150 verissimi
947 2123 1018 2150 indi-

219 2166 277 2189 ces,
300 2157 378 2185 illum
394 2159 540 2186 multorum
557 2159 657 2186 litterae
672 2169 702 2186 ac
717 2160 804 2187 nuntii
824 2165 1014 2196 coarguerunt:

220 2194 324 2222 Sullam
339 2196 438 2223 interea
458 2206 535 2224 nemo
556 2197 736 2229 insimulavit,
759 2206 838 2225 nemo
858 2198 1015 2224 nominavit.

219 2233 356 2259 Postremo
366 2234 449 2260 eiecto
460 2235 517 2261 sive
530 2235 629 2262 emisso
640 2236 692 2261 iam
703 2243 738 2262 ex
747 2235 817 2262 Urbe
829 2235 940 2262 Catilina
948 2256 954 2267 ,
971 2235 1017 2262 ille

219 2278 292 2296 arma
303 2271 389 2302 misit,
403 2280 510 2303 cornua,
524 2272 612 2303 tubas,
626 2271 716 2303 falces,
729 2273 815 2308 signa,
830 2272 948 2308 ligones:
970 2272 1017 2299 ille

220 2307 329 2334 relictus
340 2308 427 2340 intus,
445 2314 615 2344 exspectatus
627 2309 704 2340 foris,
723 2309 830 2336 Lentuli
845 2318 930 2344 poena
943 2318 1017 2336 com-

219 2352 339 2379 pressus,
347 2347 478 2373 convertit
487 2355 516 2373 se
527 2346 672 2382 aliquando
682 2346 715 2373 ad
726 2348 858 2378 timorem,
867 2355 1016 2382 numquam

219 2381 252 2408 ad
263 2382 414 2409 sanitatem.
454 2384 502 2410 Hic
515 2388 605 2410 contra
620 2384 655 2410 ita
671 2384 787 2419 quievit,
805 2389 836 2411 ut
850 2393 881 2411 eo
897 2388 1016 2419 tempore

218 2419 292 2445 omni
303 2419 413 2454 Neapoli
425 2420 517 2453 fuerit,
531 2421 578 2447 ubi
590 2429 677 2456 neque
688 2421 811 2448 homines
824 2421 907 2448 fuisse
918 2427 1016 2456 putan-

219 2459 263 2482 tur
274 2455 356 2482 huius
367 2456 460 2484 affines
471 2459 643 2493 suspicionis,
656 2463 682 2485 et
692 2457 766 2486 locus
778 2463 818 2485 est
827 2459 885 2494 ipse
897 2467 949 2485 non
961 2463 1015 2485 tam

219 2491 252 2518 ad
272 2491 476 2522 inflammandos
497 2496 713 2522 calamitosorum
732 2496 849 2528 animos,
879 2504 961 2531 quam
981 2495 1015 2522 ad

218 2529 394 2557 consolandos
405 2532 629 2560 accommodatus.
660 2533 704 2560 vt.
726 2533 836 2568 Propter
850 2533 919 2560 hanc
932 2533 1015 2569 igitur

219 2570 319 2593 tantam
335 2567 585 2597 dissimilitudinem
601 2570 743 2597 hominum
760 2575 840 2606 atque
855 2578 1014 2597 caussarum

217 2603 381 2630 dissimilem
392 2613 434 2632 me
444 2606 472 2632 in
482 2611 595 2642 utroque
605 2607 727 2642 praebui.
750 2609 790 2634 ⁴8.
803 2607 931 2634 Veniebat
941 2608 1014 2634 enim

218 2640 252 2667 ad
272 2649 328 2672 me,
350 2646 376 2668 et
395 2651 475 2677 saepe
495 2644 617 2671 veniebat
630 2644 778 2671 Autronius
793 2643 886 2671 multis
900 2653 963 2671 cum
975 2644 1014 2671 la-

217 2678 318 2710 crimis,
331 2679 456 2715 supplex,
470 2685 499 2708 ut
508 2690 537 2708 se
547 2680 732 2715 defenderem3
745 2686 771 2709 et
780 2690 809 2708 se
820 2689 911 2709 meum
921 2681 1014 2709 condi-

970 219 1027 245 Nen
1048 229 1051 238 v

1044 1113 1046 1122 ’
1075 1123 1134 1141 rum
1145 1114 1225 1145 socio,
1238 1123 1323 1149 quum
1336 1115 1442 1146 scirem,
1455 1114 1607 1141 defendere.

954 149 984 175 T.
1018 147 1295 176 ClCERONlS

1078 217 1215 254 scipulum
1228 219 1255 245 in
1267 219 1378 254 pueritia
1387 240 1393 250 ,
1407 218 1564 247 familiarem
1577 220 1603 247 in
1614 219 1804 252 adolescentia,
1816 220 1871 248 ool-

1080 256 1166 291 legam
1178 256 1204 282 in
1215 261 1360 291 ‹quat-utura
1370 257 1594 284 commemorabat
1604 257 1702 285 fuisse:
1716 257 1800 284 multa
1812 266 1871 285 mea

1079 293 1106 319 in
1126 301 1164 324 se,
1187 292 1315 320 nonnulla
1335 294 1414 320 etiam
1434 302 1482 320 aun
1503 295 1530 321 iu
1550 304 1593 321 me
1608 294 1757 330 proferebat
1772 294 1869 322 officia.

1078 330 1183 362 Quibus
1194 339 1243 366 ego
1257 330 1351 361 rebus,
1368 330 1483 362 iudices,
1501 332 1536 358 ita
1550 331 1673 359 flectebar
1687 333 1777 359 animo
1790 338 1871 367 atque

1078 367 1231 403 frangebar.
1250 372 1279 394 ut
1289 368 1368 394 etiam
1380 376 1413 394 ex
1424 369 1563 400 memoria,
1581 377 1649 404 quas
1660 369 1725 396 mihi
1737 369 1788 404 ipsi
1801 369 1871 397 fece-

1078 409 1117 431 rat
1128 402 1254 436 insidiae,
1267 404 1442 440 deponerem:
1460 410 1488 432 ut
1499 406 1550 432 iam
1562 406 1714 433 immissum
1725 415 1784 433 esse
1796 406 1871 434 abeo

1078 442 1106 468 C.
1119 441 1287 473 Cornelium,
1304 442 1352 477 qui
1364 451 1406 469 me
1417 443 1444 469 in
1459 442 1570 469 sedibus
1585 444 1666 474 meis,
1684 444 1710 470 in
1725 449 1870 479 conspectu

1078 479 1168 506 uxoris
1180 488 1253 506 meae
1264 488 1294 506 ac
1304 479 1448 506 liberorum
1464 488 1584 507 meorum
1600 480 1754 511 trucidaret.
1772 481 1871 508 oblivi-

1077 525 1173 543 scerer.
1213 516 1286 549 Quae
1301 517 1324 543 ai
1339 516 1373 543 de
1389 525 1442 544 uno
1457 526 1499 544 me
1513 518 1668 553 cogitasset,
1689 527 1741 553 qun
1757 518 1869 545 mollitia

1076 562 1137 580 sum
1151 554 1234 580 animi
1245 563 1274 580 ac
1286 553 1405 586 lenitate,
1422 563 1570 589 numquam
1583 555 1735 582 mehercule
1746 555 1820 582 illius
1833 555 1870 582 la-

1075 591 1168 618 crimis
1179 600 1208 618 ac
1225 591 1350 626 precibus
1366 592 1533 618 restitissem.
1576 593 1615 618 19.
1632 591 1685 619 Sed
1700 601 1785 627 quum
1802 593 1870 620 mihi

1077 629 1190 664 patriae,
1207 637 1292 664 quum
1309 633 1457 655 vestrorum
1474 628 1667 664 periculorum,
1684 638 1770 665 quum
1787 629 1870 657 huius

1077 666 1165 697 urbis,
1187 675 1274 701 quum
1290 666 1398 693 illorum
1414 666 1587 693 delubrorum
1603 672 1683 702 atque
1699 666 1869 702 templorum,

1075 712 1160 739 quum
1172 712 1315 739 puerorum
1327 703 1478 735 infantium,
1487 713 1572 739 quum
1584 709 1763 731 matronarum
1775 713 1805 731 ac
1815 705 1871 731 vir-

1074 741 1170 776 ginum
1183 741 1305 768 veniebat
1317 741 1343 768 in
1355 746 1470 768 mentem
1479 761 1485 773 ,
1502 746 1527 768 et
1541 750 1627 777 quum
1644 741 1706 768 illae
1719 741 1831 769 infestae
1840 749 1871 769 ac

1076 777 1196 805 funestae
1207 778 1286 810 faces,
1300 779 1512 814 universumque
1523 779 1604 806 totius
1613 778 1692 806 Urbis
1703 778 1869 810 incendium,

1074 824 1159 851 quum
1172 815 1236 847 tela,
1253 824 1338 851 quum
1349 816 1456 847 caedes,
1474 825 1559 852 quum
1569 817 1670 843 ciw'um
1681 825 1771 848 cruor.
1783 825 1870 852 quum

1074 853 1143 880 einis
1158 853 1257 888 patriae
1274 854 1372 880 versari
1388 858 1448 880 ante
1463 853 1555 880 oculos
1573 858 1654 889 atque
1673 854 1793 880 animum
1813 861 1871 880 me-

1075 891 1158 917 moria
1169 890 1292 917 refricare
1302 895 1436 925 coeperat:
1460 895 1516 918 tum
1529 890 1647 926 denique
1662 891 1686 917 ei
1701 891 1868 922 resistebam,

1075 936 1162 963 neque
1172 927 1261 954 solum
1273 927 1312 954 illi
1325 928 1393 954 hosti
1405 937 1434 955 ac
1444 928 1600 963 parricidae,
1608 928 1655 954 sed
1667 928 1709 955 his
1717 929 1797 955 etiam
1808 936 1870 964 pro-

1075 965 1186 1000 pinquis
1197 965 1285 996 iltius,
1302 965 1448 996 Marcellis,
1465 966 1533 1001 patri
1548 970 1575 992 et
1590 966 1657 997 filio,
1673 974 1789 1001 quorum
1804 965 1870 992 alter

1075 1002 1146 1037 apud
1159 1011 1200 1029 me
1211 1003 1328 1038 parentis
1339 1002 1579 1038 gravitatem,alter
1591 1003 1639 1029 filii
1650 1003 1810 1029 suavitatem
1821 1002 1870 1030 ob-

1075 1039 1189 1066 tinebat:
1202 1048 1289 1075 neque
1301 1048 1343 1066 me
1353 1040 1500 1067 arbitrabar
1509 1041 1567 1067 sine
1580 1049 1688 1067 summo
1698 1039 1797 1067 scelere
1807 1048 1870 1075 poe-

1073 1086 1112 1109 se,
1125 1076 1197 1112 quod
1208 1077 1368 1104 maleficium
1381 1077 1408 1104 in
1420 1077 1480 1104 aliis
1492 1077 1759 1108 vindicassem.idem
1771 1077 1798 1104 in
1810 1076 1871 1104 illo-

1647 1116 1688 1142 20.
1699 1115 1787 1150 Atque
1798 1114 1869 1141 idem

1074 1160 1124 1187 ego
1138 1160 1226 1187 neque
1236 1152 1266 1179 P.
1278 1151 1383 1179 Sullam
1394 1152 1544 1187 supplicem
1561 1151 1642 1184 ferre.
1659 1161 1746 1187 neque
1761 1151 1870 1178 eosdem

1075 1188 1225 1220 Marcellos.
1248 1197 1296 1224 pro
1312 1189 1393 1216 huius
1410 1189 1537 1224 periculis
1552 1189 1719 1216 lacrimantes
1739 1189 1868 1224 aspicere.

1074 1235 1162 1262 neque
1172 1226 1254 1253 huius
1266 1227 1302 1253 M.
1314 1227 1466 1258 Messallae,
1480 1226 1598 1254 hominis
1610 1227 1762 1258 necessarii,
1775 1234 1868 1261 preces

1073 1264 1206 1291 sustinere
1217 1263 1303 1299 potui.
1329 1264 1422 1299 Neque
1433 1264 1505 1291 enim
1517 1268 1557 1290 est
1567 1272 1663 1290 caussa
1673 1263 1812 1290 adversata
1822 1272 1870 1290 na-

1074 1306 1157 1333 turae,
1170 1309 1219 1328 nec
1229 1301 1318 1333 homo,
1331 1310 1380 1328 nec
1391 1309 1432 1328 res
1443 1301 1641 1328 misericordiae
1652 1309 1726 1328 meae
1736 1309 1870 1337 repugna-

1074 1339 1122 1365 vit.
1162 1339 1302 1374 Nusquam
1320 1347 1430 1370 nomen,
1453 1347 1588 1374 nusquam
1603 1338 1748 1374 vestigium
1768 1337 1867 1365 fuerat:

1073 1375 1180 1403 nullum
1201 1377 1317 1407 crimen,
1343 1375 1450 1403 nullum
1475 1376 1619 1407 iudicium,
1645 1375 1719 1403 nulla
1738 1375 1868 1411 suspicio.

1073 1413 1187 1449 Suscepi
1197 1422 1334 1445 caussam,
1352 1413 1496 1449 Torquate,
1513 1413 1631 1449 suscepi,
1647 1418 1673 1440 et
1682 1412 1733 1440 feci
1745 1412 1867 1444 libenter,

1073 1456 1102 1478 ut
1112 1459 1169 1483 me,
1185 1459 1267 1486 quem
1277 1451 1341 1478 boni
1352 1456 1518 1478 constantem
1532 1459 1652 1486 semper,
1669 1454 1700 1477 ut
1713 1458 1804 1486 spero.
1821 1458 1870 1477 ex-

1072 1489 1252 1521 istimassent,
1275 1487 1400 1516 eumdem
1416 1497 1450 1516 ne
1464 1488 1581 1524 improbi
1601 1487 1712 1524 quidem
1731 1487 1868 1515 crudelem

1072 1526 1200 1553 dicerent.

1127 1563 1183 1590 vu.
1195 1564 1237 1590 2⁴.
1251 1563 1298 1589 Hic
1309 1563 1346 1589 ait
1355 1571 1384 1590 se
1395 1561 1450 1594 ille,
1463 1562 1577 1594 iudices,
1590 1570 1703 1599 regnum
1715 1570 1805 1589 meum
1817 1561 1869 1588 fer-

1072 1609 1100 1627 re
1111 1609 1164 1627 non
1175 1608 1264 1635 posse.
1294 1599 1370 1633 Quod
1381 1599 1496 1631 tandem,
1510 1601 1650 1635 Torquate,
1663 1598 1796 1636 regnum?
1805 1607 1869 1626 con-

1072 1637 1191 1668 sulatus,
1208 1637 1300 1669 credo,
1318 1637 1384 1664 mei:
1406 1638 1434 1664 in
1445 1646 1500 1672 quo
1509 1646 1561 1672 ego
1574 1638 1705 1672 imperavi
1721 1635 1803 1667 nibil,
1819 1636 1869 1663 sed

1071 1680 1161 1702 contra
1181 1674 1304 1709 patribus
1317 1675 1476 1709 conscriptis
1490 1679 1516 1701 et
1530 1675 1607 1701 bunis
1626 1674 1754 1701 omnibus
1773 1674 1866 1708 parui:

1071 1720 1125 1747 quo
1140 1712 1167 1738 in
1183 1712 1342 1747 magistratu
1357 1720 1409 1738 non
1425 1711 1579 1738 institutum
1594 1716 1635 1738 cst
1649 1720 1663 1738 a
1679 1719 1734 1742 me,
1751 1710 1866 1742 iudices,

1072 1758 1199 1785 regnum,
1218 1749 1266 1775 sed
1278 1757 1440 1784 repressum.
1481 1749 1521 1775 An
1533 1754 1604 1780 tum,
1621 1749 1648 1775 in
1661 1753 1732 1775 tanto
1743 1748 1866 1783 imperio.

1071 1791 1142 1813 tanta
1157 1790 1300 1822 potestate,
1318 1794 1370 1812 non
1384 1786 1453 1812 dicis
1469 1785 1554 1813 fuisse
1569 1794 1672 1822 regem,
1694 1794 1767 1812 nunc
1777 1786 1868 1821 priva-

1071 1828 1142 1855 tum,
1164 1831 1275 1859 regnare
1290 1822 1376 1850 dicis?
1395 1831 1449 1858 quo
1465 1823 1571 1850 tandem
1583 1822 1708 1850 nomine?
1727 1822 1818 1855 Quod,
1839 1824 1868 1849 in

1071 1869 1139 1896 quos
1150 1861 1302 1887 testimonia
1313 1860 1419 1893 dixisti,
1433 1861 1535 1896 inquit,
1553 1860 1673 1888 damnati
1684 1865 1763 1887 sunt:
1785 1868 1867 1895 quem

1071 1898 1203 1929 defendis,
1216 1902 1305 1933 sperat
1314 1906 1344 1924 se
1354 1897 1509 1924 absolutum
1520 1898 1563 1924 iri.
1604 1898 1652 1925 Hic
1663 1898 1711 1924 tibi
1723 1905 1772 1934 ego
1782 1897 1816 1924 de
1828 1902 1865 1923 te-

1070 1936 1206 1962 stimoniis
1217 1936 1285 1962 meis
1296 1935 1346 1962 hoc
1356 1935 1517 1970 respondeo:
1540 1936 1563 1962 si
1574 1934 1673 1962 falsum
1688 1935 1817 1966 dixerim,
1842 1939 1867 1961 te

1070 1973 1099 2000 in
1119 1981 1164 2000 eos
1184 1972 1300 2005 dixisse,
1324 1973 1367 1999 sin
1387 1981 1495 2004 verum,
1520 1980 1572 1999 non
1594 1980 1654 1999 esse
1676 1971 1727 1999 hoc
1745 1979 1865 2008 regnare,

1069 2019 1155 2046 quum
1170 2018 1265 2037 verum
1279 2010 1383 2036 iuratus
1398 2009 1486 2042 dicas,
1507 2009 1630 2045 probare.
1669 2010 1706 2036 De
1721 2009 1804 2036 huius
1818 2017 1868 2044 spe

1069 2052 1174 2075 tantum
1183 2047 1257 2079 dico,
1275 2046 1363 2074 nullas
1375 2055 1389 2073 a
1400 2055 1443 2074 me
1453 2055 1517 2082 opes
1528 2047 1557 2074 P.
1570 2046 1673 2074 Sullam
1681 2067 1688 2078 ,
1705 2046 1807 2073 nullam
1817 2054 1867 2082 po-

1069 2085 1194 2117 tentiam,
1209 2084 1278 2112 nihil
1289 2084 1414 2120 denique,
1427 2089 1531 2120 praeter
1541 2084 1622 2111 fidem
1633 2083 1806 2115 defensionis,
1818 2091 1867 2111 ex-

1069 2127 1198 2158 spectare.
1240 2123 1283 2150 22.
1305 2122 1362 2149 Nisi
1379 2127 1422 2153 tu,
1444 2122 1546 2157 inquit,
1567 2130 1691 2148 caussam
1706 2121 1864 2157 recepisses,

1069 2168 1219 2195 numquam
1230 2159 1297 2186 mihi
1309 2159 1465 2191 restitisset,
1477 2159 1534 2190 sed,
1546 2158 1645 2186 indicta
1655 2167 1760 2190 caussa,
1772 2157 1867 2194 profu-

1067 2198 1160 2234 gisset.
1181 2196 1210 2224 Si
1221 2196 1274 2224 iam
1284 2196 1334 2223 hoc
1345 2196 1394 2223 tibi
1404 2196 1558 2227 concedam,
1570 2195 1602 2229 Q.
1614 2196 1794 2227 Hortensium,
1807 2199 1866 2222 tau-

1069 2240 1094 2261 ta
1102 2234 1231 2270 gravitate
1241 2233 1377 2261 hominem
1385 2255 1391 2265 ,
1404 2234 1426 2260 si
1436 2254 1442 2265 ,
1454 2233 1504 2260 hos
1515 2233 1580 2260 tales
1592 2234 1663 2260 viros
1673 2241 1726 2260 non
1736 2240 1786 2259 suo
1795 2237 1865 2259 stare

1068 2271 1179 2302 iudicio,
1191 2270 1239 2298 sed
1250 2279 1323 2298 meo:
1339 2271 1362 2298 si
1374 2271 1424 2298 hoc
1436 2271 1484 2298 tibi
1493 2270 1555 2297 dem
1563 2291 1572 2302 ,
1587 2269 1660 2306 quod
1669 2269 1743 2296 credi
1753 2278 1805 2296 non
1816 2277 1866 2305 po-

1068 2313 1133 2340 test,
1145 2308 1199 2336 nisi
1209 2317 1258 2344 ego
1269 2308 1333 2335 huie
1343 2308 1474 2339 adessem,
1489 2308 1537 2335 hos
1549 2307 1688 2335 adfuturos
1699 2315 1752 2334 non
1762 2306 1862 2334 fuisse:

1067 2351 1127 2373 uter
1137 2345 1244 2373 tandem
1254 2354 1302 2372 rex
1311 2349 1360 2377 est,
1373 2345 1440 2377 isne,
1457 2346 1503 2372 cui
1512 2345 1666 2372 innocentes
1677 2343 1800 2371 homines
1811 2351 1865 2371 non

1067 2383 1210 2414 resistunt,
1226 2391 1259 2410 an
1274 2383 1312 2414 is,
1330 2383 1378 2418 qui
1393 2382 1562 2409 calamitosos
1576 2390 1629 2408 non
1639 2380 1758 2408 deserit?
1775 2381 1810 2408 At
1820 2380 1865 2408 bic

1067 2421 1160 2452 etiam,
1177 2419 1206 2447 id
1215 2419 1289 2456 quod
1299 2419 1348 2447 tibi
1358 2428 1467 2446 necesse
1481 2419 1592 2446 minime
1606 2418 1670 2450 fuit,
1689 2418 1790 2445 facetus
1804 2426 1865 2445 esse

1066 2457 1192 2489 voluisti,
1204 2466 1291 2493 quum
1301 2457 1478 2493 Tarquinium
1489 2460 1515 2483 et
1525 2456 1651 2487 Numam,
1664 2459 1690 2483 et
1700 2464 1743 2482 me
1754 2455 1862 2482 tertium

1066 2495 1239 2531 peregrinum
1259 2503 1350 2530 regem
1370 2501 1429 2521 esse
1448 2493 1552 2520 dixisti.
1592 2493 1668 2520 Mitto
1683 2492 1737 2519 iam
1752 2492 1786 2519 de
1800 2500 1863 2528 rege

1065 2540 1208 2568 quaerere:
1220 2531 1290 2558 illud
1299 2539 1408 2567 quaero,
1421 2530 1593 2566 peregrinum
1603 2539 1652 2557 cur
1661 2538 1705 2557 me
1714 2538 1775 2557 esse
1785 2528 1862 2557 dixe-

1065 2570 1112 2596 ris.
1133 2570 1210 2601 Nam,
1223 2569 1246 2595 si
1257 2569 1293 2596 ita
1303 2577 1374 2600 sum,
1386 2576 1440 2595 non
1449 2571 1503 2594 tam
1514 2572 1555 2594 est
1565 2566 1762 2599 admirandum,
1769 2575 1860 2604 regem

1065 2615 1124 2634 esse
1134 2615 1191 2638 me,
1204 2606 1281 2641 quia,
1297 2610 1327 2633 ut
1337 2609 1365 2632 tu
1378 2605 1428 2636 vis,
1441 2605 1521 2631 etiam
1530 2605 1665 2641 peregrini
1674 2613 1752 2640 reges
1761 2604 1860 2631 Romae

1065 2643 1187 2675 fuerunt,
1209 2651 1292 2678 quam
1306 2641 1444 2670 consulem
1458 2642 1557 2669 Romae
1570 2641 1656 2669 fuisse
1675 2642 1858 2678 peregrinum.

1064 2682 1106 2709 23.
1118 2681 1174 2709 Hoc
1183 2679 1256 2713 dico,
1269 2679 1370 2716 inquit,
1382 2683 1408 2707 te
1417 2687 1478 2707 esse
1488 2688 1523 2707 ex
1531 2679 1690 2716 municipio.
1715 2679 1822 2711 Fateor,
1834 2683 1860 2705 et
