1941 3052
253 136 625 163 TUSCULANARUM
655 134 1039 162 DISPUTATIONUM
1070 136 1150 162 LIB.
1181 136 1217 162 11.

115 209 140 234 6.
161 206 238 239 Quod
254 208 277 233 si
293 207 358 233 haec
373 207 462 233 studia
474 207 593 233 traducta
605 212 683 233 erunt
694 207 727 233 ad
739 211 850 237 nostros,

59 253 91 271 ne
107 244 278 271 bibliothecis
293 244 405 279 quidem
417 245 525 271 Graecis
539 245 694 280 egebimus,
714 246 740 270 in
752 244 853 279 quibus

59 281 202 308 multitudo
218 281 321 307 infinita
337 282 466 308 librorum
483 287 591 316 propter
606 290 697 308 eorum
710 286 749 307 est
761 281 854 307 multi-

59 319 193 349 tudinem,
211 319 259 354 qui
274 320 450 353 scripserunt.
490 319 591 345 Eadem
607 320 680 345 enim
696 319 824 345 dicuntur
839 326 853 344 a

57 356 163 388 multis;
181 364 215 382 ex
229 364 283 390 quo
296 356 371 382 libris
382 357 470 382 omnia
484 356 654 382 referserunt.
695 356 771 388 Quod
783 356 854 381 acci-

57 393 102 420 det
116 394 195 419 etiam
212 394 323 424 nostris,
341 394 364 419 si
380 393 413 419 ad
430 394 494 419 haec
510 393 599 419 studia
614 393 705 428 plures
716 392 853 420 confluxe-
874 418 876 421 ,

57 432 119 457 rint.
161 430 214 456 Sed
225 439 279 460 eOS,
293 431 316 456 si
328 439 483 465 possumus,
496 432 660 461 excitemus,
673 431 720 465 qui
733 430 852 456 liberali-

57 472 96 494 ter
105 467 213 497 eruditi,
228 467 350 494 adhibita
361 468 441 494 etiam
451 468 603 494 disserendi
614 468 759 503 elegantia,
773 468 853 493 ratio-

57 513 90 531 ne
101 509 126 531 et
137 505 180 531 via
191 504 425 539 philosophantur.
466 506 509 531 111.
531 506 556 531 7.
573 506 620 531 Est
633 506 705 531 enim
717 504 852 539 quoddam

55 550 143 578 genus
162 550 268 573 eorum,
290 540 338 577 qui
359 551 387 568 se
402 542 578 577 philosophos
598 542 728 576 appellari
748 542 849 572 volunt,

57 587 172 614 quorum
189 579 316 606 dicuntur
331 588 390 605 esse
406 580 494 606 Latini
512 588 575 606 sane
591 580 669 605 multi
686 579 762 605 libri:
784 588 852 614 quos

56 625 109 643 non
120 621 260 643 contemno
271 616 407 651 equidem,
423 617 525 651 quippe
539 625 607 651 quos
619 625 767 651 numquam
781 616 853 651 lege-

56 654 121 680 rim:
144 653 191 679 sed
207 654 270 688 quia
286 654 443 688 profitentur
458 654 511 688 ipsi
528 654 580 684 illi,
597 655 645 689 qui
659 662 704 680 eos
718 653 849 684 scribunt,

56 699 85 717 se
96 699 183 726 neque
194 691 329 722 distincte,
343 699 430 726 neque
440 691 593 721 distribute,
608 700 694 725 neque
706 691 849 726 eleganter,

56 736 144 763 neque
155 733 245 754 ornate
260 728 390 761 scribere3
410 728 549 754 lectionem
561 729 620 754 siue
632 728 686 754 ulla
698 728 852 754 delectatio-

56 773 90 791 ne
101 765 219 801 negligo.
254 765 325 797 Quid
337 766 410 791 enim
421 765 511 791 dicant
522 770 547 791 et
557 765 624 800 quid
635 766 751 791 sentiant
762 766 789 795 ii,
803 765 851 799 qui

56 807 120 829 sunt
135 803 168 828 ab
184 811 213 828 ea
228 802 386 837 disciplina,
404 811 482 829 nemo
496 802 666 829 mediocriter
681 802 791 837 quidem
803 802 851 827 do-

56 845 115 866 ctus
127 840 240 875 ignorat.
267 839 456 871 Quamobrem,
470 840 607 874 quoniam,
621 839 849 874 quemadmodum

55 877 158 907 dicant,
175 877 228 911 ipsi
243 885 295 903 non
312 876 444 903 laborant:
462 886 510 903 cur
527 877 633 912 legendi
645 878 711 907 sint,
731 878 783 903 nisi
798 877 850 911 ipsi

55 915 125 940 inter
135 923 177 943 se.
194 914 242 948 qui
256 914 327 939 idem
338 915 470 945 sentiunt,
488 923 540 940 non
558 914 688 950 intelligo.
730 916 754 940 8.
772 915 848 944 Nam,

55 956 86 978 ut
100 951 235 977 Platonem
257 951 429 986 reliquosque
445 951 593 978 Socraticos
609 956 634 978 et
649 952 777 986 deinceps
794 960 848 982 eos,

55 989 103 1023 qui
114 988 147 1014 ab
160 988 202 1014 his
213 987 324 1023 profecti
338 993 410 1019 sunt,
425 988 518 1024 legunt
528 997 634 1020 omnes,
651 990 730 1015 etiam
742 990 790 1024 qui
806 988 850 1015 illa

55 1030 101 1052 aut
121 1034 173 1052 non
189 1025 337 1060 approbant
352 1030 398 1052 aut
412 1035 464 1052 non
480 1026 679 1053 studiosissime
695 1031 852 1053 consectan-

55 1067 110 1095 tur3
134 1063 282 1097 Epicurum
294 1067 381 1089 autem
393 1068 419 1090 et
429 1063 608 1090 Metrodorum
619 1073 671 1090 non
684 1064 737 1090 fere
749 1068 852 1098 praeter

55 1108 118 1126 suos
128 1101 274 1135 quisquam
286 1101 313 1126 in
325 1109 421 1127 manus
432 1102 528 1127 sumit.-
541 1102 580 1127 sic
593 1101 640 1127 hos
652 1102 759 1128 Latinos
771 1102 789 1127 ii
801 1101 851 1127 soli

56 1137 161 1173 legunt,
183 1138 231 1172 qui
247 1137 293 1164 illa
308 1142 377 1164 recte
393 1138 448 1164 dici
462 1143 566 1173 putant.
608 1139 691 1165 Nobis
706 1143 795 1165 autem
810 1139 852 1164 vi-

54 1174 148 1205 detur,
171 1175 307 1210 quidquid
324 1175 419 1202 litteris
439 1175 593 1207 mandetur,
620 1176 647 1202 id
668 1176 851 1203 commendari

55 1212 178 1239 omnium
194 1212 360 1238 eruditorum
372 1212 479 1239 lectioni
490 1213 594 1240 decere.
635 1214 702 1245 Nec,
721 1215 744 1240 si
759 1214 786 1239 id
799 1214 851 1248 ipsi

55 1250 146 1275 minus
168 1250 298 1284 consequi
314 1258 473 1284 possumus,
496 1251 596 1286 idcirco
612 1252 703 1277 minus
719 1251 746 1277 id
763 1252 798 1277 ita
813 1251 852 1276 fa-

55 1286 182 1313 ciendum
199 1295 257 1313 esse
273 1288 415 1314 sentimus.
456 1290 480 1314 9.
503 1289 594 1323 Itaque
607 1289 673 1315 mihi
685 1297 792 1323 semper
805 1289 852 1314 Pe-

55 1325 256 1358 ripateticorum
268 1324 482 1360 Academiaeque
496 1326 663 1352 consuetudo
677 1326 710 1352 de
723 1326 851 1352 omnibus

55 1361 171 1388 rebusin
178 1362 322 1388 contrarias
333 1367 420 1397 partes
432 1362 583 1389 disserendi
596 1372 646 1389 non
657 1363 691 1389 ob
703 1372 760 1389 eam
773 1372 853 1389 caus-

54 1407 112 1425 sam
123 1398 211 1425 solum
224 1399 332 1434 placuit,
341 1399 413 1435 quod
421 1400 496 1426 aliter
507 1409 559 1427 non
570 1405 668 1435 posset,
681 1401 748 1436 quid
761 1401 787 1427 in
799 1409 851 1427 una

55 1445 163 1471 quaque
175 1445 202 1462 re
213 1436 360 1463 verisimile
372 1442 450 1468 esset,
465 1438 594 1470 inveniri;
611 1438 658 1464 sed
670 1439 764 1469 etiam,
779 1438 851 1473 quod

55 1478 126 1500 esset
145 1482 175 1500 ea
195 1474 312 1500 maxima
331 1474 439 1500 dicendi
460 1476 628 1502 exercitatio:
651 1484 704 1510 qua
725 1476 851 1511 princeps

55 1519 122 1537 usus
133 1516 174 1537 est
184 1511 349 1543 Aristoteles,
363 1511 460 1538 deinde
472 1521 532 1538 eum
545 1513 591 1548 qui
603 1513 688 1539 secuti
700 1518 772 1540 sunt.
800 1514 852 1539 No-

54 1553 107 1574 stra
119 1553 208 1575 autem
220 1549 346 1575 memoria
359 1549 443 1580 Philo,
457 1558 538 1584 quem
551 1559 598 1576 nos
611 1550 763 1585 frequenter
774 1551 852 1577 audi-

55 1586 159 1617 vimus,
179 1586 296 1612 instituit
306 1586 358 1613 alio
370 1591 488 1621 tempore
501 1587 636 1614 rhetorum
648 1593 787 1623 praecepta
800 1593 852 1614 tia-

54 1622 127 1654 dere,
141 1623 192 1650 alio
204 1623 437 1658 philosophorum.
473 1624 514 1650 Ad
525 1633 606 1659 quam
619 1634 666 1651 nos
677 1625 853 1652 consuetudi-

55 1668 116 1686 nem
137 1669 152 1686 a
172 1660 352 1687 familiaribus
373 1662 470 1687 nostris
491 1661 614 1693 adducti,
640 1663 666 1689 in
688 1663 849 1694 Tusculano,

55 1697 127 1732 quod
139 1697 231 1724 datum
242 1702 282 1724 est
294 1699 421 1733 temporis
433 1699 524 1729 nobis,
539 1700 565 1725 in
578 1708 608 1726 eo
619 1701 850 1734 consumpsimus.

55 1735 147 1770 ltaque
158 1743 243 1770 quum
254 1740 313 1762 ante
326 1735 466 1762 meridiem
478 1736 590 1763 dictioni
605 1746 713 1772 operam
729 1737 852 1764 dedisse-

55 1781 129 1803 mus,
147 1773 217 1799 sicut
230 1773 318 1807 pridie
330 1772 492 1800 feceramus:
510 1778 569 1808 post
584 1774 726 1801 meridiem
742 1776 769 1801 in
784 1776 852 1801 Aca-

54 1809 171 1836 demiam
187 1809 387 1837 descendimus.
431 1812 457 1837 Ιιι
478 1820 530 1846 qua
546 1811 756 1846 disputationem
774 1812 852 1839 habi-

54 1852 107 1874 tam
123 1856 175 1874 non
189 1848 268 1882 quasi
280 1852 417 1874 narrantes
428 1849 590 1883 exponimus
599 1870 605 1880 ,
622 1849 670 1876 sed
681 1849 784 1876 eisdem
797 1850 851 1876 sere

54 1884 155 1916 verbis,
168 1889 198 1911 ut
208 1889 296 1911 actum
308 1885 529 1920 disputatumque
540 1891 589 1913 est.

111 1922 153 1948 lV.
178 1923 217 1948 lO.
238 1922 285 1948 Est
300 1923 383 1957 igitur
396 1923 599 1950 ambulantibus
611 1924 644 1950 ad
656 1924 728 1951 hunc
740 1925 850 1951 modum

53 1967 143 1985 sermo
154 1957 200 1984 ille
211 1959 288 1985 nobis
301 1960 453 1991 institutus,
471 1965 497 1986 et
510 1969 524 1986 a
536 1961 581 1986 tali
592 1961 709 1995 quodam
724 1962 852 1988 inductus

53 1995 174 2022 exordio.
215 1996 246 2022 Α.
260 1997 314 2022 Dici
326 2005 377 2022 non
389 2001 483 2031 potest,
500 2006 581 2040 quam
594 1999 645 2024 sim
660 1999 782 2025 hesterna
795 1999 852 2025 dis-

54 2034 191 2068 putatione
217 2037 260 2059 tua
286 2033 432 2060 delectatus
456 2034 498 2060 vel
523 2035 612 2069 potius
634 2035 753 2062 adiutus.
795 2037 814 2062 F
819 2037 850 2062 tsi

53 2071 126 2097 enim
142 2070 210 2096 mihi
226 2079 287 2096 sum
303 2072 441 2102 conscius
465 2080 614 2106 numquam
627 2073 762 2099 menimis
773 2074 852 2115 cupi-

53 2108 119 2134 dum
132 2107 216 2134 fuisse
228 2108 412 2134 vitae:tan1en
423 2108 602 2135 obiiciebatur
614 2110 749 2136 interdum
761 2111 852 2137 animo

53 2150 142 2171 metus
153 2144 264 2180 quidam
274 2150 299 2171 et
309 2145 393 2177 dolor,
401 2146 537 2181 cogitanti
548 2146 601 2173 sore
613 2147 759 2182 aliquando
771 2149 851 2174 linem

54 2182 137 2208 huius
154 2182 222 2208 lueis
239 2187 264 2208 et
282 2183 455 2209 amissionem
470 2184 592 2210 omnium
609 2185 678 2210 vitae
697 2185 852 2211 commodo-

53 2228 124 2246 rum.
164 2220 217 2245 }loc
228 2228 326 2255 genere
339 2220 474 2246 molestiae
486 2221 539 2251 sic,
554 2221 621 2247 mihi
633 2222 725 2253 erede,
743 2231 804 2248 sum
819 2222 852 2248 li-

54 2257 175 2287 beratus,
199 2261 227 2283 ut
248 2257 315 2282 nihil
333 2258 423 2283 minus
438 2258 587 2284 curandum
608 2264 709 2292 putem.
752 2261 792 2285 ll.
816 2260 850 2285 M.

54 2294 165 2320 Minime
182 2294 280 2319 mirum
298 2294 324 2320 id
335 2294 457 2329 quidem.
499 2296 564 2321 Nam
576 2295 658 2322 eflicit
671 2296 719 2322 hoc
732 2297 852 2331 philoso-

53 2331 131 2365 phia:
151 2331 272 2357 medetur
283 2332 394 2362 animis,
412 2332 505 2358 inanes
516 2332 712 2359 sollicitudines
724 2334 849 2364 detrahit,

53 2367 249 2402 cupiditatibus
266 2368 373 2399 liberat,
397 2369 473 2403 pellit
487 2370 605 2396 timores.
645 2371 697 2396 Sed
714 2371 778 2397 haee.
792 2372 851 2396 eius

54 2405 96 2431 vis
113 2414 164 2432 non
181 2405 252 2431 idem
268 2410 354 2440 potest
369 2406 441 2440 apud
457 2415 564 2432 omnes:
588 2412 675 2433 tamen
695 2408 765 2434 valet
781 2408 852 2433 mul-

54 2447 126 2473 tum,
143 2451 229 2477 quum
244 2447 285 2469 est
300 2443 423 2469 idoneam
435 2443 574 2477 complexu
588 2449 719 2471 naturam.
762 2445 851 2471 Fortes

54 2479 126 2505 enim
139 2488 190 2506 non
208 2480 286 2506 modo
302 2480 405 2507 fortuna
421 2481 544 2511 adiuvat,
562 2486 590 2507 ut
601 2486 640 2507 est
652 2482 676 2507 in
691 2487 777 2507 vetere
790 2491 851 2516 pro-

54 2516 158 2547 verbio,
171 2517 217 2543 sed
231 2517 413 2553 multomagis
425 2518 500 2547 ratio,
514 2527 583 2552 quae
595 2518 761 2552 quibusdam
772 2520 850 2553 (puisi

54 2554 204 2588 praeceptis
215 2554 354 2581 confirmat
366 2556 419 2581 vim
434 2555 608 2581 fortitudinis.
649 2556 684 2581 'l'e
697 2561 788 2582 nutura
804 2565 851 2582 ex-

54 2590 158 2616 celsum
169 2591 314 2625 quemdam
327 2592 465 2623 videlieet,
484 2597 509 2618 et
523 2592 621 2622 altum,
638 2597 664 2619 et
676 2592 792 2618 humanu
804 2593 852 2619 ‹le-

55 2627 214 2662 spicientem
225 2630 328 2664 genuit.
369 2630 460 2664 ltaque
472 2629 550 2655 facile
566 2630 591 2655 in
607 2630 696 2655 animo
713 2629 771 2656 sorti
787 2639 851 2656 eon-

56 2669 93 2690 tra
115 2669 226 2691 mortem
247 2665 337 2693 habita
359 2667 458 2693 insedit
472 2667 565 2693 oratio.
609 2666 659 2692 Sed
678 2667 742 2693 haee
757 2667 850 2693 eudem

881 2419 883 2424 ⁴
905 2408 1005 2434 honum
1021 2408 1104 2433 dixit:
1129 2413 1230 2433 tantum
1253 2409 1278 2433 ιιι
1295 2407 1385 2433 dolore
1401 2407 1479 2433 «luxit
1496 2407 1569 2432 ιιιιιΙί.

1249 135 1301 162 CA
1313 136 1342 162 P.
1374 138 1388 163 3
1409 152 1445 156 -
1464 138 1489 162 6.
1635 138 1695 162 wo!

905 215 969 232 num
981 215 1074 232 censes
1086 206 1156 240 apud
1169 215 1213 233 eos
1226 207 1298 241 ipsos
1306 206 1402 237 valere,
1412 207 1464 233 nisi
1475 206 1621 233 admodum
1632 215 1700 241 pau—

904 252 962 274 cos,
985 252 998 269 a
1019 244 1120 278 quibus
1142 245 1261 275 inventa,
1285 244 1432 279 disputata,
1455 245 1604 278 conscripta
1620 244 1700 270 sunt?

904 281 1007 312 Quotus
1021 281 1093 306 enirn
1109 282 1226 316 quisque
1241 281 1463 316 philosophorum
1478 282 1629 312 invenitur,
1651 282 1699 316 qui

904 319 939 343 sit
951 318 984 343 ita
997 323 1127 349 moratus,
1147 319 1182 344 ita
1193 320 1282 344 animo
1294 328 1323 345 ac
1336 320 1388 344 vita
1400 320 1574 349 constitutus,
1594 323 1622 344 ut
1634 319 1699 344 ratio

904 354 1038 389 postulat?
1061 356 1108 389 qui
1130 355 1302 390 disciplinam
1323 365 1400 382 suam
1421 365 1473 382 non
1493 356 1698 382 ostentationem

904 393 1044 421 scientiae,
1061 392 1108 418 sed
1121 392 1206 428 legem
1220 394 1288 419 vitae
1300 393 1392 428 putet?
1407 395 1453 428 qui
1465 393 1630 427 obtemperet
1642 394 1699 427 ipse

904 430 957 455 sibi
974 434 999 455 et
1019 429 1133 455 decretis
1153 431 1211 455 suis
1233 430 1339 464 pareat?
1371 432 1410 457 ⁴2.
1434 430 1528 457 Videre
1551 430 1612 456 licet
1633 430 1699 456 alios

904 471 974 492 tanta
991 466 1098 492 levitate
1114 472 1139 493 et
1155 467 1307 497 iactatione,
1326 468 1359 493 iis
1375 473 1402 494 ut
1414 467 1495 493 suerit
1506 476 1556 493 non
1569 467 1699 493 didicisse

904 503 1016 529 melius:
1039 504 1105 529 alios
1126 506 1256 538 pecuniae
1277 505 1404 539 cupidos,
1427 505 1528 540 gloriae
1544 504 1697 535 nonnullos,

905 540 1003 567 multos
1021 540 1166 567 libidinum
1181 550 1287 568 servos:
1305 548 1333 568 ut
1344 551 1405 568 cum
1417 551 1509 568 eorum
1522 543 1575 567 vita
1587 542 1700 568 mirabi-

904 577 964 604 liter
979 584 1080 613 pugnet
1095 579 1191 605 oratio:
1214 579 1286 614 quod
1302 580 1412 614 quidem
1434 580 1501 605 mihi
1520 579 1625 605 videtur
1640 588 1699 605 esse

903 616 1102 649 turpissimum.
1131 616 1162 642 Ut
1173 617 1254 646 enim,
1271 618 1294 642 si
1305 617 1510 651 grammaticum
1522 625 1550 642 se
1563 616 1699 651 professus

903 653 1039 687 quispiam
1058 652 1169 679 barbare
1186 653 1322 688 loquatur,
1344 659 1389 680 aut
1403 655 1426 680 si
1441 654 1557 680 absurde
1572 660 1649 680 canat
1665 655 1696 684 is,

902 690 950 724 qui
962 699 990 715 se
1002 690 1095 716 haberi
1107 690 1171 716 velit
1182 692 1331 722 musicum,
1347 692 1394 717 hoe
1407 692 1509 725 turpior
1519 692 1566 721 sit,
1583 691 1656 726 quod
1672 692 1698 717 in

902 735 933 752 eo
945 727 1003 761 ipso
1014 732 1113 761 peccet,
1124 728 1202 753 cuius
1214 728 1352 762 profitetur
1362 729 1515 754 scientiam:
1529 729 1567 754 sic
1579 729 1699 763 philoso-

902 764 974 798 phus
987 764 1012 790 in
1025 766 1124 790 ratione
1137 766 1206 791 vitae
1219 774 1332 800 peccans
1351 766 1400 792 hoc
1412 767 1514 800 turpior
1525 771 1573 796 est,
1587 766 1659 800 quod
1672 766 1698 792 in

902 801 999 831 officio,
1013 802 1092 827 cuius
1104 803 1230 837 magister
1240 812 1298 829 esse
1311 803 1377 834 vult,
1387 803 1494 834 labitur,
1507 808 1645 838 artemque
1657 804 1699 829 vi-

903 843 943 864 tae
954 838 1102 872 professus,
1115 839 1250 874 delinquit
1262 841 1288 866 in
1302 841 1364 866 vita.

960 876 989 901 V.
998 876 1028 901 Α.
1039 877 1129 902 Nonne
1137 877 1286 903 verendum
1298 878 1389 912 igitur,
1398 878 1421 903 si
1433 882 1472 903 est
1484 878 1528 906 ita,
1539 883 1566 903 ut
1577 877 1654 907 dicis,
1667 886 1699 903 ne

903 913 1103 948 philosophiam
1115 913 1180 939 falsa
1191 914 1276 948 gloria
1287 914 1418 940 exornes?
1429 914 1505 946 Quod
1517 915 1634 940 estenim
1643 923 1701 940 ma-

903 952 945 976 ius
957 956 1156 985 argumentum,
1170 951 1238 977 nihil
1251 961 1309 977 eam
1321 952 1460 986 prodesse,
1474 960 1555 986 quam
1567 952 1699 986 quosdam

890 987 1033 1024 >perlectos
1045 987 1221 1022 philosophos
1233 990 1345 1023 turpiter
1357 988 1466 1015 vivere‘?
1489 991 1527 1015 ⁴3.
1541 989 1575 1015 M.
1589 989 1699 1015 Nullum

904 1034 966 1051 vero
983 1025 1010 1051 id
1024 1025 1136 1060 quidem
1151 1031 1341 1061 argumentum
1356 1031 1405 1053 est.
1447 1027 1513 1052 Nam
1530 1032 1558 1052 ut
1572 1028 1629 1061 agri
1648 1035 1700 1053 non

903 1071 996 1089 omnes
1012 1062 1136 1098 frugiferi
1151 1068 1228 1095 sunt,
1246 1065 1294 1099 qui
1309 1063 1447 1095 coluntur,
1466 1063 1619 1098 falsumque
1632 1064 1699 1090 illud

903 1100 983 1126 Attii:

941 1138 975 1163 Pi
977 1137 1055 1164 abac*
1066 1140 1112 1164 e'tsi
1123 1141 1149 1164 in
1159 1143 1264 1172 seyelem
1274 1142 1333 1165 su'nt
1343 1141 1492 1165 deteriorem
1503 1140 1578 1165 datae

940 1178 1035 1209 fruges,
1050 1180 1133 1201 tamen
1146 1179 1216 1209 ipsae
1226 1180 1316 1209 sudple
1328 1182 1423 1202 nutura
1434 1179 1542 1202 enitent:

904 1213 943 1238 sic
963 1213 1047 1239 animi
1063 1221 1115 1239 non
1130 1222 1223 1240 omnes
1239 1213 1304 1240 culti
1325 1213 1440 1240 fructum
1465 1213 1561 1239 ferunt.
1603 1213 1699 1247 Atque,

905 1254 933 1275 ut
944 1259 971 1276 in
982 1249 1075 1276 eodem
1091 1250 1175 1277 simili
1188 1260 1290 1281 verser,
1310 1256 1339 1278 ut
1352 1259 1428 1287 ager,
1446 1251 1572 1286 quamvis
1592 1250 1698 1281 fertilis,

903 1287 962 1313 sine
977 1287 1081 1314 cultura
1098 1287 1252 1314 fructuosus
1268 1298 1326 1314 esse
1343 1298 1394 1315 non
1412 1294 1510 1323 potest:
1534 1290 1572 1315 sic
1583 1289 1642 1314 sine
1653 1288 1702 1313 ‹lo-

903 1325 987 1350 ctrina
1003 1325 1120 1351 animus.
1162 1326 1197 1351 Ita
1214 1331 1253 1352 est
1267 1331 1379 1360 utraque
1396 1336 1437 1352 res
1451 1327 1509 1352 sine
1525 1326 1607 1352 altera
1624 1326 1702 1351 debi-

904 1361 947 1392 lis,
988 1361 1097 1388 Cultura
1109 1367 1197 1388 autem
1214 1363 1296 1389 animi
1313 1363 1482 1398 philosophia
1499 1369 1551 1389 est:
1576 1363 1640 1389 haec
1654 1372 1702 1389 ex-

904 1399 984 1425 trahit
997 1400 1060 1425 vitia
1073 1400 1210 1431 radicitus,
1225 1406 1251 1426 et
1263 1406 1401 1435 praeparat
1412 1402 1515 1427 animos
1528 1400 1560 1426 ad
1571 1406 1645 1426 satus
1657 1409 1702 1425 ae-

904 1436 1057 1471 cipiendos,
1074 1446 1158 1472 eaque
1172 1438 1278 1464 mandat
1290 1439 1345 1468 his,
1362 1443 1400 1469 et,
1419 1444 1446 1464 ut
1459 1439 1492 1464 ita
1504 1438 1606 1468 dicam,
1625 1439 1699 1467 serit,

904 1483 972 1508 quae
987 1474 1077 1501 adulta
1095 1474 1196 1501 fructus
1213 1476 1364 1501 uberrimos
1382 1475 1474 1502 ferant.
1516 1477 1634 1511 Agamus
1650 1475 1702 1509 igi—

904 1516 955 1542 tur,
970 1516 998 1537 ut
1008 1512 1158 1546 coepimus.
1201 1513 1255 1543 Dic,
1269 1514 1292 1538 si
1304 1513 1354 1543 vis,
1368 1513 1400 1538 de
1412 1522 1465 1548 quo
1476 1512 1609 1547 disputari
1623 1512 1700 1538 velis.

962 1550 1000 1575 ll».
1027 1550 1058 1576 A.
1091 1550 1211 1576 Dolorem
1241 1551 1367 1576 existimo
1390 1551 1539 1576 maximum
1570 1549 1702 1576 malorum

903 1587 1036 1613 omnium.
1067 1588 1101 1613 M.
1115 1588 1236 1613 Etiamne
1249 1589 1346 1618 maius,
1359 1597 1440 1622 quam
1452 1587 1588 1613 dedecus?
1599 1588 1630 1613 A.
1644 1588 1701 1613 Non

904 1623 989 1650 audeo
1002 1624 1028 1650 id
1041 1624 1129 1650 dicere
1141 1625 1267 1659 quidem,
1284 1630 1308 1651 et
1321 1634 1361 1651 me
1375 1625 1456 1659 pudet
1469 1631 1519 1651 tam
1531 1626 1583 1651 eito
1595 1624 1627 1650 de
1639 1633 1702 1650 sen-

905 1662 985 1687 tentia
1000 1670 1058 1687 esse
1075 1662 1221 1689 deiectum.
1261 1663 1295 1688 M.
1309 1663 1394 1697 Magis
1406 1667 1476 1688 esset
1488 1662 1659 1697 pudendum,
1678 1662 1701 1687 si

905 1699 930 1724 in
947 1700 1077 1725 sententia
1094 1708 1275 1734 permaneres
1316 1700 1385 1732 Quid
1408 1701 1480 1726 enim
1497 1701 1587 1726 minus
1603 1704 1643 1725 est
1660 1699 1703 1724 di-

903 1737 1144 1771 gnum,quamtibi
1158 1738 1235 1771 peius
1246 1737 1396 1772 quidquam
1410 1737 1495 1763 videri
1507 1737 1646 1765 dedecore,
1656 1735 1702 1761 lla-

903 1774 978 1809 gitio,
994 1774 1180 1808 turpitudine?
1195 1776 1268 1807 Quae
1280 1780 1308 1801 ut
1318 1775 1444 1809 effugias,
1458 1775 1521 1809 quis
1533 1779 1633 1800 estnon
1646 1783 1703 1799 mo-

904 1811 937 1837 do
949 1820 1000 1837 non
1013 1812 1188 1842 recusandus,
1197 1812 1244 1838 sed
1257 1821 1308 1838 non
1321 1812 1389 1838 ultro
1396 1811 1572 1847 appetendus,
1581 1811 1702 1837 subeun-

903 1848 963 1879 dus,
973 1849 1150 1891 excipiendus
1163 1849 1255 1876 dolori>
1266 1850 1296 1876 A.
1306 1850 1340 1875 lta
1353 1859 1462 1884 prorsus
1474 1850 1608 1875 existimo.
1630 1848 1702 1880 Qud-

904 1895 931 1912 re
952 1894 984 1912 ne
999 1887 1034 1913 sit
1049 1896 1113 1913 sane
1129 1896 1267 1913 summum
1284 1887 1384 1913 malum
1403 1887 1491 1913 dolor:
1516 1886 1616 1912 ιιι-ιΙιιιιι
1632 1891 1702 1912 certe

904 1928 952 1950 est.
994 1924 1029 1950 M.
1044 1924 1176 1950 Videsne
1172 1934 1197 1959 ig
1191 1925 1267 1953 itur.
1284 1934 1330 1959 qua
1324 1930 1430 1954 autum
1449 1925 1566 1950 breviter
1579 1924 1703 1949 admoni-

904 1965 956 1991 tus,
970 1960 1003 1987 de
1014 1961 1114 1988 doloris
1126 1952 1223 1988 terrore
1235 1961 1383 1988 deieceris?
1408 1963 1444 1988 l5.
1469 1962 1499 1987 A.
1514 1961 1596 1987 Video
1608 1960 1699 1995 plane:

903 1998 950 2024 sed
963 1998 1024 2032 plus
1036 1999 1170 2025 desidero.
1198 2000 1233 2025 M.
1247 2000 1376 2034 Experiar
1389 1999 1530 2034 equide:m
1547 1998 1594 2024 sed
1607 2007 1702 2034 magna

905 2044 946 2062 res
957 2041 1010 2064 est:
1029 2037 1173 2071 animoque
1185 2037 1253 2062 mihi
1263 2046 1332 2071 opus
1344 2042 1446 2063 estnon
1460 2040 1635 2071 repugnante.
1669 2036 1701 2061 A.

905 2073 1021 2099 llabebis
1035 2074 1060 2099 id
1072 2074 1194 2108 quidem.
1237 2074 1269 2100 Ut
1280 2075 1351 2100 euim
1366 2074 1422 2100 heri
1435 2074 1500 2104 feci,
1518 2075 1557 2099 sic
1574 2082 1644 2100 nunc
1661 2082 1703 2098 ra-

905 2111 1013 2141 tionem,
1027 2120 1080 2145 quo
1091 2120 1120 2136 ea
1133 2120 1174 2136 me
1186 2120 1303 2146 eumque
1315 2112 1402 2141 ducet,
1416 2120 1524 2146 sequar.

960 2148 1001 2173 Vl.
1025 2148 1059 2173 M.
1073 2149 1192 2173 Primum
1211 2149 1293 2181 igitur
1307 2148 1340 2174 ile
1358 2148 1541 2174 imbecillitate
1556 2147 1700 2174 multorum

905 2184 968 2210 etde
976 2184 1219 2219 variisdisciplinis
1232 2185 1454 2219 philosophorum
1468 2185 1572 2219 loquar:
1586 2193 1700 2219 quorum

904 2223 1030 2256 princeps
1047 2227 1072 2248 et
1087 2223 1242 2248 auctoritate
1253 2227 1277 2248 et
1288 2223 1459 2256 antiquitate,
1479 2223 1630 2248 Soet-uticus
1643 2222 1701 2246 Ari—

904 2260 1025 2293 stippus,
1044 2268 1094 2285 nou
1111 2259 1247 2284 dubitavit
1260 2268 1398 2285 summum
1415 2259 1514 2285 mulum
1530 2259 1647 2284 dolorem
1659 2258 1701 2282 ‹li-

903 2305 972 2322 φοι-υ,
1008 2296 1108 2322 Deinde
1124 2296 1156 2321 nd
1170 2296 1236 2321 haue
1248 2302 1400 2322 enervatam
1413 2296 1628 2330 muliebremque
1639 2304 1700 2320 sen-

905 2334 1012 2359 tentium
1035 2334 1100 2359 sutis
1116 2333 1230 2358 docilem
1250 2343 1278 2359 se
1298 2334 1431 2368 Epicurus
1452 2333 1584 2367 praebuit.
1627 2333 1701 2357 llum·

904 2376 963 2405 post
981 2371 1100 2396 llhodius
1118 2371 1309 2412 Hieronymus.
1330 2370 1420 2396 dolore
1439 2379 1544 2397 vacare.
1563 2377 1700 2394 summum

1616 2407 1634 2431 C
1637 2411 1676 2431 ew
1680 2407 1700 2431 ri

904 2454 941 2479 pi
936 2446 1164 2474 ιιιΗιιι-Ζυιιιιιιοιιι,
1182 2446 1346 2474 Λιι5ιυιιυ,ιιι
1366 2444 1528 2479 Pyr-{honen}
1551 2443 1619 2469 idem
1637 2443 1698 2472 [em

903 2483 974 2516 quod
988 2482 1066 2508 modo
1079 2487 1119 2508 tu:
1140 2482 1240 2508 mulum
1254 2482 1321 2508 illud
1333 2482 1416 2516 (μιιιίι
1420 2491 1459 2510 ιιι
1477 2481 1524 2506 sul
1536 2481 1587 2506 alia
1601 2481 1680 2515 peior.
1675 2490 1699 2506 ι,ι

907 2521 944 2545 Ηὶ,
968 2520 985 2545 l·]
991 2529 1049 2548 rao,
1070 2519 1095 2544 id
1111 2519 1183 2553 quod
1201 2525 1293 2545 ιιιιιιιιιι
1312 2521 1368 2553 ipsa
1384 2524 1409 2545 et
1424 2518 1556 2553 ‹pluedam
1572 2527 1699 2553 genet-»si

905 2558 989 2582 virtus
1001 2557 1090 2582 statim
1103 2557 1214 2591 respuit,
1224 2556 1380 2582 umlolorem
1392 2564 1530 2582 summum
1543 2555 1642 2581 malum
1657 2555 1699 2580 ih-

902 2603 989 2623 ιϊιϊ5,
1003 2594 1179 2628 opposiuupw.
1191 2594 1320 2619 dedecore
1332 2595 1462 2619 sententia
1476 2592 1649 2627 depellerere,
1663 2607 1698 2611 —

904 2631 928 2656 iu
941 2640 972 2656 eo
984 2632 1109 2665 magistra
1124 2632 1192 2657 vilae
1205 2630 1375 2665 philosophia
1387 2636 1422 2656 tot
1433 2630 1538 2656 saecula
1552 2636 1698 2664 permanet.

902 2668 978 2700 Quod
992 2668 1054 2694 huie
1065 2667 1199 2698 osticium,
1217 2676 1286 2702 quae
1300 2668 1369 2697 laus,
1383 2667 1455 2702 quod
1467 2667 1609 2694 demiserit
1622 2668 1696 2694 ιιιιιιι,
