1941 3052
512 144 562 170 DE
594 144 793 171 LEGIBUS
824 144 904 170 LIB.
935 145 955 171 1.

987 143 1078 171 CAP.
1115 146 1180 170 1-
1202 146 1225 170 8,

1630 147 1689 170 1307,

45 224 88 243 me
99 213 195 242 vocas?
209 219 254 241 aut
265 213 332 249 quid
344 213 475 240 hortaris‘?
495 220 525 241 ut
539 214 645 241 libellos
656 215 796 242 conficiam
808 214 841 241 de
860 214 862 247 ¹,
892 216 978 242 sancit
988 215 1060 251 quod
1072 215 1140 247 vult,
1154 220 1199 242 aut
1210 215 1329 242 iubendo
1341 220 1386 242 aut
1398 214 1520 245 vetando,
1538 220 1565 241 ut
1579 214 1686 250 vulgus.

44 252 246 280 stillicidiorum
261 261 291 278 ac
304 251 336 277 de
351 253 484 286 parietum
500 252 575 278 iure‘?
589 257 634 279 aut
650 257 679 279 ut
688 252 841 287 stipulatio-

44 299 110 317 num
120 295 146 316 et
157 289 319 316 iudiciorum
333 289 461 316 formulas
471 289 648 325 componam?
658 299 727 324 quae
739 296 764 316 et
775 290 842 316 scri-

43 333 88 364 pta
104 332 167 354 sunt
178 336 192 353 a
203 327 296 353 multis
307 326 452 362 diligenter
466 332 491 354 et
506 332 569 354 sunt
584 327 743 359 humiliora,
759 336 841 363 quam

44 365 103 396 illa,
119 373 188 400 quae
200 373 212 391 a
226 364 303 391 vobis
315 365 464 398 exspectari
476 369 548 399 puto.

42 403 105 438 qui,
123 403 146 428 si
157 411 284 437 quaeres,
303 411 352 437 ego
367 402 434 436 quid
445 406 612 436 exspectem:
636 403 764 437 quoniam
775 403 842 428 seri-

42 445 119 475 ptum
131 444 195 466 esta
207 444 231 466 te
242 439 275 465 de
286 440 387 474 optimo
398 439 563 474 reipublicae
575 444 659 471 statu,
673 448 841 474 consequens

43 486 102 504 esse
115 477 236 508 videtur,
254 481 283 503 ut
294 477 397 503 scribas
409 481 437 503 tu
450 477 520 503 idem
532 477 564 503 de
577 477 697 512 legibus:
719 478 759 503 sic
769 477 840 503 enim

43 515 141 541 secisse
152 514 231 541 video
244 514 379 541 Platonem
393 514 470 540 illum
483 519 568 545 tuum,
587 523 668 549 quem
683 520 710 541 tu
725 515 842 541 admira-

42 553 93 583 ris,
107 561 189 587 quem
202 552 329 578 omnibus
342 552 495 586 anteponis,
513 561 595 587 quem
607 553 725 578 maxime
737 551 840 587 diligis.

42 590 78 616 M.
96 590 177 616 Visne
194 590 291 625 igitur,
307 593 337 615 ut
351 588 396 615 ille
412 589 487 615 Crete
501 598 563 615 eum
576 589 662 616 Clinia
677 595 702 616 et
717 598 779 616 cum
792 590 843 615 La-

42 627 216 653 cedaemonio
228 626 349 661 Megillo,
363 627 478 657 aestivo,
495 626 725 662 quemadmodum
740 627 842 653 descri-

42 665 91 696 bit,
105 664 149 690 die
159 685 164 694 ,
183 665 210 690 in
221 664 386 698 cupressetis
397 663 556 690 Gnosiorum
568 669 593 690 et
604 665 698 699 spatiis
709 664 843 690 silvestri-

42 703 104 732 bus⁷
117 702 211 728 crebro
223 702 360 732 insistens,
374 701 509 727 interdum
521 702 706 736 acquiescens,
719 702 752 727 de
765 702 843 727 insti-
863 708 864 715 ¹

42 740 107 766 tutis
124 748 212 765 rerum
229 738 402 773 publicarum
419 748 448 765 ae
459 739 492 765 de
503 739 613 774 optimis
626 739 733 775 legibus
746 738 844 773 dispu-
863 757 864 760 ,

42 781 92 804 tat:
113 777 153 803 sic
167 785 215 803 nos
231 777 300 802 inter
316 776 364 802 has
376 777 579 810 proeerissimas
591 776 705 811 populos
722 778 749 802 in
761 776 843 802 viridi

42 823 179 849 opacaque
195 815 253 849 ripa
270 813 482 844 inambulantes,
505 819 562 840 tum
577 818 666 840 autem
683 813 840 844 residentes,
864 821 865 846 ζ

43 860 205 887 quaeramus
218 851 301 877 iidem
312 851 345 877 de
357 851 437 877 rebus
449 851 554 886 aliquid
566 851 692 882 uberius,
710 860 792 886 quam
805 850 844 877 fo-

43 890 131 916 rensis
144 898 210 915 usus
222 888 374 915 desiderat?
397 890 435 914 16.
456 889 524 914 Αττ.
546 889 602 923 Ego
615 897 677 914 vero
688 889 738 915 ista
749 888 843 914 audire

43 927 133 962 cupio.
151 927 186 953 M.
200 926 271 958 Quid
283 927 319 953 ait
329 925 464 958 Quintus?
474 925 593 958 Q.Nulla
605 925 638 952 de
651 934 677 952 re
690 927 787 961 magis.
806 926 841 951 M.

42 965 76 991 Et
86 968 156 990 reete
168 963 290 999 quidem.
331 964 397 989 Nam
410 964 449 989 sie
461 963 598 993 habetote.
618 963 692 990 nullo
706 964 734 990 in
745 972 843 999 genere

43 1001 201 1037 disputandi
218 1001 305 1036 magis
321 1001 432 1027 honeste
447 1000 580 1035 patefieri,
603 1001 671 1036 quid
687 1002 722 1028 sit
739 1001 843 1028 homini
864 999 866 1030 ἶ]

43 1040 176 1067 tributum
197 1044 303 1072 natura3
334 1043 462 1073 quantam
488 1039 544 1065 vim
571 1047 659 1065 rerum
680 1039 843 1073 optimarum

43 1086 120 1103 mens
132 1077 251 1103 humana
262 1076 408 1109 contineat3
432 1077 511 1102 cuius
527 1077 649 1102 muneris
664 1076 770 1103 colendi
784 1076 844 1102 essi-

43 1114 187 1149 ciendique
203 1123 299 1140 caussa
315 1114 370 1140 nati
386 1118 412 1140 et
425 1115 453 1139 in
470 1113 557 1140 lucem
575 1113 639 1140 editi
655 1114 756 1147 simus3
775 1123 844 1149 quae

43 1153 79 1179 sit
89 1152 243 1178 coniunctio
255 1151 411 1183 bominum,
429 1160 498 1186 quae
510 1151 639 1178 naturalis
651 1152 764 1177 societas
776 1152 845 1178 inter

43 1191 127 1225 ipsos.
168 1189 215 1215 His
227 1189 299 1215 enim
311 1188 463 1223 explicatiS‚
478 1188 536 1215 fons
549 1188 639 1224 legum
652 1194 677 1215 et
688 1190 756 1215 iuris
768 1189 846 1215 inve-

43 1229 96 1254 niri
108 1231 204 1262 potest.
248 1227 286 1252 ⁴7.
308 1226 376 1253 Αττ,
397 1227 455 1253 Νοιι
466 1235 529 1262 ergo
540 1236 554 1253 a
566 1227 694 1261 praetoris
706 1226 802 1258 edicto,
816 1231 846 1253 ut

42 1265 166 1300 plerique
179 1272 260 1295 nunc,
277 1272 365 1299 neque
379 1273 393 1290 a
403 1272 442 1289 Χιι
457 1263 567 1295 tabulis,
581 1268 611 1290 ut
621 1265 783 1298 superiores,
797 1263 845 1290 sed

42 1303 152 1338 penitus
164 1310 198 1328 ex
212 1302 306 1328 intima
323 1301 495 1336 philosophia
511 1301 688 1328 hauriendam
705 1302 772 1328 iuris
788 1301 846 1328 dis-

43 1340 172 1375 ciplinam
185 1344 273 1374 putas.
307 1339 342 1365 M.
358 1339 417 1364 Non
431 1339 503 1365 enim
516 1339 544 1365 id
555 1340 713 1374 quaerimus
727 1339 777 1365 hoc
789 1348 846 1365 ser-

43 1386 136 1408 mone,
153 1377 297 1412 Pomponi,
316 1376 547 1411 quemadmodum
563 1385 708 1403 caveamus
726 1377 843 1407 injure,

43 1420 90 1442 aut
101 1414 168 1450 quid
180 1414 214 1440 de
225 1423 333 1449 quaque
345 1413 540 1440 consultatione
551 1414 774 1449 respondeamus.
805 1414 846 1441 Sit

43 1454 94 1480 ista
106 1462 148 1479 res
159 1460 265 1488 magna,
279 1452 350 1478 sicut
360 1456 413 1484 est3
430 1460 499 1486 quae
511 1452 648 1487 quondam
660 1461 674 1478 a
686 1451 779 1479 multis
790 1451 846 1478 ela—

43 1491 81 1517 ris
97 1490 179 1521 viris,
198 1498 269 1516 nunc
285 1489 318 1515 ab
334 1498 388 1515 uno
403 1497 509 1515 summa
526 1490 681 1516 auctoritate
697 1494 723 1516 et
733 1490 845 1516 scientia

43 1528 206 1555 sustinetur:
229 1526 277 1552 sed
293 1526 371 1553 nobis
388 1527 423 1553 ita
435 1526 636 1561 complectenda
649 1528 675 1553 in
688 1527 737 1553 hac
748 1527 846 1562 dispu-

43 1566 142 1592 tatione
155 1569 206 1591 tota
217 1573 312 1590 caussa
324 1568 364 1590 est
375 1565 496 1590 universi
509 1565 576 1591 iuris
588 1573 617 1591 ac
630 1564 730 1600 legum,
743 1569 773 1592 ut
785 1564 843 1596 hoc,

43 1602 124 1630 civile
140 1602 213 1637 quod
229 1602 360 1632 dicimus,
378 1602 404 1627 in
422 1610 536 1636 parvum
552 1602 697 1637 quemdam
715 1607 740 1629 et
759 1611 847 1638 angu-

43 1646 116 1668 stum
128 1639 216 1666 locum
228 1638 558 1675 concludatu1·[naturae].
600 1640 699 1666 Natura
716 1640 787 1666 enim
803 1640 847 1666 iu-

44 1679 81 1705 ris
93 1676 252 1713 explicanda
264 1681 304 1703 est
315 1676 407 1707 nobiS‚
428 1685 513 1712 eaque
525 1677 559 1703 ab
570 1677 689 1704 hominis
702 1677 845 1712 repetenda

44 1719 153 1742 natura:
166 1713 377 1741 considerandae
390 1713 583 1750 leges,‹111ibus
595 1715 718 1741 civitates
731 1715 786 1750 regi
798 1714 847 1741 de-

43 1753 137 1780 beant:
161 1757 218 1779 tum
238 1752 303 1778 haec
320 1751 469 1783 tractanda,
491 1761 560 1787 quae
579 1753 726 1787 composita
743 1757 806 1779 sunt
821 1756 847 1778 et

52 1790 188 1825 lescripta,
198 1790 256 1816 iura
268 1793 293 1816 et
305 1789 377 1815 iussa
390 1789 561 1824 populorum,
571 1790 707 1825 inquibus
719 1798 751 1816 ne
763 1790 846 1816 nostri

44 1827 157 1863 quidem
173 1826 267 1862 populi
283 1826 415 1859 latebunt3
439 1835 507 1861 quae
526 1832 655 1854 vocantur
670 1828 728 1853 iura
742 1827 845 1854 civilia.

46 1866 88 1892 vt.
113 1866 152 1891 48.
174 1864 204 1897 Q.
226 1863 285 1890 Alte
297 1872 373 1894 vero,
392 1869 430 1895 et,
444 1869 598 1899 utoportet,
616 1865 741 1900 acapite.
756 1864 844 1895 frater,

45 1903 145 1937 repetis
159 1901 233 1937 quod
248 1901 419 1936 quaerimus:
444 1906 470 1928 et
483 1903 531 1936 qui
547 1902 624 1929 aliter
640 1903 682 1928 ius
698 1902 779 1929 civile
794 1907 847 1929 tra-

45 1941 126 1971 dunt.
141 1948 192 1966 non
205 1943 259 1965 tam
271 1939 404 1969 iustitiae,
422 1947 503 1973 quam
517 1938 641 1975 litigandi
655 1939 763 1966 tradunt
776 1940 845 1966 vias.

45 1978 82 2005 M.
96 1977 154 2004 Non
170 1981 210 2003 est
225 1976 273 2007 ita,
291 1975 403 2007 Quinte:
424 1984 453 2002 ac
470 1977 559 2011 potius
571 1977 702 2012 ignoratio
713 1977 780 2003 iuris
793 1976 848 2004 liti-

45 2016 120 2052 giosa
132 2018 180 2046 est,
194 2022 276 2049 quam
288 2013 410 2039 scientia.
452 2013 505 2039 Sed
517 2013 582 2039 haec
593 2015 738 2048 posterius.
770 2015 847 2040 Nunc

47 2053 114 2080 iuris
126 2051 260 2087 principia
272 2050 425 2077 videamus.

100 2090 185 2126 Igitur
205 2088 372 2115 doctissimis
394 2088 460 2113 viris
477 2087 611 2122 proficisci
627 2087 729 2122 placuit
743 2097 756 2114 a
773 2092 844 2123 tege:

46 2127 120 2155 haud
131 2127 187 2153 scio
198 2135 231 2152 an
247 2130 331 2157 recte,
349 2125 373 2151 si
389 2125 482 2156 modo,
500 2129 529 2151 ut
541 2125 623 2151 iidem
639 2125 786 2155 deliniunt.
805 2128 848 2152 Itur

46 2169 88 2192 est
98 2165 164 2191 ratio
176 2172 292 2194 summa,
306 2163 386 2189 insita
398 2163 423 2188 in
436 2166 538 2193 natura,
553 2171 623 2197 quae
635 2162 710 2189 iubet
721 2171 764 2193 ea,
778 2171 846 2198 quae

47 2201 169 2229 facienda
185 2205 262 2232 sunt,
281 2200 460 2235 prohibetque
476 2200 617 2227 contraria.
658 2200 759 2227 Eadem
781 2202 847 2226 ratio

46 2248 132 2276 quum
143 2243 184 2266 est
195 2239 222 2265 in
234 2238 353 2264 hominis
366 2242 453 2263 mente
464 2238 618 2264 conlirmuta
630 2242 656 2264 et
666 2238 794 2267 conset-ta.
805 2237 848 2264 lex

46 2282 96 2304 est.
140 2278 179 2303 49.
202 2276 294 2310 Itaque
310 2275 474 2301 arbitrantur
489 2274 660 2309 prudentiam
677 2283 736 2301 esse
749 2275 844 2310 legem,

46 2316 125 2342 cuius
137 2323 166 2341 ea
179 2314 220 2340 vis
231 2313 274 2343 sit,
289 2317 318 2339 ut
330 2316 398 2338 recte
411 2311 496 2338 facere
508 2313 608 2343 iubeat.
623 2317 693 2339 vetet
704 2312 848 2347 delinque-

47 2361 89 2380 re:
111 2360 225 2386 eamque
241 2358 298 2376 rem
315 2349 355 2376 illi
371 2349 472 2376 Graeco
489 2354 583 2384 putant
598 2351 720 2381 nomine.
738 2359 751 2375 a
766 2359 846 2376 suum

46 2390 145 2424 cuique
161 2387 313 2418 tribuendo,
327 2386 501 2422 appellatam,
525 2396 574 2422 ego
586 2392 684 2418 nostro,
697 2397 710 2414 a
724 2387 846 2423 legendo.

46 2428 115 2454 Nam
126 2431 155 2453 ut
166 2426 206 2452 illi
218 2426 370 2460 aequitatis,
379 2425 418 2450 sic
431 2433 478 2450 nos
489 2424 610 2451 delectus
623 2425 677 2451 vim
690 2425 716 2451 in
730 2424 787 2460 lege
800 2434 848 2459 po-
869 2437 871 2456 ¹.

47 2465 148 2496 nimus,
162 2468 187 2490 et
198 2463 336 2498 proprium
349 2467 436 2488 tamen
449 2466 594 2497 utrumque
607 2461 674 2497 legis
686 2466 735 2489 est.
769 2462 847 2494 Quod

47 2503 71 2529 si
83 2502 118 2529 ita
130 2506 199 2528 recte
210 2501 323 2531 dicitur,
341 2504 369 2526 ut
383 2499 450 2525 mihi
462 2499 573 2533 quidem
586 2499 747 2534 plerumque
760 2499 846 2525 videri

46 2539 127 2571 solet3
151 2546 165 2565 a
182 2538 240 2574 lege
255 2537 411 2564 ducendum
431 2541 471 2563 est
489 2537 556 2563 iuris
577 2536 732 2563 exordium:
755 2545 785 2562 ca
808 2541 848 2563 est

46 2577 119 2604 enim
132 2580 241 2602 naturae
253 2575 309 2606 vis,
325 2583 355 2601 ea
367 2583 443 2600 niens
455 2575 575 2609 ratioque
589 2573 742 2608 prudentis,
760 2582 789 2600 ea
805 2574 848 2600 iu-

46 2615 85 2641 ris
100 2617 180 2648 atque
196 2612 311 2639 iniuriae
327 2611 430 2648 regula.
472 2611 524 2638 Sed
540 2612 668 2646 quonium
685 2611 710 2637 iu
724 2611 847 2646 populari

47 2651 148 2678 ratione
159 2650 247 2677 omnis
260 2654 348 2676 nostra
360 2653 481 2676 versatur
487 2650 579 2680 oratio,
589 2648 753 2684 populariter
765 2649 847 2675 inter-

47 2689 113 2716 dum
129 2688 203 2724 loqui
219 2695 329 2715 necesse
343 2687 407 2719 erit,
429 2691 455 2714 et
469 2695 527 2714 eam
545 2686 645 2724 legem,
662 2695 731 2722 quae
746 2686 846 2722 scripto

588 365 619 391 V.
644 367 683 392 45.
705 366 773 391 Αττ.
795 364 842 390 At-
862 361 863 364 ¹

868 269 870 324 Ι,

892 253 1037 288 appellare.
1071 253 1258 279 Constituendi
1273 262 1335 279 vero
1350 253 1417 279 iuris
1429 252 1462 278 ab
1476 251 1522 278 illa
1534 261 1639 278 summa
1653 253 1689 278 le-

892 300 924 327 ge
941 292 1080 325 capiamus
1096 290 1251 321 exordium,
1272 299 1341 325 quae
1358 290 1473 316 saeculis
1488 290 1615 316 omnibus
1631 296 1690 316 ante

868 339 869 345 ι
893 333 952 355 nata
965 333 1014 359 est,
1023 337 1104 363 quam
1116 328 1214 362 scripta
1227 328 1269 354 lex
1281 328 1343 357 ulla,
1353 332 1397 354 ant
1409 336 1489 362 quam
1501 328 1610 353 omnino
1622 328 1691 353 civi-

893 371 932 393 tas
943 367 1097 392 constituta.
1138 367 1179 391 ΞΟ.
1202 365 1233 397 Q.
1255 365 1429 392 Commodius
1445 373 1508 390 vero
1523 369 1548 390 et
1563 364 1595 390 ad
1611 366 1690 391 ratio—

894 413 954 430 nem
971 404 1087 429 instituti
1106 404 1237 429 sermonis
1257 404 1416 437 sapientius.
1458 402 1492 427 M.
1516 402 1596 427 Visne
1617 411 1689 434 ergo,

894 442 981 476 ipsius
998 441 1065 466 iuris
1081 445 1168 466 ortum
1186 449 1198 466 a
1217 440 1286 466 sonte
1308 438 1477 474 repetamus?t
1496 448 1550 473 quo
1571 435 1689 469 invenio,

894 488 946 505 non
958 479 1007 504 erit
1018 478 1144 508 dubium,
1158 486 1211 512 quo
1223 478 1277 503 sint
1288 478 1353 503 haec
1365 476 1512 506 reserenda,
1526 485 1595 510 quae
1608 485 1692 511 quae-

894 517 989 542 rimus.
1020 515 1051 547 Q.
1065 515 1120 549 Ego
1136 524 1197 540 vero
1210 516 1242 541 ita
1256 514 1408 541 faciendum
1420 522 1479 539 esse
1490 522 1596 540 censeo.
1623 515 1690 540 Arr.

894 554 934 580 Me
946 561 1054 588 quoque
1066 552 1191 578 ascribito
1204 552 1291 578 fratris
1302 553 1459 578 sententiae.
1501 551 1536 577 M.
1558 552 1691 582 Quoniam

894 592 978 626 igitur
988 591 1047 616 eius
1060 589 1234 624 reipublicae,
1253 598 1333 624 quam
1348 590 1476 624 optimam
1492 597 1549 614 esse
1562 588 1652 614 docuit
1666 590 1691 615 in

895 628 950 654 illis
961 637 1009 654 sex
1022 627 1099 653 libris
1110 628 1208 661 ScipiO,
1223 627 1354 653 tenendus
1366 632 1406 652 est
1418 626 1495 652 nohis
1507 631 1531 651 et
1542 626 1693 652 servandus

894 671 988 695 status,
1002 673 1149 699 omnesque
1162 664 1234 699 leges
1245 663 1486 690 accommodandae
1498 663 1531 689 ad
1544 662 1610 689 illud
1623 664 1692 689 civi-

895 704 955 730 tatis
967 711 1066 738 genus,
1084 702 1191 728 serendi
1207 702 1286 728 etiam
1304 711 1403 732 mores,
1422 709 1469 726 nec
1484 701 1592 734 scriptis
1603 701 1692 727 onmia

895 740 1053 767 sancienda:
1072 744 1189 774 repetam
1202 740 1312 774 stirpem
1326 740 1393 765 iuris
1405 748 1418 765 a
1431 743 1536 767 natura,
1555 746 1607 772 qua
1625 738 1692 763 duce

895 782 935 804 est
946 778 1024 804 nobis
1035 777 1123 803 omnis
1135 777 1281 811 disputatio
1293 776 1462 811 explicanda.
1501 775 1540 800 Ar
1550 785 1568 800 ι’.
1593 776 1693 801 Rectis-

895 816 976 841 sime:
992 814 1139 849 etquidem
1151 815 1201 840 ista
1212 814 1280 840 duce
1292 815 1374 839 errari
1387 813 1460 839 nullo
1473 817 1547 845 paeto
1560 817 1654 845 potest.

949 852 1005 879 vlt.
1027 853 1068 877 ⁶24.
1096 852 1130 877 M.
1158 852 1242 877 Dasne
1265 852 1347 886 igitur
1368 851 1417 877 hoc
1439 849 1530 879 nobiS,
1554 849 1691 884 Pomponi,

895 889 966 925 (nam
979 889 1072 921 Quinti
1084 889 1145 914 novi
1157 888 1327 923 sententiam)
1338 888 1449 914 deorum
1462 887 1654 912 immortalium
1669 888 1694 912 vi

896 932 922 954 et
933 927 1147 956 natura,rati011e,
1162 931 1298 960 potestate,
1316 931 1413 955 mente,
1423 924 1543 953 numine,
1553 924 1611 949 sive
1622 924 1695 959 quod

896 969 937 991 est
951 964 1027 990 aliud
1043 963 1171 993 verbum,
1190 973 1243 997 quo
1255 963 1364 997 planius
1376 963 1527 997 significem
1539 962 1611 995 quod
1626 962 1692 992 volo,

896 1006 1019 1029 naturam
1030 1010 1137 1027 omnem
1151 1001 1225 1036 regi‘?
1245 1002 1311 1026 Nam
1323 1001 1345 1026 si
1360 1001 1407 1026 hoe
1420 1010 1471 1026 non
1488 998 1598 1032 probas,
1616 1000 1648 1025 ab
1665 1010 1695 1025 eo

897 1040 975 1066 nobis
986 1048 1081 1065 caussa
1092 1038 1220 1065 ordienda
1233 1043 1273 1064 est
1289 1039 1471 1072 potissimum.
1513 1036 1551 1061 Ατ
1561 1046 1579 1063 ι.
1603 1038 1638 1063 lto
1653 1046 1696 1063 sa-

897 1086 942 1108 ne,
970 1078 994 1103 si
1015 1076 1145 1111 postulas.
1187 1076 1292 1101 Etenim
1314 1081 1422 1110 propter
1444 1076 1515 1102 hunc
1536 1080 1695 1101 cont-eatam

896 1116 988 1142 avium
1001 1114 1198 1148 strepitumque
1210 1112 1362 1144 fluminum,
1378 1122 1429 1139 non
1444 1122 1547 1143 vereor,
1562 1112 1697 1138 condisci-

896 1152 1022 1187 pulorum
1035 1161 1067 1177 ne
1079 1152 1141 1186 quis
1153 1151 1290 1177 exaudiat.
1331 1151 1367 1177 M.
1384 1150 1466 1185 Atqui
1482 1150 1633 1177 cavendum
1646 1155 1694 1175 est.

896 1190 986 1216 Solent
996 1190 1078 1218 enim,
1092 1189 1118 1214 id
1130 1188 1201 1223 quod
1214 1189 1334 1214 virorum
1345 1188 1476 1214 bonorum
1489 1193 1536 1217 est„
1550 1187 1697 1213 admodum

897 1228 987 1254 irasci.
1028 1227 1082 1252 Nec
1094 1235 1157 1252 vero
1171 1225 1268 1256 serent,
1286 1226 1309 1251 si
1321 1225 1469 1256 audierint,
1487 1230 1510 1251 te
1523 1226 1641 1259 primum
1653 1233 1698 1250 ca-

897 1269 946 1300 put
958 1265 1008 1291 viri
1019 1264 1115 1298 optimi
1127 1263 1292 1298 prodidisse:
1318 1263 1343 1289 in
1360 1272 1414 1297 quo
1429 1264 1550 1297 scripsit,
1570 1263 1640 1288 Nihil
1652 1271 1697 1287 cu-

897 1311 958 1328 rare
969 1304 1050 1331 deum,
1063 1311 1108 1328 nec
1118 1305 1167 1330 sui,
1180 1310 1225 1326 ιιιί·
1235 1302 1322 1326 alieni.
1364 1302 1404 1326 22.
1422 1300 1457 1326 Δί
1466 1310 1487 1326 r.
1509 1301 1599 1334 Perge,
1613 1308 1698 1334 quae-

897 1348 939 1372 so;
955 1348 1016 1365 nam
1028 1338 1065 1369 id,
1079 1338 1151 1373 quod
1164 1338 1213 1364 tihi
1225 1338 1355 1364 concessi.
1369 1346 1485 1372 quorsus
1498 1338 1636 1372 pertineat,
1650 1345 1698 1362 ex-

897 1382 997 1412 specto.
1039 1377 1073 1402 M.
1097 1377 1154 1402 Non
1176 1375 1271 1401 faciam
1293 1375 1411 1409 longius.
1452 1376 1507 1401 line
1523 1375 1595 1400 enim
1616 1375 1698 1408 perti-

898 1420 955 1441 net:
970 1413 1069 1440 animal
1083 1414 1132 1440 hoe
1143 1413 1398 1448 providumsagax,
1409 1412 1561 1447 multiplex.
1576 1417 1695 1439 acutum.

898 1461 1013 1483 memor,
1032 1451 1143 1486 plenum
1160 1451 1270 1477 rationis
1286 1455 1311 1476 et
1327 1450 1447 1480 consilii,
1470 1458 1552 1484 quem
1570 1457 1697 1475 vocamus

897 1492 1029 1519 hominem,
1047 1488 1181 1524 praeclara
1193 1487 1310 1522 quadam
1322 1487 1473 1513 conditione
1486 1491 1642 1521 generatum
1655 1495 1698 1512 es-

898 1536 925 1554 se
938 1536 951 1553 a
963 1535 1090 1561 supremo
1102 1526 1162 1552 deo.
1185 1525 1278 1551 Solum
1291 1530 1330 1551 est
1341 1526 1413 1551 enim
1427 1534 1459 1550 ex
1473 1529 1509 1550 tot
1519 1524 1697 1550 animantium

897 1564 1044 1600 generibus
1056 1569 1135 1599 atque
1148 1564 1249 1589 naturis
1262 1563 1395 1597 particeps
1408 1563 1517 1588 rationis
1529 1562 1698 1595 ott-agitatio—

899 1603 954 1633 nis,
973 1610 1058 1637 quum
1070 1606 1156 1627 cetera
1171 1601 1225 1627 sint
1239 1601 1327 1626 omnia
1340 1601 1470 1634 expertia.
1511 1599 1586 1631 Quod
1599 1604 1638 1624 est
1651 1607 1699 1623 au—

899 1645 965 1671 tem,
984 1648 1035 1665 non
1052 1639 1139 1665 dicam
1158 1639 1183 1664 in
1202 1638 1322 1668 homine,
1346 1637 1394 1663 sed
1412 1638 1522 1663 inomni
1535 1636 1698 1670 caelumque

899 1682 980 1708 terra,
1004 1677 1103 1703 ratione
1120 1675 1261 1702 divinius?
1280 1675 1363 1709 (Quae
1382 1683 1467 1710 quum
1484 1674 1600 1701 adolevit
1619 1679 1698 1708 atqu«-

899 1714 1014 1750 perseeta
1030 1719 1083 1744 est.
1101 1714 1254 1740 nominatur
1269 1713 1317 1739 rite
1329 1712 1482 1747 sapientia.)
1521 1714 1563 1738 23.
1587 1712 1631 1737 list
1647 1712 1699 1745 igi-

899 1758 950 1783 tur,
964 1753 1092 1787 quoniam
1105 1750 1172 1778 nihil
1185 1755 1225 1777 est
1236 1751 1336 1776 ratione
1349 1749 1460 1779 melius,
1478 1758 1563 1783 eaque
1574 1754 1598 1775 et
1611 1750 1637 1774 in
1651 1748 1700 1774 ho—

900 1791 972 1816 mine
984 1794 1009 1816 et
1023 1790 1048 1815 in
1061 1789 1119 1819 deo,
1138 1789 1224 1823 prima
1242 1788 1344 1814 homini
1356 1796 1418 1813 cum
1430 1787 1480 1813 deo
1493 1787 1602 1812 rationis
1614 1786 1700 1812 socie-

900 1832 949 1854 tas.
987 1828 1056 1853 lutei·
1067 1835 1135 1861 quos
1148 1831 1235 1852 autem
1249 1826 1323 1856 ratio,
1338 1825 1406 1851 inter
1417 1824 1524 1851 eosdem
1537 1825 1616 1850 etiam
1631 1829 1699 1849 recta

900 1865 965 1891 ratio
977 1864 1130 1891 eommunis
1141 1868 1190 1889 est.
1225 1864 1298 1895 Quae
1309 1871 1394 1897 quum
1406 1863 1440 1888 sit
1453 1862 1504 1891 lex,
1523 1861 1579 1895 lege
1591 1870 1700 1896 quoque

899 1903 1043 1929 consociati
1066 1901 1188 1927 homines
1204 1909 1265 1926 eum
1282 1900 1335 1926 diis
1352 1899 1463 1934 putandi
1483 1908 1589 1925 sumus.
1631 1899 1700 1924 luter

899 1948 967 1975 quos
983 1948 1060 1974 porro
1076 1944 1116 1965 est
1131 1939 1285 1965 communio
1303 1937 1384 1971 legis,
1403 1938 1472 1963 inter
1487 1945 1532 1962 eos
1546 1936 1701 1962 communio

900 1978 967 2003 iuris
984 1981 1033 2003 est.
1074 1976 1180 2008 Quibus
1197 1980 1284 2001 autem
1302 1975 1366 2001 haec
1383 1979 1445 2000 suut
1463 1973 1542 2010 [iuter
1557 1972 1611 2009 eos]
1628 1982 1700 1999 eoin-

900 2015 1007 2045 munia,
1025 2014 1144 2040 civitatis
1158 2013 1281 2039 eiusdem
1294 2012 1411 2038 habendi
1424 2016 1496 2038 sunt.
1538 2011 1565 2037 Si
1580 2020 1641 2036 vero
1654 2012 1700 2036 iis-

899 2051 961 2077 dem
974 2052 1096 2086 imperiis
1107 2056 1133 2077 et
1144 2050 1321 2085 potestatibus
1333 2054 1425 2084 parent
1434 2070 1439 2079 ,
1457 2048 1541 2075 multo
1552 2049 1631 2075 etiam
1645 2057 1700 2073 nia-

899 2089 952 2124 gis.
994 2089 1089 2114 l'areut
1105 2093 1193 2114 autem
1212 2088 1275 2113 huic
1290 2087 1400 2113 caelesti
1416 2087 1590 2121 descriptioni
1604 2086 1700 2111 menti-

899 2134 953 2161 que
964 2125 1073 2151 divinae
1085 2130 1110 2150 et
1122 2125 1286 2159 praepotenti
1302 2124 1364 2156 duo,
1384 2129 1412 2150 ut
1428 2125 1478 2149 iam
1497 2124 1640 2149 univi-rsus
1657 2122 1700 2148 hit·

900 2162 1019 2189 mundus
1036 2171 1087 2188 una
1102 2163 1198 2188 civitas
1215 2162 1249 2187 sit
1264 2161 1417 2187 communis
1433 2161 1544 2187 deorum
1561 2165 1639 2194 atque
1653 2159 1699 2184 hn-

900 2202 1004 2226 minum
1017 2198 1207 2225 existimanda.
1250 2199 1293 2226 tit.
1307 2198 1379 2233 quod
1393 2199 1418 2224 in
1431 2198 1588 2224 civitatibus
1600 2197 1699 2222 ratium·

900 2237 1026 2272 quadam¹
1041 2236 1073 2262 de
1085 2244 1138 2271 qua
1150 2235 1255 2262 dicetur
1266 2235 1361 2261 idoneo
1374 2235 1444 2265 loeo,
1457 2234 1647 2269 agitationibus
1662 2233 1698 2259 sa-

901 2275 1037 2301 miliaruin
1053 2273 1260 2307 distinguuntur
1275 2278 1375 2303 status,
1403 2272 1428 2298 id
1447 2273 1473 2298 in
1496 2281 1583 2298 rerum
1607 2277 1698 2297 natma

901 2317 971 2338 tauto
982 2316 1021 2337 est
1034 2311 1251 2345 magnificentius
1267 2315 1392 2344 tantoque
1409 2309 1584 2344 praeclarius.
1609 2314 1636 2334 ut
1653 2308 1699 2333 ho-

901 2350 987 2375 tuiues
999 2348 1110 2374 deorum
1123 2348 1263 2381 agnatione
1275 2352 1299 2373 et
1310 2352 1388 2381 gente
1401 2352 1548 2373 teia-uritur.

956 2387 1022 2413 Vlll.
1046 2387 1086 2412 215.
1110 2386 1176 2411 Nam
1193 2393 1278 2420 quum
1294 2384 1327 2410 de
1344 2389 1436 2410 natura
1453 2384 1570 2409 huminis
1591 2384 1698 2417 quaeri-

901 2429 951 2454 tur,
965 2423 1098 2458 disputari
1109 2422 1185 2452 solet.
1199 2424 1233 2457 (et
1246 2422 1373 2448 nimirum
1391 2423 1424 2447 ita
1436 2426 1508 2449 siunt.
1519 2425 1544 2445 ut
1557 2419 1699 2454 disputan-

901 2461 963 2494 tur.)
971 2461 1107 2495 perpetuis
1118 2457 1699 2492 cursibuscunversionibusquecaelestibus

900 2499 1036 2525 exstitisse
1052 2497 1198 2533 quamdam
1215 2498 1394 2523 maturitatem
1410 2495 1515 2521 serendi
1528 2495 1635 2528 generis
1649 2495 1700 2521 hu-

901 2536 986 2566 mani,
1002 2535 1073 2570 quod
1086 2544 1210 2569 sparsum
1224 2535 1250 2560 iu
1263 2539 1344 2560 terras
1356 2539 1435 2568 atque
1446 2538 1534 2558 satum
1546 2532 1640 2558 divino
1651 2541 1698 2558 au-

899 2579 972 2600 ctum
984 2573 1019 2599 sit
1029 2574 1181 2599 animorum
1195 2580 1314 2598 munere.
1355 2572 1499 2605 Quumque
1514 2569 1579 2598 alia.
1597 2569 1699 2604 quihus

900 2610 1073 2637 cohaererent
1094 2610 1230 2639 homines,
1254 2617 1267 2634 e
1289 2608 1393 2635 mortali
1408 2616 1506 2643 genere
1521 2608 1697 2642 sumpserint.

900 2657 968 2683 quae
981 2647 1085 2683 fragilia
1097 2652 1186 2673 essent
1197 2651 1223 2672 et
1238 2646 1353 2677 cadum-ir,
1376 2646 1497 2672 aniinum
1512 2654 1571 2671 esse
1589 2646 1698 2680 ingone-

901 2690 986 2712 ratum
999 2694 1012 2711 a
1025 2684 1084 2712 deo.
1111 2685 1150 2711 Ex
1164 2693 1218 2719 quo
1231 2692 1290 2710 vere
1305 2683 1345 2709 vel
1358 2683 1464 2719 agnatio
1477 2682 1554 2710 uobis
1565 2691 1628 2709 cuni
1639 2691 1699 2708 rae-
