1941 3052
335 143 388 169 DE
422 142 609 171 OPTIMO
642 143 839 171 GENERE
875 143 1156 170 ORATORUM.

74 213 234 246 valetudine,
255 213 303 241 sed
316 215 395 246 vires,
412 214 530 247 lacertos,
547 215 706 251 sanguinem
720 219 861 250 quaerunt,

73 252 217 287 quamdam
239 253 317 278 etiam
341 252 499 279 suavitatem
522 253 629 284 coloris,
655 261 698 279 eos
718 253 862 283 imitemur,

73 291 96 316 si
110 298 268 324 possumus;
291 289 332 316 sin
346 289 445 321 minus,
461 290 522 316 illos
537 291 635 324 potius⁷
651 290 698 325 qui
713 290 864 324 incorrupta

73 327 183 353 sanitate
202 331 274 358 sunt,
295 326 377 362 (quod
393 331 434 353 est
451 328 588 362 proprium
602 327 770 361 Atticorum,)
783 335 865 362 quam

72 372 127 395 eos,
142 373 257 398 quorum
271 364 366 390 vitiosa
381 364 543 391 abundantia
557 369 604 395 est,
618 364 711 399 quales
721 365 783 390 Asia
795 364 866 390 mul-

73 406 112 428 tos
127 401 196 427 tulit.
217 403 241 427 9.
257 401 333 433 Quod
346 410 432 436 quum
447 401 583 433 faciemus,
596 401 628 437 (si
642 401 720 428 modo
734 401 761 427 id
775 402 865 436 ipsum

73 447 261 474 assequemur3
291 443 331 465 est
356 440 427 465 enim
454 438 655 474 permagnum)
673 439 821 470 imitemur,
842 438 865 464 si

72 476 232 510 poterimus,
253 476 360 512 Lysiam
380 480 405 502 et
418 477 476 502 eius
490 477 600 511 quidem
614 477 768 502 tenuitatem
783 476 866 510 potis-

73 514 186 545 simum3
222 517 262 539 est
283 514 354 539 enim
377 513 470 540 multis
501 514 564 540 locis
587 513 720 549 grandior,
741 513 788 539 sed
802 514 865 547 quia

74 555 100 576 et
124 551 241 585 privatas
264 550 308 577 ille
326 551 468 585 plerasque
494 556 520 577 et
542 559 585 577 eas
608 551 679 585 ipsas
693 550 753 576 aliis
767 555 792 576 et
806 559 866 584 par-

72 596 167 614 varum
186 596 275 614 rerum
298 588 435 614 caussulas
458 589 573 622 scripsit,
598 587 705 613 videtur
721 596 779 613 esse
798 588 866 613 ieiu-

72 625 143 657 nior,
169 634 254 660 quum
278 634 306 651 se
324 626 382 660 ipse
404 625 524 652 consulto
544 625 577 651 ad
599 625 763 651 minutarum
785 633 866 659 gene-

72 671 100 688 ra
126 671 282 689 caussarum
306 662 446 689 limaverit.
486 663 528 689 IV.
553 661 629 694 Quod
652 662 699 696 qui
723 662 759 688 ita
777 661 862 692 faciet,

72 704 111 731 ut,
131 700 154 726 si
172 700 262 735 cupiat
279 700 386 726 uberior
403 708 469 730 esse,
486 708 537 726 non
552 700 644 734 possit,
661 699 789 725 habeatur
803 708 865 725 sane

72 741 170 769 orator,
199 737 246 764 sed
272 737 304 763 de
330 737 494 769 minoribus;

72 775 151 800 etiam
174 774 220 801 illo
242 774 320 801 modo
342 783 420 809 saepe
443 773 587 800 dicendum
610 778 650 800 est
669 774 695 799 in
710 773 755 799 tali
769 782 865 809 genere

71 820 236 838 caussarum.
270 813 310 837 40.
330 812 367 837 Ita
390 811 425 842 fit,
448 816 477 838 ut
491 811 680 837 Demosthenes
698 815 767 837 certe
781 811 865 845 possit

73 849 217 875 summisse
241 848 337 880 dicere,
362 848 428 875 elate
452 849 545 884 Lysias
569 848 679 875 fortasse
698 857 749 874 non
768 849 863 882 possit.

72 885 124 912 Sed
147 886 170 913 si
185 886 277 913 eodem
299 886 378 913 modo
400 890 508 921 putant⁷
532 886 649 912 exercitu
676 886 704 912 in
722 885 777 912 soro
795 890 820 911 et
838 886 865 911 in

71 923 197 950 omnihus
210 923 327 958 templis,
343 932 411 959 quae
425 924 526 950 circum
540 923 627 950 forum
642 928 712 954 sunt,
728 922 863 954 collocato,
885 928 887 935 ’

71 961 125 988 dici
138 969 186 996 pro
200 961 297 987 Milone
310 961 441 993 decuisse,
455 966 484 987 ut
497 961 519 987 si
534 961 566 987 de
580 969 607 986 re
621 961 723 995 privata
737 960 769 986 ad
780 969 865 986 unum

71 998 189 1025 iudicem
212 998 372 1030 diceremus,
398 999 453 1024 vim
478 998 644 1033 eloquentiae
662 1007 711 1024 sua
730 997 862 1028 facultate,

71 1044 124 1062 non
142 1036 180 1062 rei
198 1040 292 1062 natura
310 1036 466 1062 metiuntur.
503 1037 542 1062 lt.
558 1035 644 1068 Quare
658 1036 784 1070 quoniam
799 1044 865 1061 non-

72 1073 208 1100 nullorum
226 1082 314 1100 sermo
326 1074 380 1100 iam
394 1073 548 1105 increbruit,
569 1073 664 1108 partim
680 1073 783 1107 seipsos
797 1072 866 1098 Atti-

71 1119 101 1137 ce
122 1110 218 1142 dicere,
242 1111 339 1145 partim
357 1111 491 1137 neminem
510 1114 630 1137 nostrum
649 1110 749 1141 dicere,
770 1110 865 1136 alteros

71 1147 253 1184 negligamus;
300 1149 364 1174 satis
395 1148 466 1174 enim
492 1148 535 1174 his
561 1156 602 1174 res
628 1149 687 1183 ipsa
713 1147 862 1182 respondet,

71 1194 156 1220 quum
179 1190 224 1212 aut
246 1194 298 1212 non
320 1185 497 1212 adhibeantur
520 1185 553 1212 ad
570 1194 679 1211 caussas
693 1189 738 1211 aut
751 1185 865 1211 adhibiti

71 1223 254 1257 derideantur3
285 1232 346 1249 nam
369 1224 392 1249 si
410 1221 620 1259 arridere[n]tur,
641 1227 712 1249 esset
728 1222 757 1249 id
775 1223 866 1257 ipsum

70 1260 228 1287 Atticorum.
262 1260 315 1287 Sed
329 1261 377 1295 qui
391 1260 443 1287 dici
457 1269 470 1287 a
484 1260 561 1287 nobis
575 1260 661 1287 Attico
675 1269 747 1286 more
761 1259 863 1291 nolunt,

72 1298 124 1332 ipsi
147 1302 235 1324 autem
257 1306 285 1324 se
307 1307 359 1324 non
381 1302 495 1324 oratores
519 1306 578 1324 esse
600 1297 764 1332 profitentur,
786 1298 808 1323 si
828 1301 867 1323 te-

72 1339 139 1361 retes
166 1343 243 1361 aures
270 1335 368 1362 habent
392 1335 599 1371 intelligensque
625 1335 770 1366 iudicium,
799 1338 867 1361 tam-

71 1381 153 1407 quam
175 1373 208 1398 ad
222 1373 353 1407 picturam
376 1372 538 1407 probandam
558 1372 718 1398 adhibentur
732 1372 811 1398 etiam
825 1372 867 1398 in-

72 1410 120 1436 scii
140 1409 253 1436 faciendi
273 1419 334 1436 cum
349 1410 438 1445 aliqua
452 1409 567 1436 sollertia
581 1409 732 1442 iudicandi3
769 1410 808 1436 ⁴2.
824 1409 866 1435 sin

72 1451 161 1473 autem
175 1447 378 1483 intelligentiam
392 1451 495 1482 ponunt
508 1447 536 1473 in
550 1446 676 1473 audiendi
691 1446 806 1477 fastidio,
820 1454 867 1472 ne-

71 1493 124 1519 que
137 1493 183 1511 eos
195 1484 343 1520 quidquam
358 1484 494 1511 excelsum
506 1484 733 1520 magnificumque
744 1483 864 1515 delectat,

71 1521 168 1553 dicant,
194 1530 223 1548 se
249 1522 348 1548 subtile
367 1522 496 1557 quiddam
515 1526 540 1548 et
559 1521 672 1556 politum
691 1521 769 1552 velle,
785 1529 866 1557 grave

71 1563 247 1594 ornatumque
273 1563 455 1592 contemnere;
484 1559 512 1585 id
535 1567 597 1585 vero
622 1559 745 1585 desinant
766 1558 863 1589 dicere,

71 1597 119 1632 qui
141 1596 277 1623 subtiliter
295 1596 392 1628 dicant,
413 1605 457 1623 eos
477 1596 547 1623 solos
564 1596 650 1622 Attice
668 1596 764 1627 dicere,
784 1596 813 1622 id
827 1600 867 1622 est

71 1634 149 1669 quasi
171 1634 240 1660 sicce
258 1638 284 1660 et
300 1634 416 1669 integre;
438 1638 464 1660 at
481 1633 568 1668 ample
587 1638 613 1660 et
629 1638 719 1660 ornate
738 1638 763 1659 et
776 1633 866 1668 copio-

71 1679 100 1697 se
125 1680 188 1698 cum
214 1671 306 1698 eadem
333 1672 494 1708 integritate,
515 1671 662 1698 Atticorum
688 1675 737 1697 est.
777 1670 866 1703 Quid‘?

71 1708 186 1735 dubium
209 1713 261 1741 est,
286 1713 377 1735 utrum
396 1709 540 1735 orationem
563 1713 679 1735 nostram
701 1707 865 1734 tolerabilem

73 1750 185 1778 tantum,
205 1755 238 1773 an
252 1747 331 1773 etiam
345 1746 530 1773 admirabilem
544 1755 603 1772 esse
616 1745 776 1781 cupiamus?
808 1746 866 1772 Non

72 1784 143 1810 enim
165 1784 219 1810 iam
240 1784 404 1818 quaerimus,
430 1783 496 1819 quid
518 1784 553 1810 sit
570 1783 663 1814 Attice,
685 1783 732 1810 sed
751 1783 818 1818 quid
831 1783 866 1809 sit

71 1821 171 1855 optime
196 1821 292 1848 dicere.
335 1823 372 1848 ⁴3.
399 1821 440 1848 Ex
461 1829 515 1856 quo
539 1821 710 1857 intelligitur,
738 1820 865 1856 qnoniam

72 1858 232 1885 Graecorum
260 1863 393 1885 oratorum
420 1859 641 1894 praestantissimi
669 1862 733 1885 sunt
759 1859 790 1889 ii,
819 1858 866 1893 qui

73 1894 181 1922 suerunt
206 1895 331 1928 Athenis,
352 1904 443 1923 eorum
467 1900 556 1922 autem
579 1896 702 1931 princeps
722 1895 799 1921 facile
816 1896 866 1921 De—

72 1933 234 1965 mosthenes,
255 1933 326 1960 hune
344 1934 367 1960 si
389 1934 451 1969 quis
469 1934 596 1965 imitetur,
612 1941 673 1959 eum
689 1937 714 1959 et
726 1933 811 1959 Attice
825 1932 866 1958 di-

72 1974 178 1997 cturum
197 1974 222 1997 et
235 1971 343 2005 optime,
360 1975 396 2002 ut,
413 1971 539 2006 quoniam
554 1970 632 1997 Attici
647 1970 722 1997 nobis
738 1970 866 2005 propositi

72 2012 136 2034 sunt
153 2007 186 2034 ad
202 2008 373 2040 imitandum,
393 2008 460 2034 bene
477 2008 565 2034 dicere
578 2008 606 2034 id
620 2008 654 2034 sit
668 2007 753 2034 Attice
767 2007 863 2034 dicere.

129 2082 159 2109 V.
185 2081 238 2108 Sed
251 2090 336 2117 quum
350 2082 377 2108 in
391 2090 422 2108 eo
436 2090 549 2117 magnus
559 2090 630 2108 error
644 2086 721 2113 esset,
735 2081 813 2116 quale
824 2090 866 2108 es-

72 2123 114 2145 set
126 2119 154 2145 id
168 2119 273 2146 dicendi
287 2127 382 2155 genus,
398 2120 490 2154 putavi
501 2119 567 2145 mihi
579 2119 782 2154 suscipiendum
793 2118 866 2145 labo—

72 2164 138 2188 rem,
154 2156 247 2183 utilem
262 2156 398 2188 studiosis,
411 2157 476 2182 mihi
490 2156 600 2191 quidem
616 2157 667 2191 ipsi
682 2165 733 2183 non
744 2165 866 2183 necessa—

73 2194 153 2220 rium.
177 2196 217 2221 Μ.
233 2194 356 2221 Converti
370 2194 442 2220 enim
456 2202 489 2220 ex
501 2193 595 2220 Atticis
609 2194 723 2220 duorum
738 2193 866 2229 eloquen-

73 2231 239 2258 tissimorum
271 2231 453 2258 nobilissimas
488 2231 617 2258 orationes
648 2232 717 2258 inter
744 2239 773 2257 se
803 2240 866 2258 con-

73 2269 179 2300 trarias,
207 2269 332 2296 Aeschini
358 2268 597 2303 Demosffienique,
626 2277 674 2295 nec
695 2269 813 2295 converti
837 2273 866 2295 ut
888 2294 889 2304 ,

74 2305 212 2341 interpres,
238 2306 285 2333 sed
303 2310 333 2332 ut
355 2310 440 2332 orator
458 2306 596 2332 sententiis
615 2305 712 2332 iisdem
730 2310 756 2332 et
775 2314 866 2332 earum
888 2306 889 2315 ¹

73 2342 166 2370 formis
190 2348 325 2379 tamquam
347 2343 449 2379 figuriS,
470 2343 558 2369 verbis
576 2343 609 2369 ad
623 2348 738 2370 nostram
753 2351 866 2370 consuc-
887 2346 889 2354 '

73 2380 193 2408 tudinem
211 2382 294 2416 aptis,
316 2381 344 2407 in
357 2381 458 2416 quibus
472 2389 524 2407 non
539 2380 650 2407 verbum
665 2389 712 2415 pro
726 2380 806 2407 verbo
820 2389 867 2407 ne-

73 2425 146 2444 cesse
170 2418 251 2445 habui
274 2418 392 2450 reddere,
417 2418 463 2444 sed
480 2426 566 2453 genus
584 2418 705 2444 omnium
724 2418 865 2444 verborum

73 2455 183 2490 vimque
197 2456 311 2482 servavi.
333 2456 390 2482 Non
405 2456 475 2481 enim
491 2464 520 2481 ea
535 2463 576 2481 me
591 2454 764 2481 adnumerare
776 2454 864 2481 lectori

93 2493 166 2519 utavi
189 2497 316 2528 oportere,
336 2493 384 2519 sed
403 2497 538 2528 tamquam
557 2492 716 2527 appendere.

73 2566 106 2594 ab
127 2567 182 2594 illis
205 2567 320 2604 exigant,
340 2568 388 2603 qui
406 2576 434 2594 se
452 2567 551 2594 Atticos
574 2566 675 2598 volunt,
696 2571 721 2592 et
739 2566 771 2592 ad
785 2575 866 2601 quam

72 2612 118 2631 eos
143 2605 221 2640 quasi
247 2604 388 2632 formulam
413 2605 519 2632 dicendi
546 2609 682 2635 revocent,
707 2603 864 2640 intelligant.

73 2640 126 2668 Sed
149 2642 266 2669 exoritur
283 2642 464 2678 Thucydides.

73 2680 209 2713 quantiam
232 2679 407 2707 admirantur.

533 745 630 772 magno
655 740 744 762 autem
770 737 862 762 oratori
885 761 886 766 ,

759 2493 798 2518 ⁴5.
820 2492 866 2518 llic
888 2509 889 2515 .

84 2529 147 2557 abor
164 2539 240 2557 meus
260 2530 309 2557 hoc
327 2535 492 2566 assequetur,
515 2534 543 2556 ut
558 2530 639 2556 nostri
654 2529 784 2560 homines,
800 2529 866 2564 quid
888 2537 889 2542 ¹

503 2642 570 2668 Eius
593 2642 664 2668 enim
688 2641 797 2676 quidam
812 2640 867 2667 elo—
888 2658 896 2670 ,1

447 2679 476 2707 Id
499 2679 609 2715 quidem
628 2683 710 2712 recte,
733 2678 781 2706 scd
798 2677 865 2706 nihil
888 2679 889 2706 j

1191 142 1210 170 C
1224 144 1245 170 A
1259 143 1289 169 P.
1325 145 1333 169 l
1358 158 1394 163 —-
1414 144 1440 169 7.
1657 146 1700 170 201

917 213 949 240 ad
963 223 1025 240 eum
1039 218 1176 245 oratorem,
1192 222 1272 249 quem
1286 214 1450 249 quaerimus.
1491 213 1572 240 Aliud
1587 219 1626 240 est
1635 215 1706 242 enim

917 251 1049 286 explicare
1072 260 1113 277 res
1135 256 1223 287 gestas
1247 251 1384 282 narrando,
1406 250 1479 277 aliud
1498 252 1707 287 argumentando

917 289 1051 315 criminari
1073 289 1208 315 crimenve
1226 288 1385 321 dissolvere3
1420 288 1495 315 aliud
1508 289 1655 315 narratione
1669 294 1707 314 te-

917 334 978 352 nere
1004 326 1164 357 auditorem,
1192 326 1265 352 aliud
1286 327 1427 352 concitare.
1466 327 1506 352 ⁴6.
1534 326 1567 352 At
1590 325 1708 360 loquitur

916 363 1037 398 pulchre.
1078 364 1148 389 Num
1163 363 1268 394 melius,
1284 372 1365 398 quam
1379 363 1469 390 Plato‘?
1494 364 1607 389 Necesse
1620 368 1707 389 tamen

917 404 956 426 est
978 401 1081 432 oratori,
1101 409 1182 435 quem
1200 402 1364 435 quaerimus,
1384 401 1577 427 controversias
1591 400 1709 435 explica-

917 446 943 464 re
968 437 1085 464 forenses
1108 438 1214 464 dicendi
1237 447 1334 473 genere
1355 442 1416 473 apto
1441 438 1474 464 ad
1492 438 1655 469 docendum,
1676 438 1709 463 ad

916 475 1110 506 delectandum,
1136 475 1169 501 ad
1187 475 1407 510 permovendum.
1448 476 1490 501 vl.
1509 475 1596 507 Quare
1610 475 1632 501 si
1646 475 1709 509 quis

916 513 973 543 erit,
999 513 1047 547 qui
1071 512 1237 548 Thucydidio
1259 521 1356 548 genere
1377 521 1485 539 caussas
1504 514 1531 539 in
1549 512 1605 539 foro
1622 512 1711 538 dictu·

917 558 976 575 rum
999 558 1027 575 se
1046 558 1104 576 esse
1118 550 1279 584 profiteatur,
1296 551 1318 576 is
1333 550 1483 576 abhorrebit
1498 551 1576 576 etiam
1591 559 1604 576 a
1619 550 1710 584 suspi-

916 587 990 613 cione
1013 587 1084 617 eius,
1113 587 1185 621 quod
1212 592 1332 613 versatur
1357 588 1384 614 in
1408 596 1435 613 re
1456 587 1529 614 civili
1553 592 1578 614 et
1600 586 1707 613 forensi.

917 623 967 656 Qui
992 623 1175 659 Thucydidem
1199 624 1329 655 laudabit,
1367 633 1430 651 suae
1453 630 1568 651 nostram
1596 624 1711 651 ascribat

917 661 1084 687 sententiam.
1121 662 1160 687 ⁴7.
1181 661 1251 693 Quin
1270 662 1359 696 ipsum
1377 663 1525 693 Isocratem,
1545 670 1625 697 quem
1640 662 1710 688 divi-

917 707 968 724 nus
986 702 1077 724 auctor
1094 698 1176 729 Plato,
1192 708 1273 724 suum
1288 698 1341 725 sere
1355 699 1502 734 aequalem,
1519 699 1710 725 admirabiliter

916 736 943 762 in
959 735 1077 761 Phaedro
1092 735 1193 762 laudari
1212 735 1274 762 fecit
1287 736 1319 762 ab
1339 736 1452 767 Socrate,
1469 745 1604 771 quemque
1617 745 1710 763 omnes

915 772 985 799 docti
1003 781 1141 799 summum
1159 778 1288 799 oratorem
1306 782 1364 799 esse
1382 773 1515 805 dixerunt,
1537 779 1624 800 tamen
1638 774 1710 800 hunc

916 810 943 836 in
967 819 1078 836 numero
1096 819 1148 836 non
1167 819 1274 845 repono.
1314 812 1372 837 Non
1390 812 1460 837 enim
1478 812 1505 837 in
1520 812 1575 837 acie
1590 816 1710 837 versatur

917 852 942 873 et
955 847 1032 879 ferro,
1052 847 1099 874 sed
1113 849 1191 883 quasi
1205 848 1319 874 rudibus
1333 849 1391 874 eius
1405 848 1490 875 eludit
1503 849 1593 874 oratio.
1631 849 1652 874 A
1668 857 1710 874 me

917 889 1005 911 autem
1024 884 1063 920 (ut
1080 894 1141 911 cum
1160 886 1284 912 maximis
1303 886 1412 912 minima
1426 885 1569 921 conseram)
1582 885 1710 921 gladiato-

916 931 976 948 rum
1002 931 1050 957 par
1070 922 1270 949 nobilissimum
1288 923 1438 954 inducitur,
1463 923 1621 954 Aeschines,
1643 927 1709 949 tam·

916 968 997 995 quam
1011 960 1183 992 Aeserninus,
1201 965 1230 987 ut
1243 961 1279 987 ait
1292 960 1421 991 Lucilius,

990 1023 1041 1040 non
1053 1023 1162 1047 spurcus
1175 1016 1255 1045 homo,
1269 1017 1313 1041 sed
1324 1018 1412 1041 doctus
1426 1019 1449 1041 et
1462 1023 1531 1045 acer,

954 1060 1010 1077 cum
1024 1051 1177 1078 Pacideiano
1191 1054 1231 1078 hie
1245 1056 1410 1086 componitur,
1423 1054 1524 1086 optimu'
1540 1053 1610 1085 lonqe

950 1093 1008 1121 post
1021 1090 1133 1115 homines
1146 1094 1228 1116 natos.

917 1145 989 1172 Nihil
1012 1146 1083 1173 enim
1106 1146 1153 1173 illo
1170 1151 1271 1173 oratore
1289 1147 1400 1174 arbitror
1417 1147 1525 1182 cogitari
1543 1154 1621 1181 posse
1640 1145 1710 1172 divi-

917 1184 988 1210 nius.
1030 1186 1070 1210 ⁴8.
1095 1184 1162 1211 Huic
1176 1184 1260 1211 labori
1280 1189 1368 1211 nostro
1385 1184 1439 1210 duo
1457 1193 1553 1220 genera
1568 1183 1710 1218 reprehen—

917 1229 1008 1248 sorum
1022 1226 1202 1256 opponuntur.
1222 1222 1311 1248 Unum
1326 1222 1388 1248 hoc:
1404 1222 1502 1248 Verum
1517 1220 1614 1247 melius
1628 1220 1710 1247 Grae-

917 1259 954 1291 ci3
978 1267 992 1284 a
1005 1267 1059 1293 quo
1072 1264 1222 1294 quaeratur,
1239 1259 1335 1294 ecquid
1349 1260 1452 1294 possint
1465 1260 1516 1294 ipsi
1531 1258 1628 1284 melius
1640 1258 1711 1284 Lati-

918 1295 968 1322 ne‘?
990 1296 1117 1323 alterum:
1139 1296 1210 1329 Quid
1231 1297 1295 1323 istas
1314 1297 1402 1332 potius
1422 1296 1516 1332 legam,
1532 1304 1613 1331 quam
1628 1295 1711 1322 Grae-

917 1332 979 1359 cas‘?
1007 1333 1090 1360 Iidem
1109 1334 1237 1360 Andriam
1255 1339 1280 1360 et
1294 1334 1477 1370 Synephebos,
1494 1342 1542 1360 nec
1556 1333 1646 1359 minus
1660 1333 1711 1359 Te-

918 1371 1034 1396 rentium
1048 1376 1073 1397 et
1086 1371 1240 1402 Caecilium,
1257 1380 1338 1406 quani
1349 1371 1523 1398 Menandrum
1536 1370 1640 1406 leguut;
1663 1379 1710 1396 nec

917 1408 1129 1435 Andromacham
1153 1414 1198 1435 aut
1219 1409 1360 1443 Antiopam
1383 1413 1428 1435 aut
1450 1408 1584 1444 Epigonos
1603 1407 1710 1433 Latinos

918 1445 1064 1480 recipiant?
1096 1446 1149 1472 Sed
1171 1451 1258 1473 tamen
1280 1447 1398 1472 Ennium
1421 1450 1446 1472 et
1464 1445 1610 1471 Pacuvium
1624 1448 1650 1470 et
1662 1445 1710 1471 At-

919 1483 985 1508 tium
1004 1484 1103 1517 potius,
1128 1492 1209 1518 quam
1223 1483 1380 1518 Euripidem
1394 1487 1420 1509 et
1433 1482 1591 1517 Sophoclem
1607 1481 1708 1517 legunt.

918 1519 995 1552 Quod
1018 1521 1100 1556 igitur
1121 1525 1161 1547 est
1175 1529 1266 1547 eorum
1284 1522 1310 1547 in
1325 1520 1488 1547 orationibus
1503 1529 1516 1545 e
1535 1520 1634 1546 Graeco
1647 1528 1710 1546 con-

918 1558 1002 1584 versis
1017 1557 1164 1589 fastidium,
1182 1558 1287 1585 nullum
1301 1567 1386 1593 quum
1400 1558 1435 1584 sit
1449 1558 1475 1584 in
1490 1555 1627 1584 versibus?

974 1632 1027 1658 vu.
1045 1634 1085 1658 ⁴9.
1101 1632 1153 1658 Sed
1168 1632 1354 1668 aggrediamur
1368 1641 1428 1663 iam,
1445 1631 1516 1666 quod
1528 1632 1707 1666 suscepimus,

917 1669 940 1695 si
959 1670 1034 1704 prius
1057 1671 1270 1705 exposuerimus,
1287 1678 1355 1705 quae
1369 1678 1462 1695 caussa
1476 1670 1503 1695 in
1519 1669 1648 1695 indicium
1664 1668 1710 1694 de-

917 1706 997 1733 ducta
1022 1707 1066 1733 sit.
1107 1707 1197 1739 Quum
1216 1712 1286 1734 esset
1309 1707 1351 1733 lex
1372 1706 1496 1737 Athenis,
1521 1715 1554 1732 *se
1577 1714 1643 1736 onis
1666 1715 1710 1731 ro-

919 1753 983 1771 Ρυιι
1002 1753 1109 1771 serrum
1132 1753 1280 1776 racensr,
1306 1754 1339 1772 υτ
1360 1753 1511 1775 ουιεουᾼιι
1531 1752 1644 1770 conon
1663 1752 1711 1769 no-

918 1790 1053 1809 mnerun
1078 1790 1107 1808 lu
1131 1791 1316 1809 nAcisrnAru
1342 1791 1438 1813 rarus,
1464 1790 1541 1812 Qum
1567 1789 1711 1807 tiniosi—:s

918 1828 1111 1853 ineruisse-m
1149 1824 1175 1846 et
1201 1820 1281 1846 altera
1312 1819 1367 1851 lex,
1396 1828 1460 1850 eos,
1482 1828 1530 1849 Qu:
1557 1828 1571 1845 Λ
1602 1827 1711 1844 rorum

918 1865 1122 1888 nomneurun,
1144 1866 1172 1883 in
1191 1866 1334 1884 CONCIONE
1354 1865 1462 1883 nonni
1482 1865 1610 1889 venerim
1633 1864 1681 1886 Qun
1696 1865 1711 1881 Λ

919 1892 1066 1931 [sewum]
1089 1903 1116 1920 in
1137 1903 1261 1926 senno,
1296 1894 1486 1920 Demosthenes
1509 1899 1612 1920 curator
1626 1893 1710 1919 muris

917 1931 1066 1958 reficiendis
1090 1931 1141 1958 fuit
1163 1940 1262 1967 eosque
1285 1931 1375 1958 refecit
1398 1931 1509 1966 pecunia
1527 1940 1588 1962 sua·⁷
1611 1930 1643 1957 de
1662 1930 1711 1957 hoc

917 1969 1000 2004 igitur
1013 1969 1157 2004 Ctesiphon
1171 1970 1268 1996 scitum
1281 1969 1350 2000 fecit,
1364 1968 1445 1995 nullis
1456 1969 1488 1994 ab
1503 1968 1548 1995 illo
1563 1968 1710 1994 rationibus

917 2006 1015 2038 relatis,
1032 2011 1061 2032 ut
1074 2015 1168 2033 corona
1183 2016 1261 2033 aurea
1275 2007 1417 2033 donaretur
1430 2014 1513 2040 eaque
1523 2005 1629 2032 donatio
1640 2005 1711 2031 lieret

917 2044 944 2070 in
968 2044 1076 2075 theatro,
1097 2044 1196 2079 populo
1214 2049 1363 2075 convocato,
1380 2044 1427 2078 qui
1443 2043 1515 2070 locus
1531 2052 1582 2069 non
1596 2047 1635 2069 cst
1649 2052 1711 2069 con·

917 2082 1001 2107 cionis
1016 2081 1158 2117 legitimae,
1174 2086 1253 2117 atque
1268 2082 1302 2108 itu
1314 2081 1516 2116 praedicaretur,
1530 2090 1587 2107 suu
1603 2088 1709 2106 Domui

919 2127 1053 2145 viiii-uris
1082 2128 1156 2146 aneo
1185 2127 1507 2149 asxsvotmrmrous,
1533 2127 1610 2148 Qum
1637 2126 1710 2143 enen

919 2165 1049 2182 euentum
1069 2165 1278 2182 aremarensem
1300 2165 1443 2182 uAnsner.
1475 2157 1516 2182 20.
1537 2155 1611 2181 Hunc
1630 2155 1711 2189 igitur

917 2193 1116 2228 Ctesiphontem
1139 2194 1166 2220 in
1185 2194 1314 2220 iudicium
1334 2193 1446 2219 adduxit
1463 2192 1617 2222 Aeschines,
1638 2191 1710 2226 quod

917 2235 1007 2257 contra
1030 2230 1102 2266 leges
1125 2231 1286 2266 scripsisset.
1308 2235 1337 2257 ut
1350 2235 1376 2256 et
1393 2230 1540 2256 rationibus
1556 2238 1606 2255 non
1621 2229 1710 2255 relatis

917 2276 1012 2294 corona
1033 2267 1175 2294 donaretur
1193 2273 1218 2294 et
1232 2273 1261 2294 ut
1275 2269 1301 2294 in
1318 2268 1426 2298 theatro,
1442 2272 1468 2293 et
1481 2266 1552 2301 quod
1567 2266 1599 2292 de
1614 2267 1710 2291 virtute

918 2306 976 2331 eius
991 2309 1016 2331 ct
1030 2305 1212 2331 benevolentia
1228 2305 1291 2331 salsa
1306 2305 1466 2339 scripsisset,
1479 2304 1604 2338 quoniam
1616 2304 1710 2329 Demo-

917 2342 1025 2368 sthenes
1048 2350 1096 2368 nec
1114 2343 1155 2369 vir
1173 2343 1258 2368 honus
1276 2347 1346 2368 osset
1360 2350 1407 2368 nec
1421 2341 1487 2367 beno
1503 2342 1612 2366 meritus
1627 2340 1658 2366 dc
1673 2341 1711 2366 ci-

919 2380 1006 2405 vitate.
1048 2379 1147 2405 Caussa
1167 2380 1223 2414 ipsu
1242 2379 1364 2405 abhorret
1382 2378 1426 2404 illa
1445 2377 1581 2413 quidemn
1598 2377 1710 2404 formula

917 2416 1120 2443 consuetudinis
1144 2421 1255 2447 nostrae,
1279 2416 1326 2442 sed
1344 2420 1383 2442 cst
1398 2424 1502 2450 magna.
1543 2415 1625 2441 Habet
1639 2415 1709 2441 enim

917 2459 942 2480 ct
962 2453 1050 2488 legum
1070 2454 1311 2488 interl›ri-tationem
1331 2453 1394 2479 satis
1409 2458 1512 2478 acutam
1527 2453 1554 2478 in
1570 2457 1710 2487 utramque

918 2496 1028 2526 partem,
1050 2496 1075 2516 et
1095 2492 1247 2517 meritorum
1263 2491 1288 2516 in
1308 2490 1501 2524 rempublicam
1516 2490 1708 2516 contentionem

917 2537 980 2554 sane
998 2537 1117 2563 gravem.
1144 2530 1184 2555 et.
1202 2529 1291 2563 ltaque
1303 2536 1396 2553 caussa
1412 2527 1461 2553 [uit
1474 2527 1608 2557 Aeschini,
1624 2535 1708 2561 quum

917 2566 975 2600 ipso
998 2574 1012 2591 a
1031 2566 1205 2592 Demosthene
1224 2570 1293 2591 esset
1310 2565 1404 2600 cupitis
1418 2569 1565 2595 accusatus,
1586 2564 1657 2599 quud
1674 2564 1710 2590 le-

916 2603 1049 2638 gationem
1063 2604 1205 2629 ementitus
1220 2607 1298 2633 esset,
1315 2607 1343 2628 ut
1357 2602 1502 2628 ulciscendi
1518 2602 1618 2628 inimici
1632 2611 1710 2628 caus-

917 2649 945 2666 sa
970 2640 1076 2666 nomino
1094 2640 1273 2675 Ctesiphontis
1292 2639 1421 2666 iudicium
1441 2639 1514 2666 lieret
1531 2639 1563 2665 de
1582 2639 1656 2665 [actis
1672 2638 1709 2664 sn-

1268 2678 1325 2704 Non
1343 2678 1414 2704 enim
1430 2682 1481 2704 tam
1497 2676 1579 2703 multu
1595 2676 1662 2702 dixit
1677 2676 1709 2702 de

1473 2726 1503 2750 26

918 2686 1015 2713 niaque
1032 2678 1226 2705 Demosthenis.
