1941 3052
220 128 281 153 ttfts»
772 123 826 146 ⁴213.
863 120 898 146 Μ.

217 198 305 232 pictis,
319 205 399 231 quam
414 193 489 220 multi
504 194 569 218 votis
584 194 636 217 vim
651 192 815 225 tempestatis
827 190 968 224 effugerint
982 190 1006 215 in

218 240 376 269 portumque
398 233 464 257 mlvi
487 231 687 264 potu-iwriiitss'u
715 229 749 254 lta
771 229 811 256 fit.
839 228 939 261 inquit;
969 226 1006 252 illi

217 272 288 298 enim
307 278 438 304 numu-'mi
456 268 518 302 mvii
535 271 610 295 sunt,
628 267 674 300 qui
692 265 829 297 naufragia
847 264 965 290 fecerunt
982 264 1007 290 in

218 317 338 342 ium-iquo-
355 307 498 340 pum-runt.
541 304 762 337 ldvmquequum
775 302 798 327 ei
811 302 947 336 naviganti
964 310 1009 326 ve-

216 351 309 371 ctores,
319 345 428 368 ..dm-rsa
437 346 590 375 tempestat(-
603 341 689 366 timidi
701 345 726 365 et
741 338 1010 374 perterriti.diccrcnt

218 392 268 409 non
283 381 377 407 iniuria
389 380 440 404 sihi
455 378 520 403 illud
538 377 669 405 nvi-idere,
688 378 734 411 qui
752 376 828 402 illum
846 376 871 401 in
886 375 1008 401 camdem

218 428 310 445 navem
329 417 504 450 rvcvpissvut,
520 415 635 440 ostendit
651 415 727 440 eisin
739 413 832 439 eodem
845 421 925 438 cursu
939 412 1009 438 mul-

217 462 255 481 tas
267 455 330 480 alia-v
344 454 491 479 tantun-antes
503 453 701 487 quaesivitque.
711 460 774 477 num
786 451 864 476 etiam
879 451 904 476 in
918 450 951 476 iis
963 459 1009 475 na-

219 493 296 518 vilms
310 492 446 523 Diagoram
461 490 521 515 vehi
534 489 681 515 crederent.
723 489 767 514 Sic
783 489 854 514 enim
868 496 895 512 se
909 496 949 513 res
962 487 1008 512 lia-

217 530 268 557 lwt,
284 534 311 554 ut
322 528 353 553 ad
367 536 519 562 prosperam
532 527 706 552 adversamve
720 524 959 559 sortiinani,qualis
971 525 1008 550 sis

216 564 498 600 autquemadmodum
517 565 630 593 vixeris.
648 563 715 589 nihil
734 563 846 589 intersit.
887 563 928 587 90.
953 562 1007 587 Non

215 603 445 632 animadvertunt,
464 602 551 636 inquit
561 622 566 631 ,
579 601 668 627 omnia
680 600 731 626 dii:
756 608 788 626 ne
799 608 876 635 reges
887 598 1007 634 quidem.

215 640 285 672 Quid
301 645 340 666 est
356 638 463 665 simile‘?
484 640 568 673 Reges
587 639 657 664 enim
673 638 695 663 si
713 638 827 663 scientes
843 636 1010 671 praetermit-
1031 665 1032 670 ¹

581 675 727 701 XXXVlll.
750 675 782 701 At
792 674 842 700 deo
854 683 885 700 ne
897 682 1010 699 excusa·
1030 697 1032 706 ,

216 682 282 707 tunt,
297 686 391 710 magna
403 676 481 711 culpa
495 681 544 702 est.

215 715 250 741 tio
266 714 375 749 quidem
392 719 431 740 est
448 714 613 739 inscientiae.
655 712 740 744 Quem
756 721 802 738 vos
817 711 951 746 praeclare
963 710 1010 736 de-

216 751 333 781 renititis.
342 760 426 786 quum
437 751 603 781 dicitis,eam
617 750 671 776 vim
683 749 794 775 deorum
806 757 874 778 esse,
884 748 1008 778 ut.etiam

214 789 237 815 si
250 789 312 824 quis
325 793 406 814 morte
419 797 516 823 poenas
528 787 638 813 sceleris
649 787 781 822 effugerit.
794 790 953 821 expetantur
964 793 1009 811 eae

215 835 314 861 poenae
329 835 343 852 a
361 826 466 855 liberis.
484 834 497 851 a
515 825 670 859 nepotibus,
689 833 701 850 a
717 825 840 858 posteris.
881 822 902 849 Ο
914 823 1008 849 miram

214 864 375 898 aequitatem
397 863 520 889 deorum!
554 863 676 888 Ferretne
700 861 753 887 ulla
779 861 874 887 civitas
901 859 1008 886 latorem

215 900 368 927 istiusmodi
382 900 456 935 legis.
470 905 498 926 ut
508 899 731 925 condemnaretur
742 898 814 924 filius
825 903 870 924 aut
881 906 972 932 nepos,
986 898 1008 923 si

215 943 288 973 pater
299 943 344 964 aut
355 946 422 964 avus
433 936 610 972 deliquisset?

233 978 238 985 '
253 976 363 1007 Quinam
379 976 574 1001 Tantalidarum
586 975 753 1000 interneciom'
763 975 852 998 modus

249 1011 376 1046 paretur?
386 1017 431 1038 aa!
443 1021 567 1045 quaenam
580 1015 698 1044 utinquam
709 1012 738 1035 ob
750 1015 853 1035 mortem
864 1007 964 1043 Mgirtili

249 1052 336 1083 poem's
347 1051 445 1074 luemus
455 1051 560 1075 ‹mbimr
570 1051 651 1074 satias
661 1046 800 1080 supplicii?

213 1088 256 1113 9⁴.
279 1087 371 1113 Utrum
384 1091 475 1121 poetae
487 1086 589 1112 Stoicos
603 1085 789 1119 depravarint.
807 1093 839 1109 an
852 1083 933 1109 Stoici
946 1091 1009 1146 poe·
1030 1093 1032 1115 3

966 1129 1016 1146 or-›

214 1124 248 1150 tis
263 1123 386 1150 dederint
402 1124 599 1153 auctoritatem,
618 1131 668 1148 non
687 1121 763 1147 facile
779 1121 905 1147 dixerim.

213 1165 283 1188 tenta
301 1161 373 1187 enim
390 1166 415 1187 et
430 1160 528 1196 flagitia
544 1160 577 1186 ab
598 1161 719 1194 utrisque
738 1159 875 1184 dicuntur.
917 1158 1009 1192 Neque

213 1199 294 1227 enim.
308 1206 388 1232 quem
402 1198 573 1232 Hipponactis
586 1197 691 1223 iambus
705 1196 823 1226 laeserat,
841 1200 886 1222 aut
896 1196 943 1230 qui
955 1199 1010 1221 erat

213 1235 366 1262 Archilochi
384 1243 462 1261 versu
479 1234 649 1264 vulneratus,
670 1242 684 1259 a
700 1233 750 1260 deo
766 1233 920 1259 immissum
935 1231 1010 1259 dolo-

213 1281 278 1302 rem.
293 1281 344 1299 non
357 1277 514 1307 conceptum
527 1281 540 1298 a
552 1280 580 1298 se
593 1272 659 1306 ipso,
673 1271 839 1301 continebat,
853 1279 910 1300 nec,
924 1278 1008 1305 quum

212 1310 335 1345 Aegisthi
349 1309 499 1339 libidinem.
513 1314 559 1336 aut
569 1317 654 1344 quum
666 1308 770 1334 Paridis
783 1308 917 1338 videmus,
934 1316 947 1334 a
960 1307 1010 1334 deo

212 1356 336 1373 caussam
353 1347 531 1382 requirimus,
549 1355 635 1381 quum
651 1345 746 1380 culpae
761 1354 845 1380 paene
857 1353 949 1371 vocem
961 1353 1010 1371 au-

212 1385 332 1416 diamus3
352 1393 400 1411 nec
415 1392 464 1420 ego
475 1384 620 1410 multorum
634 1392 774 1419 aegrorum
785 1382 899 1409 salutem
912 1391 964 1408 non
976 1382 1009 1408 ab

212 1422 370 1457 Hippocrate
382 1423 480 1456 potius,
494 1430 574 1456 quam
587 1421 620 1447 ab
632 1420 791 1455 Aesculapio
802 1420 890 1446 datam
903 1419 1006 1451 iudico;

211 1468 260 1486 nec
268 1459 538 1485 Lacedaemoniorum
550 1458 723 1493 disciplinam
734 1458 822 1484 dicam
834 1466 963 1492 umquam
976 1456 1010 1483 ab

210 1496 335 1531 Apolline
349 1497 437 1531 potius
449 1496 566 1531 Spartae,
580 1504 660 1530 quam
673 1496 816 1531 aLycurgo
828 1495 927 1521 datam.
951 1494 1010 1521 Cri-

212 1534 307 1565 tolaus,
321 1534 442 1569 inquam,
455 1533 728 1565 evertitCorinthum,
745 1532 937 1569 Karthaginem
944 1532 1010 1557 Has—

211 1570 318 1597 drubal.

212 1613 282 1639 runt,
297 1617 348 1634 non
360 1609 443 1635 iratus
457 1608 552 1643 aliqui,
568 1617 649 1643 quem
660 1609 770 1635 omnino
782 1609 861 1634 irasci
873 1616 951 1643 posse
963 1615 1010 1634 ne-

211 1646 290 1681 gatis,
303 1645 381 1672 deus.
424 1647 465 1672 92.
481 1646 514 1672 At
529 1645 675 1672 subvenire
687 1651 756 1672 certe
769 1646 855 1680 potuit
865 1650 890 1672 et
900 1653 1010 1671 conser-

213 1691 275 1709 vare
295 1683 376 1709 urbes
397 1687 482 1710 tantas
503 1688 582 1718 atque
602 1682 678 1709 tales.
718 1683 847 1709 XXXIX.
869 1683 921 1709 Vos
935 1683 1008 1709 enim

212 1720 265 1754 ipsi
277 1719 365 1746 dicere
375 1720 481 1751 soletis,
500 1720 567 1746 nihil
579 1728 652 1751 esse,
669 1720 742 1755 quod
756 1720 824 1746 deus
835 1719 940 1746 efficere
956 1728 1008 1745 non

211 1757 305 1791 possit,
319 1762 345 1783 et
355 1757 466 1792 quidem
477 1758 535 1783 sine
548 1757 637 1784 labore
650 1757 719 1789 ull0;
743 1763 772 1784 ut
783 1758 855 1783 enim
867 1757 1008 1783 hominum

212 1794 332 1821 membra
354 1794 428 1821 nulla
443 1795 625 1825 contentione.
648 1800 737 1821 mente
753 1795 811 1829 ipsa
827 1803 857 1820 ac
872 1794 1008 1821 voluntate

212 1836 384 1863 moveantur,
402 1833 441 1858 sic
457 1832 568 1858 numine
584 1832 695 1858 deorum
707 1832 797 1858 omnia
809 1831 888 1867 fingi,
907 1831 1008 1857 moveri

211 1870 364 1903 mutarique
379 1877 468 1903 posse.
508 1869 602 1903 Neque
617 1869 645 1895 id
661 1869 752 1895 dicitis
768 1869 954 1903 superstitiose
969 1873 1010 1894 at-

211 1913 265 1947 que
279 1905 398 1936 aniliter,
416 1905 463 1932 sed
474 1905 588 1941 physica
599 1906 786 1940 constantique
801 1907 912 1932 ratione.
953 1905 1010 1931 Ma-

213 1946 305 1968 teriam
318 1943 389 1968 enim
402 1951 500 1973 rerum,
509 1951 543 1969 ex
553 1951 605 1978 qua
617 1948 643 1969 et
654 1944 680 1969 in
693 1951 746 1978 qua
757 1943 846 1969 omnia
857 1944 1009 1974 sint,t0tam

211 1987 270 2006 esse
286 1978 433 2006 flexibilem
449 1984 475 2006 et
489 1980 722 2011 commutabilem,
743 1985 772 2006 ut
787 1979 856 2006 nihil
872 1980 920 2010 sit,
936 1979 1009 2014 quod

213 2025 265 2043 non
286 2025 320 2043 ex
340 2025 369 2043 ea
390 2017 516 2052 quamvis
531 2017 622 2044 subito
639 2017 704 2053 fingi
719 2018 894 2052 convertique
909 2018 1006 2051 possin

211 2054 271 2080 eius
287 2058 375 2080 autem
391 2055 534 2080 universae
549 2054 676 2081 fictricem
687 2059 713 2081 et
724 2054 925 2081 moderatricem
937 2054 1009 2080 divi-

212 2099 275 2117 nam
290 2099 349 2117 esse
365 2091 575 2126 providentiam:
594 2091 662 2118 hanc
679 2092 775 2127 igitur,
792 2100 965 2126 quocumque
979 2099 1008 2117 se

213 2133 330 2159 moveat,
355 2128 462 2155 efficere
482 2137 560 2163 posse
579 2129 715 2164 quidquid
738 2129 812 2155 velit.
853 2130 944 2164 ltaque
963 2133 1009 2155 aut

212 2166 310 2196 nescit,
333 2166 399 2200 quid
416 2167 513 2200 possit,
535 2171 581 2192 aut
597 2166 710 2202 negligit
725 2175 767 2192 res
783 2166 928 2197 humanas,
952 2170 1006 2197 aut,

211 2202 278 2237 quid
289 2203 324 2229 sit
334 2204 475 2237 optimum,
485 2211 536 2229 non
549 2208 634 2238 potest
646 2203 775 2230 iudicare.
796 2204 854 2230 Non
865 2208 940 2230 curat
951 2204 1009 2229 sin-

211 2239 290 2275 gulos
304 2239 437 2266 homines.
478 2242 519 2266 93.
542 2241 598 2267 Non
615 2241 728 2267 mirum:
752 2249 784 2267 ne
802 2241 925 2267 civitates
945 2241 1008 2275 qui-

211 2277 283 2303 dem.
324 2278 381 2304 Non
394 2276 456 2304 eas‘?
466 2286 498 2304 ne
510 2278 630 2304 nationes
641 2278 753 2313 quidem
763 2282 788 2304 et
798 2283 903 2314 gentes.
930 2277 1008 2310 Quod

211 2314 235 2340 si
246 2314 294 2340 has
306 2315 387 2341 etiam
398 2316 556 2345 contemnit,
573 2315 640 2350 quid
657 2316 756 2341 mirum
771 2320 825 2346 est,
842 2324 921 2342 omne
932 2314 966 2342 ab
977 2323 1007 2341 ea

210 2359 297 2386 genus
315 2352 465 2378 humanum
481 2360 539 2378 esse
555 2352 756 2387 contemptum?
775 2352 841 2383 Sed,
859 2361 913 2387 quo
928 2352 1008 2379 modo

212 2388 293 2414 iidem
304 2389 395 2416 dicitis
407 2398 458 2416 non
470 2390 560 2416 omnia
570 2389 634 2416 deos
646 2390 786 2425 persequi,
803 2389 887 2416 iidem
897 2389 981 2416 vultis
992 2398 1007 2415 a

212 2424 264 2450 diis
294 2426 492 2453 immortalibus
518 2426 675 2453 hominibus
701 2426 838 2461 dispartiri
864 2435 894 2453 ac
918 2427 1007 2453 dividi

213 2462 333 2488 somnia?
352 2463 453 2490 Idcirco
469 2464 534 2490 haec
549 2469 651 2495 tecum,
674 2465 739 2499 quia
757 2469 845 2490 vestra
859 2469 900 2490 est
914 2464 947 2490 de
962 2473 1007 2490 so-

214 2499 347 2525 mniorum
359 2502 468 2527 veritate
479 2502 620 2528 sententia.
661 2501 748 2536 Atque
759 2501 843 2527 iidem
854 2502 935 2527 etiam
946 2506 1006 2528 vota

213 2536 316 2576 suscipi
326 2536 416 2563 dicitis
427 2543 557 2572 oportere.
597 2539 700 2572 Nempe
714 2538 818 2574 singuli
828 2543 940 2570 vovent3
957 2547 1007 2565 au-

213 2570 252 2597 dit
264 2573 345 2607 igitur
356 2582 430 2600 mens
441 2574 534 2601 divina
545 2575 625 2602 etiam
637 2575 669 2601 de
681 2575 808 2611 singulis.
848 2575 953 2602 Videtis
964 2584 1007 2602 er-

212 2616 260 2652 go,
284 2617 335 2635 non
349 2618 408 2636 esse
423 2619 480 2637 eam
496 2617 549 2638 tam
564 2617 735 2648 occupatam,
755 2620 838 2647 quam
852 2612 1007 2647 putabatis?

214 2645 265 2672 bac
275 2654 334 2673 esse
344 2646 501 2679 distentam,
518 2649 623 2676 caelum
634 2654 786 2677 versantem
794 2670 800 2680 ,
818 2654 916 2677 terram
927 2654 1006 2677 tuen-

360 1572 391 1597 ui
409 1571 462 1597 duo
479 1571 538 1598 illos
554 1567 646 1597 oculos
661 1579 722 1597 orae
738 1572 888 1597 maritimae
911 1569 1010 1597 effode-
1030 1575 1032 1584 '

1030 1403 1033 1443 Ι

932 119 962 145 Τ.
998 118 1282 145 ctCERONtS

1061 195 1127 219 tem,
1147 190 1228 215 maria
1245 188 1439 215 moderantem:
1463 198 1511 216 cur
1526 195 1578 216 tam
1595 190 1692 216 multos
1707 189 1773 216 deos
1784 189 1852 216 nihil

1061 236 1138 261 agere
1154 231 1179 253 et
1193 235 1297 252 cessare
1314 226 1431 260 patitur?
1443 235 1491 253 cur
1506 236 1557 254 non
1574 227 1654 253 rebus
1667 228 1792 254 humanis
1803 227 1853 253 ali-

1060 273 1128 298 quos
1140 265 1238 290 otiosos
1249 263 1313 289 deo.-
1325 264 1451 297 praeficit,
1465 264 1512 298 qui
1524 273 1537 290 a
1550 269 1582 294 te,
1597 264 1684 293 Balbe.
1700 266 1854 291 innumera-

1062 301 1129 327 biles
1141 301 1267 335 explicati
1279 300 1360 326 sunt?
1375 301 1443 327 llaec
1458 300 1511 327 fere
1522 301 1610 327 dicere
1623 302 1704 328 habui
1716 302 1749 327 de
1761 307 1853 328 natura

1061 339 1185 366 deorum.
1203 347 1253 364 non
1272 343 1299 364 ut
1315 346 1373 363 earn
1389 338 1522 367 tollerem,
1543 338 1589 364 ned
1609 344 1638 365 ut
1658 339 1851 373 intelligeretis.

1061 385 1141 411 tiniam
1153 380 1223 402 esset
1237 375 1364 406 obscura,
1380 380 1406 402 et
1416 384 1497 410 quam
1509 375 1634 402 difficiles
1645 376 1795 411 explicatus
1807 376 1855 402 ha-

1062 414 1144 440 heret.

1117 450 1173 476 XL.
1196 450 1237 476 95.
1259 449 1332 481 Quae
1342 458 1427 484 quum
1438 448 1560 478 dixisset.
1574 449 1647 476 Cotta
1659 449 1749 476 finem.
1775 450 1854 476 Luci-

1063 488 1115 514 lius
1129 492 1232 517 autem,
1254 486 1458 516 Vehementius,
1477 487 1577 521 inquit.
1595 487 1682 517 Cotta,
1700 492 1727 513 tu
1742 487 1853 522 quidem

1062 526 1184 552 invectus
1195 533 1224 550 es
1236 525 1261 550 in
1273 532 1331 549 eam
1343 524 1490 550 Stoicorum
1503 524 1630 550 rationem
1639 544 1645 554 ,
1667 532 1735 559 quae
1749 523 1782 550 de
1793 533 1855 559 pro-

1062 562 1179 588 videntia
1196 561 1306 587 deorum
1322 561 1421 587 abillis
1431 562 1600 587 sanctissime
1612 566 1638 587 et
1649 561 1854 596 providentissi-

1062 609 1102 626 me
1114 600 1256 625 constituta
1268 603 1317 625 est.
1353 598 1406 624 Sed
1417 599 1544 633 quoniam
1556 598 1764 633 advesperascit,
1777 597 1855 624 dabis

1060 637 1132 663 diem
1145 637 1222 662 nohis
1233 636 1361 670 aliquem,
1376 640 1503 662 utcontra
1516 637 1564 661 ista
1575 636 1708 661 dicamus.
1726 636 1772 662 Est
1782 636 1853 662 enim

1062 674 1128 700 mihi
1142 679 1229 699 tecum
1241 682 1288 708 pro
1298 673 1351 699 aris
1362 677 1387 699 et
1399 672 1464 699 focis
1475 678 1623 702 certamen,
1641 678 1666 698 et
1681 681 1728 707 pro
1743 672 1854 699 deorum

1061 712 1169 746 templis
1181 715 1259 746 atque
1271 710 1401 738 delubris,
1416 719 1517 745 proque
1525 710 1603 736 Urbis
1616 711 1710 739 muris.
1719 719 1786 745 quos
1798 719 1854 739 vos,

1061 749 1213 784 pontifices,
1231 753 1337 774 sanctos
1352 755 1411 773 esse
1427 747 1517 773 dicitis
1532 747 1744 783 diligentiusque
1757 747 1855 774 Urbem

1061 786 1199 822 religione,
1213 794 1294 820 quam
1307 785 1373 819 ipsis
1385 785 1527 811 moenibus
1539 785 1658 820 cingitis.
1694 785 1767 816 Quae
1777 784 1855 810 dese-

1061 824 1082 850 ri
1094 833 1107 849 a
1121 822 1244 853 me,dum
1257 822 1367 857 quidem
1379 823 1480 857 spirare
1493 827 1591 857 potero.
1606 821 1680 848 nefas
1693 822 1791 848 iudico.
1812 823 1853 847 95.

1061 861 1128 887 Tum
1141 861 1227 887 Cotta:
1247 860 1302 895 Ego
1314 868 1376 885 vero
1389 864 1414 885 et
1429 865 1490 894 opto
1506 859 1630 894 redargui
1647 867 1702 889 me,
1720 858 1813 886 Balbe.
1831 863 1857 885 et

1060 907 1100 928 ea,
1116 907 1184 933 quae
1196 897 1344 931 disputavi,
1353 896 1486 922 disserere
1498 897 1679 931 malui.quam
1695 896 1822 925 iudicare.
1831 901 1856 922 et

1061 935 1138 962 facile
1151 944 1192 961 me
1203 943 1217 960 a
1230 940 1253 960 te
1266 935 1337 960 vinci
1350 943 1438 968 posse,
1451 939 1522 960 certo
1533 935 1598 960 scio.
1639 935 1754 968 Quippe,
1768 934 1857 968 inquit

1062 973 1188 1003 Velleius,
1197 973 1244 1007 qui
1257 972 1336 997 etiam
1348 972 1451 997 somnia
1464 977 1537 1006 putet
1549 971 1581 997 ad
1594 980 1642 997 nos
1654 972 1722 997 mitti
1735 971 1768 996 als
1780 971 1853 996 iove:

1060 1019 1129 1045 quae
1141 1011 1198 1045 ipsa
1211 1014 1297 1035 tamen
1311 1013 1361 1034 tam
1375 1009 1443 1034 levia
1455 1018 1506 1035 non
1518 1013 1593 1038 sunt,
1611 1017 1692 1043 quam
1704 1013 1744 1034 est
1755 1008 1857 1034 Stoico-

1061 1056 1120 1074 rum
1132 1047 1165 1073 de
1179 1051 1271 1073 natura
1283 1046 1394 1072 deorum
1405 1047 1498 1072 oratio.
1541 1046 1608 1072 llaec
1619 1054 1703 1080 quum
1716 1050 1804 1071 essent
1814 1045 1857 1071 di·

1061 1090 1114 1117 cta,
1135 1085 1168 1111 ita
1184 1084 1375 1113 discessimus,
1394 1088 1422 1109 ut
1434 1083 1534 1109 Velleio
1545 1083 1633 1109 Cottae
1648 1082 1796 1117 disputatio
1811 1091 1857 1107 ve-

1061 1124 1127 1153 rior,
1145 1121 1212 1148 mihi
1224 1120 1299 1147 Balbi
1315 1120 1348 1147 ad
1363 1121 1483 1147 veritatis
1499 1120 1708 1147 similitudinem
1720 1119 1857 1146 videretur

1061 1168 1119 1187 esse
1130 1159 1297 1195 propensior.

1241 1419 1262 1447 F
1290 1419 1312 1447 R
1337 1417 1363 1447 A
1389 1417 1414 1447 G
1441 1418 1467 1446 M
1494 1417 1516 1446 E
1544 1417 1568 1445 N
1595 1417 1616 1445 T
1643 1416 1675 1444 A.

1187 1478 1233 1505 Ex
1254 1477 1340 1505 libro
1359 1478 1397 1504 de
1418 1478 1487 1504 Nat.
1509 1478 1598 1503 Deor.
1620 1475 1729 1502 tertio.

1102 1543 1134 1579 Ι.)
1145 1542 1410 1579 IntelligebatCicero
1421 1541 1486 1569 falsa
1497 1550 1564 1572 esse,
1577 1549 1646 1577 quae
1658 1539 1781 1567 homines
1792 1539 1858 1566 odo-

1136 1586 1236 1608 rarent:
1265 1590 1326 1607 nam
1337 1589 1423 1616 quum
1434 1580 1518 1606 multa
1529 1577 1768 1613 dixisset.quaead
1780 1585 1857 1603 ever-

1135 1620 1239 1645 sionem
1254 1618 1415 1654 religionum
1431 1617 1562 1647 valerent;
1580 1617 1617 1642 ait
1627 1621 1729 1646 tamen,
1745 1624 1794 1641 non
1805 1623 1857 1640 esse

1135 1658 1181 1682 illa
1192 1658 1267 1689 cufyo
1277 1658 1444 1689 disputanda,
1460 1663 1490 1680 ne
1503 1659 1633 1687 susceptas
1644 1654 1745 1686 publice
1753 1653 1858 1685 religio-

1135 1702 1178 1720 nes
1188 1695 1328 1726 disputatio
1339 1694 1400 1719 falls
1410 1694 1567 1724 exstinqual.

1241 1738 1366 1769 (Lactant-
1384 1739 1440 1760 Div.
1452 1739 1521 1760 lnstt.
1533 1737 1549 1759 Ι.
1564 1738 1593 1759 ΙΙ.
1606 1743 1626 1759 t.
1639 1736 1674 1764 ³.)

1097 1807 1134 1842 Ξ.)
1146 1808 1266 1834 Primum
1278 1807 1361 1842 igitur
1371 1814 1423 1833 non
1434 1811 1474 1833 est
1485 1805 1633 1841 probabile,
1647 1812 1705 1830 eam
1717 1804 1856 1830 materiam

1135 1853 1235 1876 rerum,
1249 1844 1321 1871 unde
1332 1849 1388 1871 orta
1402 1848 1465 1870 sunt
1475 1843 1578 1873 omnia,
1591 1850 1650 1868 esse
1661 1841 1754 1867 divina
1765 1841 1857 1875 provi-

1135 1881 1225 1908 dentia
1241 1881 1373 1913 effectam3
1397 1880 1445 1907 sed
1460 1880 1558 1907 habere
1574 1885 1600 1906 et
1615 1879 1744 1905 habuisse
1760 1879 1816 1904 vim
1831 1882 1858 1903 et

1136 1924 1256 1945 naturam
1268 1927 1356 1945 suam.
1396 1918 1429 1945 Ut
1443 1918 1525 1954 igitur
1537 1916 1624 1947 faber,
1637 1924 1723 1952 quum
1733 1914 1801 1950 quid
1812 1923 1857 1940 ae-

1135 1956 1293 1982 dificaturus
1308 1960 1360 1986 est,
1379 1964 1431 1982 non
1447 1956 1505 1990 ipse
1521 1954 1583 1981 facit
1597 1953 1750 1983 materiam,
1767 1951 1815 1978 sed
1825 1960 1857 1978 ea

1135 1994 1233 2024 utitur,
1250 2001 1319 2028 quae
1334 1994 1370 2019 sit
1384 1997 1489 2027 parata,
1508 1992 1636 2026 fictorque
1650 1991 1715 2017 item
1725 1998 1798 2021 cera3
1816 1989 1858 2015 sic

1134 2031 1179 2057 isti
1195 2030 1379 2065 providentiae
1394 2029 1504 2056 divinae
1519 2029 1658 2055 materiam
1677 2031 1782 2063 praesto
1797 2034 1857 2052 esse

1134 2068 1260 2103 oportuit,
1274 2076 1326 2094 non
1338 2075 1420 2102 quam
1432 2068 1490 2102 ipse
1502 2066 1608 2097 faceret,
1620 2065 1668 2092 sed
1679 2073 1762 2100 quam
1772 2063 1858 2090 habe-

1135 2110 1174 2132 ret
1184 2110 1313 2140 paratam.
1355 2104 1431 2137 Quod
1442 2105 1529 2130 sinon
1539 2108 1581 2130 est
1596 2111 1611 2129 a
1625 2102 1676 2129 deo
1691 2101 1800 2128 materia
1816 2099 1857 2126 fa-

1134 2147 1188 2173 cta,
1205 2150 1238 2169 ne
1255 2147 1322 2169 terra
1332 2141 1444 2177 quidem
1455 2146 1481 2168 et
1491 2149 1561 2176 aqua
1571 2145 1598 2167 et
1607 2148 1652 2166 aer
1662 2144 1688 2166 et
1698 2139 1771 2175 ignis
1781 2147 1796 2165 a
1806 2137 1857 2164 deo

1134 2179 1220 2207 factus
1231 2184 1281 2206 est.

1337 2217 1383 2247 (td.
1394 2217 1451 2240 ibid.
1465 2217 1495 2238 n.
1506 2224 1526 2239 c.
1537 2215 1572 2244 s.)

1097 2285 1133 2319 3.)
1144 2285 1243 2312 Addua·
1252 2300 1290 2305 —
1299 2287 1345 2311 hoc
1356 2289 1384 2311 ut
1395 2286 1528 2311 credamus
1538 2291 1588 2309 non
1595 2289 1737 2316 possumus,
1751 2283 1856 2306 immor-

1134 2323 1209 2348 talem
1223 2324 1295 2349 illam
1304 2324 1601 2355 praestantissimamque
1615 2323 1735 2346 naturam
1745 2319 1856 2344 divisam

1133 2368 1185 2386 esse
1192 2368 1239 2393 per
1248 2368 1339 2390 sescus,
1355 2364 1377 2385 et
1391 2367 1443 2385 esse
1449 2362 1550 2392 partem
1560 2365 1637 2383 unam
1647 2363 1742 2384 mres,
1754 2358 1856 2386 partem

1133 2405 1185 2423 esse
1200 2398 1310 2423 alteram
1324 2399 1439 2430 feminas.
1481 2395 1559 2427 Quem
1573 2395 1674 2428 quidem
1687 2393 1769 2417 locum
1780 2391 1855 2424 plene

1132 2436 1185 2460 iam
1198 2436 1293 2460 dudum
1307 2435 1419 2460 homines
1431 2434 1542 2466 pectoris
1555 2433 1608 2457 viva·
1618 2435 1670 2457 tam
1680 2429 1800 2455 Romane
1810 2429 1855 2453 Iit-

1133 2473 1195 2497 teris
1214 2472 1388 2505 explicavere,
1409 2478 1487 2504 quam
1508 2468 1628 2495 Graecis.-
1648 2471 1672 2492 et
1691 2470 1750 2492 ante
1769 2473 1854 2491 omnes

1135 2508 1234 2534 Tullius
1243 2513 1289 2535 etc.

1092 2555 1198 2583 (Arnob.
1209 2554 1225 2576 Ι.
1238 2555 1279 2577 ut.
1291 2561 1313 2576 c.
1324 2555 1347 2575 6.
1360 2560 1384 2582 p.
1395 2554 1451 2575 111.
1472 2551 1550 2574 Orelt.
1561 2549 1601 2572 cui
1611 2549 1659 2572 hoe
1669 2551 1694 2571 et
1705 2555 1768 2576 quae
1778 2547 1852 2570 dein-

1057 2595 1116 2616 ceps
1127 2590 1265 2616 sequuntur
1276 2586 1406 2610 Ciceronis
1416 2585 1557 2614 tmgmenta
1567 2583 1695 2606 debentur.
1719 2583 1853 2604 Praeterea

1057 2628 1134 2644 unum
1145 2628 1178 2644 ex
1189 2621 1326 2644 Orellianis
1337 2619 1411 2642 omisi
1420 2618 1553 2647 repetitum
1563 2616 1684 2645 eServio,
1693 2615 1760 2643 quod
1769 2613 1852 2637 conti-

1057 2657 1132 2678 netur
1141 2655 1172 2677 de
1185 2655 1214 2677 N.
1226 2655 1255 2677 Ι).
1267 2655 1306 2683 n.‚
1317 2654 1357 2681 ³6,
1368 2651 1422 2680 91.)
