1941 3052
394 143 441 169 [N
473 142 503 175 Q.
539 143 819 169 CAECILlUM
853 141 1131 168 DIVINATIO.
1166 142 1308 167 CAP.1

83 214 193 249 rapinis,
206 213 332 248 superbia
342 214 369 240 in
380 213 551 240 contumeliis
562 212 666 239 efficere
676 213 817 248 potuisset,
831 221 876 239 eas

82 260 174 278 omnes
193 259 254 277 sese.
267 251 316 277 hoc
330 259 384 277 uno
397 256 516 286 praetore
530 259 577 285 per
590 251 735 277 triennium
750 249 878 285 pertulis-

82 297 126 315 se:
154 297 246 324 rogare
264 293 290 314 et
306 297 393 320 orare,
418 298 451 314 ne
469 288 530 314 illos
549 288 687 322 supplices
710 295 874 322 aspernarer,

81 334 164 361 quos,
193 334 235 352 me
254 325 396 355 incolumi,
417 326 518 352 nemini
537 325 675 360 supplices
695 334 754 352 esse
772 329 877 359 oporte—

82 368 130 390 ret.
155 364 186 390 11.
199 364 222 389 4.
239 363 300 389 Tuli
314 364 430 398 graviter
440 368 465 389 et
475 363 577 393 acerbe,
594 362 706 393 iudices,
724 363 751 388 in
762 371 823 388 enm
835 370 877 388 me

83 401 170 427 locum
185 400 294 431 adduci,
316 404 345 426 ut
359 405 403 426 aut
417 409 461 427 eos
476 401 598 426 homines
613 408 675 434 spes
694 399 808 430 falleret,
829 399 876 434 qui

81 447 159 473 opem
174 447 187 464 a
202 446 244 464 me
258 442 338 472 atque
347 438 478 464 auxilium
490 438 632 472 petissent,
649 442 694 463 aut
704 445 761 472 ego,
777 437 824 471 qui
835 445 877 462 me

81 476 114 502 ad
127 475 309 501 defendendos
325 475 446 501 homines
462 475 494 501 ab
510 476 617 501 ineunte
635 474 812 500 adolescentia
831 473 878 499 de-

81 513 191 543 dissem,
209 516 327 547 tempore
341 517 421 547 atque
435 512 522 539 officio
535 517 641 538 coactus
652 512 685 537 ad
695 510 877 537 accusandum

83 550 242 577 traducerer.
284 550 422 581 Dicebam,
439 550 537 576 habere
551 558 595 575 eos
610 553 724 575 actorem
739 548 769 580 Q.
786 548 877 575 Caeci-

82 587 162 618 lium,
187 588 235 622 qui
254 588 411 622 praesertim
429 591 555 622 quaestor
573 587 600 612 in
624 586 716 612 eadem
740 585 877 620 provincia

82 629 142 660 post
155 633 198 651 me
211 629 380 659 quaestorem
395 624 501 650 fuisset.
524 623 582 655 Quo
592 632 640 659 ego
650 623 805 649 adiumento
815 631 877 656 spe-

81 662 171 688 rabam
188 662 255 688 hanc
269 671 283 687 a
298 671 340 688 me
354 661 504 688 molestiam
519 669 598 695 posse
609 661 754 691 demoveri,
771 660 798 685 id
810 660 876 685 mihi

80 704 136 726 erat
149 699 333 725 adversarium
348 699 474 725 maxime.
510 699 577 724 Nam
592 698 632 724 illi
647 698 731 723 multo
745 697 812 723 mihi
828 697 877 723 hoc

83 736 187 763 facilius
202 737 378 766 remisissent,
395 737 419 762 si
432 737 516 762 istum
530 744 582 762 non
597 739 715 766 nossent,
732 739 778 760 aut
792 735 815 760 si
825 734 876 760 iste

80 774 152 808 apud
166 783 210 800 eos
224 778 350 808 quaestor
363 782 415 799 non
430 773 536 799 fuisset.
564 774 588 799 5.
600 772 740 799 Adductus
751 781 821 803 sum,
836 772 877 797 iu-

80 811 166 842 dices,
182 811 282 841 officio,
299 810 360 841 fide,
376 810 567 841 misericordia,
584 809 730 836 multorum
744 809 875 835 bonorum
898 818 899 835 1

80 848 216 883 exemplo,
234 848 316 874 veteri
330 848 526 874 consuetudine
540 848 718 882 institutoque
732 847 874 877 maiorum,

80 890 110 912 ut
122 894 191 912 onus
209 885 259 912 hoc
273 885 371 912 laboris
389 890 469 920 atque
483 885 564 911 officii
584 894 636 911 non
651 894 683 911 ex
697 893 765 915 meo,
783 884 830 910 sed
844 893 877 910 ex

80 932 200 950 meorum
214 923 427 949 necessariorum
441 927 572 957 tempore,
589 923 657 948 mihi
671 922 877 957 suscipiendum

80 965 211 995 putarem.
239 960 297 993 Quo
310 961 338 986 in
353 961 459 996 negotio
472 964 561 986 tamen
575 960 621 986 illa
635 968 678 986 me
692 968 744 991 res,
761 959 874 990 iudices,

79 998 244 1030 consolatur,
265 998 339 1033 quod
357 998 434 1029 haec,
455 1006 523 1033 quae
542 998 649 1024 videtur
667 1006 728 1023 esse
742 997 877 1023 accusatio

80 1044 147 1067 mea,
164 1044 216 1062 non
231 1036 320 1070 potius
335 1036 477 1066 accusatio,
494 1044 577 1070 quam
591 1035 713 1061 defensio
727 1039 768 1061 est
782 1035 877 1061 existi-

80 1073 186 1100 manda.
214 1073 331 1099 Defendo
345 1073 417 1099 enim
431 1073 531 1099 multos
545 1073 680 1103 mortales,
697 1072 795 1098 multas
809 1072 877 1098 civi-

80 1115 159 1142 tates,
180 1111 346 1145 provinciam
365 1110 486 1137 Siciliam
505 1114 596 1136 totam.
637 1109 831 1142 Quamobrem,
852 1110 876 1135 si

79 1148 146 1174 mihi
161 1157 232 1174 unus
247 1152 288 1174 est
305 1148 487 1179 accusandus,
508 1147 703 1182 propemodum
722 1156 829 1173 manere
848 1147 875 1173 in

78 1186 202 1212 instituto
220 1194 279 1212 meo
297 1185 402 1217 videor,
424 1190 450 1212 et
467 1194 520 1212 non
538 1186 648 1212 omnino
666 1193 679 1211 a
698 1184 876 1211 defendendis

78 1223 236 1250 hominibus
246 1223 477 1258 sublevandisque
487 1223 635 1249 discedere.
657 1224 681 1249 6.
689 1222 766 1254 Quod
773 1223 796 1248 si
807 1222 876 1248 hanc

78 1269 203 1287 caussam
222 1265 275 1287 tam
293 1260 430 1292 idoneam,
451 1265 505 1287 tam
524 1260 672 1292 illustrem,
693 1264 747 1286 tam
765 1268 875 1295 gravem

78 1307 131 1325 non
150 1298 290 1330 haberem3
311 1298 334 1324 si
353 1302 399 1325 aut
417 1298 466 1325 hoc
480 1307 494 1324 a
508 1307 551 1324 me
565 1297 651 1324 Siculi
664 1306 717 1324 non
732 1298 872 1332 petissent,

78 1341 125 1362 aut
135 1336 202 1362 mihi
212 1344 273 1361 cum
285 1335 384 1362 Siculis
394 1344 488 1362 caussa
500 1339 587 1361 tantae
599 1335 807 1361 necessitudinis
823 1343 874 1361 non

77 1373 261 1404 intercederet,
274 1377 300 1399 et
310 1373 367 1403 hoc,
380 1373 452 1408 quod
464 1373 539 1403 facio,
552 1381 595 1398 me
605 1372 769 1407 reipublicae
779 1380 874 1398 caussa

80 1410 164 1437 facere
179 1410 328 1445 profiterer,
349 1415 379 1436 ut
398 1411 476 1436 homo
495 1410 627 1445 singulari
645 1410 806 1444 cupiditate,
827 1418 875 1435 au-

77 1448 161 1479 dacia,
178 1448 277 1474 scelere
291 1448 437 1482 praeditus,
454 1448 532 1474 cuius
544 1447 612 1473 furta
623 1452 703 1482 atque
714 1447 811 1480 flagitia
823 1455 874 1473 non

78 1486 105 1512 in
120 1485 210 1512 Sicilia
225 1485 326 1515 solum,
348 1485 395 1511 scd
410 1485 437 1511 in
452 1485 564 1516 Achaia,
581 1485 657 1516 Asia,
675 1485 780 1515 Cilicia,
798 1485 875 1510 Pam—
897 1499 906 1512 a

77 1523 180 1559 phylia,
196 1523 295 1549 Romae
308 1522 426 1557 denique
440 1526 501 1549 ante
515 1522 606 1549 oculos
621 1523 742 1548 omnium
757 1523 874 1548 maxima

77 1561 290 1595 turpissimaque
304 1568 457 1591 nossemus,
474 1568 517 1586 me
531 1564 625 1595 agente
640 1560 667 1586 in
682 1559 813 1585 iudicium
829 1568 874 1585 vo·
897 1568 898 1572 ¹

77 1602 194 1625 caretur:
211 1598 273 1632 quis
289 1597 395 1623 tandem
411 1601 490 1628 esset,
506 1598 553 1632 qui
569 1605 659 1623 meum
675 1597 818 1623 consilium
830 1601 875 1622 aut

78 1635 177 1662 factum
191 1639 283 1670 posset
301 1633 513 1669 reprehendere?
550 1635 593 1660 111.
614 1635 639 1660 7.
664 1634 735 1666 Quid
753 1639 807 1665 est,
828 1642 875 1669 pro

77 1673 158 1700 deum
181 1672 376 1707 hominumque
395 1672 488 1703 fidem,
513 1672 541 1698 in
563 1680 618 1706 quo
639 1680 689 1707 ego
712 1671 875 1706 reipublicae

77 1710 139 1746 plus
154 1710 203 1736 hoc
217 1714 335 1744 tempore
349 1709 477 1744 prodesse
491 1709 613 1744 possim‘?
639 1709 710 1741 Quid
724 1714 777 1740 cst,
802 1709 874 1744 quod

77 1752 123 1774 aut
137 1747 236 1782 populo
245 1748 364 1774 Romano
376 1747 480 1783 gratius
490 1755 550 1773 esse
561 1747 664 1778 debeat,
681 1752 727 1773 aut
737 1747 817 1773 sociis
828 1755 876 1772 ex-

77 1786 195 1820 terisque
206 1785 360 1811 nationibus
370 1785 488 1819 optatius
498 1793 558 1811 esse
568 1785 662 1819 possit,
676 1788 721 1810 aut
731 1784 811 1810 saluti
822 1783 875 1810 for-

77 1823 206 1858 tunisque
219 1822 341 1848 omnium
356 1823 442 1858 magis
453 1822 682 1848 accommodatum
693 1821 746 1848 sit‘?
760 1821 875 1857 Popula-

77 1864 127 1892 tae,
144 1864 263 1892 vexatae,
281 1859 403 1886 funditus
418 1868 526 1886 eversae
545 1860 712 1894 provinciae:
736 1860 802 1886 socii
825 1859 874 1885 sti-

77 1897 265 1933 pendiariique
279 1897 373 1932 populi
387 1897 500 1923 Romani
515 1896 619 1928 afflicti,
641 1897 733 1923 miseri
752 1897 805 1923 iam
821 1905 872 1923 non

77 1935 173 1962 salutis
188 1943 278 1970 spem,
300 1935 347 1961 sed
361 1935 437 1961 exitii
451 1934 578 1961 solatium
593 1938 736 1969 quaerunt.
777 1936 802 1960 8.
822 1934 873 1966 Qui

77 1972 176 1999 iudicia
187 1981 293 1999 manere
304 1972 375 2007 apud
385 1972 505 1998 ordinem
517 1972 681 1998 senatorium
693 1971 795 2003 volunt,
808 1980 875 2006 que-

77 2014 173 2037 runtur
191 2014 357 2036 accusatores
377 2017 406 2035 se
424 2009 534 2035 idoneos
549 2018 601 2035 non
617 2009 724 2035 habere.
764 2008 816 2041 Qui
831 2017 874 2035 ac-

77 2055 172 2074 cusare
190 2050 317 2082 possunt,
338 2047 499 2073 iudiciorum
519 2047 688 2073 severitatem
708 2046 872 2072 desiderant.

77 2084 196 2119 Populus
210 2085 347 2110 Romanus
362 2084 475 2115 interea,
496 2084 603 2110 tametsi
617 2083 711 2110 multis
727 2084 874 2110 incommo-

77 2122 120 2149 dis
134 2121 395 2156 difficultatibusque
409 2121 518 2147 afl'ectus
533 2125 586 2152 est,
604 2125 691 2147 tarnen
707 2121 773 2147 nihil
789 2129 874 2156 acque

77 2160 104 2186 in
119 2159 256 2194 republica
271 2163 350 2194 atquo
363 2158 437 2185 illam
449 2162 565 2185 veterem
576 2159 737 2184 iudiciorum
749 2159 803 2184 vim
814 2167 875 2193 gra-

78 2197 243 2232 vitatemque
258 2196 379 2231 requirit.
404 2196 566 2222 Iudiciorum
581 2196 716 2222 desiderio
729 2196 873 2222 tribunicia

77 2239 194 2270 potestas
209 2233 350 2269 efflagitata
365 2237 419 2260 est:
435 2233 597 2260 iudiciorum
613 2233 720 2259 levitate
733 2233 797 2260 ordo
807 2242 875 2268 quo-

77 2280 130 2307 que
144 2271 214 2298 alius
228 2271 260 2298 ad
276 2280 317 2297 res
332 2271 491 2297 iudicandas
502 2270 667 2305 postulatur:
684 2271 804 2297 iudicum
816 2270 874 2297 cul-

78 2318 111 2345 pu
133 2313 214 2344 atque
235 2309 364 2335 dedecore
387 2309 466 2334 etiam
489 2308 642 2334 censorium
666 2316 776 2339 nomen,
800 2308 872 2342 qnod

77 2347 199 2382 asperius
213 2351 289 2373 antea
304 2346 404 2381 populo
418 2346 503 2371 videri
518 2345 633 2376 solebat,
658 2345 685 2371 id
700 2354 771 2371 nunc
786 2346 874 2380 posei-

77 2388 129 2414 tur,
145 2383 173 2410 id
186 2384 240 2410 iam
256 2384 383 2418 populare
397 2388 477 2418 atquc
492 2382 637 2417 plausibile
651 2382 750 2409 factum
765 2387 814 2408 cst.
847 2384 871 2408 9.

77 2421 104 2448 ln
120 2421 169 2447 han
184 2421 296 2447 libidine
312 2421 450 2448 bominum
463 2420 725 2451 nocentissimorum,
742 2421 768 2446 in
780 2419 873 2454 populi

78 2459 189 2485 Romani
203 2459 358 2493 quotidiana
372 2458 553 2493 querimonia,
575 2457 735 2483 iudiciorum
751 2457 870 2487 infamia,

77 2496 159 2523 totius
173 2496 275 2522 ordinis
290 2496 444 2526 offensione,
460 2503 545 2530 quum
561 2494 610 2521 hoc
624 2503 708 2520 unum
724 2494 766 2520 his
781 2499 818 2521 tot
832 2495 874 2520 in-

77 2533 225 2560 commodis
240 2533 390 2559 rcmedium
405 2541 464 2559 esse
474 2532 625 2562 arbitrarer,
642 2536 671 2558 ut
683 2532 805 2558 homines
815 2531 873 2557 ido-

77 2570 120 2597 nei
135 2575 215 2606 atque
229 2571 325 2606 integri
339 2579 463 2597 caussam
477 2569 641 2605 reipublicae
657 2569 801 2605 legumque
811 2577 873 2595 sus-

77 2608 210 2643 ciperent:
231 2607 314 2634 fateor
331 2617 374 2634 me
392 2607 488 2634 salutis
507 2607 628 2634 omnium
648 2615 743 2632 caussa
762 2606 795 2632 ad
814 2614 871 2632 eam

78 2649 179 2680 partem
194 2645 340 2672 accessisse
354 2645 519 2680 reipublicae
529 2643 720 2675 sublevandae,
736 2651 805 2678 qnae
816 2652 872 2670 ma-

77 2682 149 2709 xime
168 2682 307 2710 laboraret.
350 2684 389 2709 40.
413 2683 504 2713 Nunc,
524 2682 652 2717 quoniam
670 2681 772 2716 quibus
791 2681 872 2707 rebus

1335 157 1369 160 -—
1396 144 1415 167 2.
1670 145 1720 169 ‘235

927 212 1059 238 adductus
1074 212 1107 238 ad
1120 220 1244 238 caussam
1255 212 1412 238 accesserim
1423 211 1613 243 demonstravi,
1630 212 1722 239 dicen-

927 250 993 275 dum
1007 250 1158 276 necessario
1172 253 1213 275 est
1226 249 1259 275 de
1272 249 1440 275 contentione
1454 256 1543 275 nostra
1552 270 1558 280 ,
1575 254 1603 275 ut
1618 250 1645 276 in
1659 259 1723 276 con-

928 287 1064 313 stituendo
1077 291 1237 317 accusatore,
1253 287 1320 321 quid
1334 287 1412 322 sequi
1426 287 1546 321 possitis,
1563 287 1693 313 babeatis.

984 325 1040 360 Ego
1049 325 1089 350 sic
1098 324 1227 359 intelligo,
1240 324 1358 350 iudices:
1373 333 1459 359 quum
1469 324 1502 350 de
1513 325 1635 359 pecuniis
1647 334 1723 359 repe-

929 361 1020 387 tundis
1036 370 1132 387 nomen
1146 362 1299 395 cuiuspiam
1313 361 1456 393 deferatur,
1473 362 1496 387 si
1510 366 1643 388 certamen
1654 363 1723 388 inter

929 399 1034 433 aliquos
1049 400 1092 429 sit,
1109 399 1152 425 cui
1163 399 1336 433 potissimum
1346 399 1444 425 delatio
1454 398 1540 430 detur,
1556 399 1621 425 haec
1631 399 1685 426 duo
1696 400 1722 425 in

906 441 908 450 ⁴
930 437 1024 470 primis
1039 437 1153 470 spectari
1167 441 1301 470 oportere:
1322 445 1403 471 quem
1421 437 1539 462 maxime
1554 436 1638 463 velint
1652 441 1724 463 acto-

929 482 984 499 rem
999 482 1058 499 esse
1072 474 1104 504 ii,
1125 474 1227 508 quibus
1243 473 1325 499 factae
1339 482 1399 500 esse
1413 473 1536 500 dicantur
1549 474 1677 503 iniuriae,
1698 478 1725 500 et

928 519 1009 545 quem
1024 511 1136 536 minime
1151 511 1215 536 velit
1228 511 1260 541 is,
1277 511 1325 546 qui
1339 520 1383 537 eas
1398 511 1511 537 iniurias
1522 510 1618 537 fecisse
1628 520 1725 547 argua-

929 553 980 573 tur.
1005 548 1047 574 lV.
1062 549 1101 574 tt.
1117 549 1145 574 In
1157 548 1205 573 hac
1215 556 1318 579 caussa,
1335 548 1448 579 iudices,
1461 549 1567 574 tametsi
1577 553 1724 584 utrumque

929 594 987 611 csse
1001 585 1114 611 arbitror
1125 585 1306 619 perspicuum,
1324 590 1411 612 tamen
1423 586 1455 612 de
1466 590 1578 620 utroque
1588 586 1685 617 dicam,
1698 591 1724 612 et

928 623 960 648 dc
975 631 1005 648 eo
1018 623 1108 656 prius,
1129 622 1201 656 quod
1220 623 1291 657 apud
1306 631 1353 649 vos
1368 623 1515 657 plurimum
1531 624 1610 649 debet
1624 624 1721 654 valere,

929 660 978 686 hoc
996 664 1037 685 est
1054 659 1087 685 de
1105 659 1241 685 voluntate
1260 669 1366 690 eorum,
1391 661 1492 695 quibus
1511 661 1625 687 iniuriae
1640 661 1723 687 factae

928 701 1004 728 sunt;
1017 705 1131 731 quorum
1142 706 1237 723 caussa
1248 697 1379 723 iudicium
1390 698 1422 723 de
1433 699 1555 732 pecuniis
1567 699 1723 733 repetundis

928 738 969 760 est
981 735 1167 760 constitutum.
1209 734 1327 760 Siciliam
1344 735 1508 769 provinciam
1524 736 1552 762 C.
1569 736 1662 762 Verres
1677 744 1724 770 per

928 772 1074 798 triennium
1089 771 1268 806 depopulatus
1284 780 1356 802 esse,
1374 772 1526 798 Siculorum
1540 773 1662 799 civitates
1677 782 1723 799 va-

928 813 1023 840 stasse,
1039 809 1132 835 domos
1147 809 1310 840 exinanisse,
1328 809 1386 835 fana
1397 810 1528 844 spoliasse
1538 810 1645 836 dicitur.
1669 811 1724 836 Ad-

928 851 1004 878 sunt,
1028 851 1179 881 queruntur
1197 846 1281 873 Siculi
1303 847 1437 873 universi:
1466 847 1499 873 ad
1522 856 1608 873 meam
1632 848 1720 877 fidem,

927 893 1008 919 quam
1024 884 1123 910 habent
1137 888 1283 918 spectatam
1298 885 1350 910 iam
1365 889 1391 910 et
1405 884 1451 910 diu
1465 885 1613 920 cognitam,
1629 885 1723 911 confu-

927 923 1018 957 giunt:
1043 921 1176 947 auxilium
1195 921 1249 947 sibi
1266 930 1314 956 per
1332 930 1374 948 me
1388 930 1402 947 a
1417 922 1494 948 vobis
1508 927 1588 957 atque
1602 931 1616 948 a
1630 922 1723 956 populi

928 960 1040 986 Romani
1055 959 1161 995 legibus
1176 963 1284 993 petunt:
1301 968 1343 985 me
1358 958 1526 985 defensorem
1541 960 1722 985 calamitatum

928 1006 1053 1027 suarum,
1070 1005 1113 1022 me
1129 996 1240 1023 ultorem
1255 997 1429 1027 iniuriarum,
1447 1006 1489 1022 me.
1503 997 1666 1032 cognitorem
1682 997 1724 1022 iu-

927 1036 965 1061 ris
984 1035 1040 1066 sui,
1066 1043 1109 1060 me
1127 1039 1241 1060 actorem
1260 1043 1371 1060 caussae
1389 1034 1471 1060 totius
1491 1043 1551 1060 esse
1570 1034 1721 1060 voluerunt.

929 1074 968 1099 4⁶2.
985 1072 1094 1102 Utrum,
1110 1071 1141 1104 Q.
1158 1071 1269 1103 Caecili,
1286 1072 1336 1098 hoc
1349 1072 1431 1102 dices,
1449 1080 1491 1098 me
1506 1081 1557 1098 non
1571 1072 1722 1098 Siculorum

927 1113 1020 1145 rogatu
1035 1109 1068 1135 ad
1082 1117 1205 1135 caussam
1221 1109 1353 1140 accedere,
1371 1118 1403 1135 an
1418 1110 1580 1144 optimorum
1597 1109 1724 1135 fidelissi-

927 1155 1088 1182 morumque
1106 1147 1240 1173 sociorum
1259 1146 1424 1173 voluntatem
1448 1147 1519 1181 apud
1543 1147 1591 1173 lios
1614 1155 1722 1181 gravem

926 1194 985 1211 esse
1000 1193 1051 1211 non
1066 1183 1204 1219 oportere?
1217 1184 1244 1210 Si
1259 1184 1286 1210 id
1300 1184 1412 1210 audebis
1427 1184 1522 1215 dicere,
1539 1184 1612 1219 quod
1622 1184 1724 1211 C.Ver—

927 1231 978 1254 res,
995 1222 1038 1248 cui
1053 1226 1077 1248 te
1092 1222 1233 1248 inimicum
1248 1230 1307 1248 esse
1318 1221 1440 1252 simulas,
1457 1222 1574 1248 maxime
1585 1222 1724 1248 existima-

926 1260 949 1286 ri
964 1260 1030 1291 vult,
1048 1259 1153 1285 Siculos
1167 1259 1216 1285 hoc
1230 1268 1243 1285 a
1258 1268 1300 1285 me
1314 1268 1367 1285 non
1381 1260 1495 1294 petisse:
1512 1260 1630 1294 primum
1645 1268 1724 1285 caus-

926 1306 984 1323 sam
999 1297 1103 1323 inimici
1114 1297 1153 1323 tui
1163 1296 1329 1327 sublevabis.
1346 1296 1379 1322 de
1389 1306 1443 1332 qno
1453 1305 1504 1323 non
1517 1297 1721 1331 praeiudicium,

926 1335 974 1361 sed
989 1335 1067 1369 plane
1082 1334 1213 1360 indicium
1223 1335 1277 1360 iam
1288 1334 1388 1361 factum
1399 1338 1517 1369 putatur,
1533 1334 1606 1368 quod
1617 1335 1651 1360 ita
1663 1343 1724 1369 pcr-

926 1373 1052 1403 crebruit,
1069 1371 1174 1398 Siculos
1189 1380 1282 1398 omnes
1301 1376 1416 1398 actorem
1431 1380 1495 1398 snae
1509 1380 1619 1397 caussae
1634 1377 1723 1398 contra

927 1410 1001 1435 illius
1012 1410 1124 1435 iniurias
1135 1410 1285 1444 quaesisse.
1315 1411 1354 1435 ⁴3.
1368 1410 1420 1435 Hoc
1430 1410 1452 1435 si
1465 1414 1501 1439 tn,
1516 1409 1642 1435 inimicus
1653 1410 1721 1439 eins,

927 1447 1025 1473 factum
1041 1447 1161 1482 negabis,
1178 1446 1250 1482 quod
1264 1447 1336 1481 ipse,
1352 1447 1395 1472 cni
1410 1447 1526 1472 maxime
1541 1446 1605 1472 baec
1619 1456 1661 1472 res
1676 1447 1724 1472 ob-

926 1489 986 1515 stat,
1005 1493 1100 1519 negare
1115 1493 1166 1510 non
1181 1484 1274 1510 audet:
1291 1484 1388 1515 videto,
1405 1493 1438 1510 ne
1453 1484 1567 1510 nimium
1584 1483 1724 1510 familiari-

927 1528 965 1548 ter
980 1522 1135 1548 inimicitias
1149 1530 1271 1547 exercere
1286 1521 1402 1547 videare.
1438 1521 1537 1547 Deinde
1551 1526 1615 1547 sunt
1630 1526 1721 1551 testes.

928 1560 977 1585 viri
992 1559 1136 1585 clarissimi
1151 1563 1256 1585 nostrae
1270 1559 1396 1589 civitatis,
1412 1568 1480 1593 quos
1495 1567 1587 1584 omncs
1599 1567 1612 1584 a
1623 1567 1665 1584 me
1676 1568 1724 1585 no-

905 1611 906 1614 =
927 1598 1022 1623 minari
1038 1606 1089 1623 non
1105 1601 1145 1622 est
1159 1605 1282 1622 neccsse:
1303 1605 1360 1626 eos,
1377 1597 1424 1630 qui
1439 1596 1549 1625 adsunt,
1566 1596 1721 1630 appellabo:

926 1643 1003 1669 qnos,
1021 1635 1042 1660 si
1059 1634 1198 1664 mentirer,
1216 1638 1297 1659 testes
1312 1642 1371 1659 esse
1386 1634 1568 1668 impudentiae
1584 1642 1657 1659 mcac
1672 1634 1724 1659 mi-

927 1672 999 1698 nime
1014 1671 1121 1697 vellem.
1154 1671 1209 1697 Scit
1222 1672 1255 1702 is,
1271 1672 1318 1706 qui
1334 1676 1374 1697 cst
1388 1672 1414 1697 in
1429 1671 1549 1701 consilio,
1566 1670 1596 1697 C.
1613 1671 1724 1697 Marcel-

928 1709 984 1736 lus:
1009 1709 1059 1735 scit
1074 1709 1110 1740 is,
1131 1717 1212 1743 quem
1227 1708 1322 1734 adesse
1337 1708 1427 1739 video,
1445 1709 1492 1734 Cn.
1510 1708 1639 1734 Lentulus
1655 1709 1724 1734 Mar-

926 1746 1054 1773 cellinus:
1070 1755 1185 1781 quornm
1202 1746 1253 1772 fide
1267 1750 1346 1780 atquc
1361 1745 1494 1780 praesidio
1509 1746 1591 1772 Siculi
1608 1747 1723 1772 maxime

926 1785 1058 1815 nituntur,
1074 1783 1146 1818 qnod
1161 1784 1270 1809 omnino
1284 1783 1470 1809 Marcellorum
1486 1784 1587 1809 nomini
1607 1788 1658 1809 tota
1679 1783 1722 1809 illa

927 1822 1061 1856 provincia
1077 1821 1201 1847 adiuncta
1215 1825 1265 1847 est.
1298 1822 1337 1847 Μ.
1354 1821 1385 1847 lli
1400 1821 1498 1851 sciunt,
1515 1821 1564 1846 boc
1579 1830 1630 1847 non
1646 1821 1724 1847 modo

926 1868 938 1885 a
959 1868 1001 1885 mc
1020 1859 1132 1893 petitum
1151 1867 1224 1889 esse,
1245 1858 1292 1884 sed
1312 1859 1346 1884 ita
1365 1867 1445 1893 saepe
1463 1863 1488 1884 ct
1504 1859 1537 1884 ita
1552 1859 1724 1884 veliementer

904 1909 905 1916 ι
927 1905 986 1922 csse
1002 1897 1129 1931 petitum,
1151 1901 1180 1922 ut
1195 1900 1241 1922 aut
1255 1904 1350 1922 caussa
1366 1896 1432 1922 mihi
1451 1896 1624 1930 suscipienda
1644 1896 1724 1922 fucrit

926 1939 971 1960 aut
985 1934 1103 1960 osticium
1119 1933 1326 1960 necessitudinis
1342 1933 1549 1968 repudiandum.
1591 1933 1642 1959 Sed
1657 1933 1722 1968 qnid

926 1980 975 2007 cgo
990 1971 1031 1997 liis
1047 1971 1162 1997 testibus
1177 1975 1245 2002 utor,
1257 1972 1336 2006 quasi
1348 1979 1388 1997 res
1399 1971 1482 1997 dubia
1492 1975 1537 1996 aut
1547 1971 1660 1997 obscura
1671 1970 1724 1996 sit?

926 2009 1033 2035 Adsunt
1051 2009 1173 2035 homines
1192 2017 1226 2035 ex
1244 2013 1296 2035 tota
1315 2009 1451 2043 provincia
1475 2008 1650 2039 nobilissimi,
1675 2009 1722 2043 qui

926 2050 1080 2081 praesentes
1095 2055 1142 2072 vos
1157 2050 1233 2073 orant
1246 2051 1326 2081 atque
1340 2046 1492 2077 obsecrant,
1515 2046 1631 2076 iudices,
1653 2050 1681 2071 ut
1696 2046 1722 2072 in

926 2088 1012 2110 actore
1030 2092 1142 2110 caussae
1160 2092 1226 2110 suae
1243 2083 1387 2119 deligendo
1405 2088 1524 2109 vestrum
1546 2083 1675 2109 iudicium
1689 2083 1722 2109 ab

925 2130 975 2147 suo
993 2121 1093 2148 iudicio
1111 2130 1144 2147 ne
1161 2121 1304 2156 discrepet.
1345 2120 1472 2147 Omnium
1487 2121 1626 2146 civitatum
1643 2121 1722 2146 totius

926 2158 1032 2185 Siciliae
1045 2159 1192 2192 legationes
1203 2159 1302 2185 adsunt
1313 2163 1415 2193 practer
1425 2158 1492 2184 duas
1503 2158 1638 2184 civitates:
1655 2166 1722 2192 qua-

926 2205 985 2222 rum
1000 2196 1128 2227 duarum,
1150 2196 1172 2222 si
1191 2196 1330 2226 adessent,
1350 2196 1404 2221 «luo
1422 2196 1532 2221 crimina
1550 2195 1589 2220 vel
1606 2196 1720 2221 maxima

925 2234 1119 2262 minuerentur.
1132 2242 1201 2268 quae
1215 2242 1276 2259 cum
1293 2233 1334 2259 his
1349 2233 1504 2259 civitatibus
1520 2234 1548 2258 tt.
1562 2233 1634 2258 Vct-ri
1649 2241 1722 2258 com-

925 2271 1059 2297 municata
1078 2275 1150 2296 sunt.
1194 2272 1234 2296 ⁴5.
1257 2271 1289 2296 At
1308 2270 1379 2296 enim
1398 2279 1446 2296 cur
1459 2279 1472 2295 a
1489 2278 1530 2295 mc
1549 2270 1720 2304 potissimum

926 2308 975 2334 hoc
989 2308 1154 2342 praesidium
1171 2307 1341 2342 petiverunt?
1367 2308 1394 2333 Si
1409 2312 1479 2333 essct
1493 2307 1621 2336 dubium,
1639 2307 1722 2341 petis-

925 2350 985 2371 sent
998 2354 1012 2371 n
1027 2354 1069 2371 me
1084 2345 1248 2379 praesidium
1265 2353 1360 2374 necne,
1377 2345 1502 2374 dicerem,
1519 2353 1566 2369 cur
1580 2345 1719 2378 petissent.

926 2383 1002 2408 Nunc
1016 2391 1087 2413 vero,
1099 2391 1184 2417 quum
1200 2382 1226 2408 id
1241 2383 1275 2408 ita
1292 2383 1465 2417 perspicuum
1481 2382 1524 2410 sit,
1538 2386 1565 2407 ut
1579 2381 1664 2407 oculis
1680 2382 1722 2407 iu-

924 2419 1012 2445 dicare
1027 2420 1150 2454 possitis:
1176 2420 1266 2446 nescio
1278 2428 1326 2445 cur
1341 2419 1388 2445 boc
1403 2419 1468 2445 mihi
1483 2419 1643 2445 detrimento
1661 2427 1721 2445 csse

924 2457 1032 2486 debeat,
1057 2457 1080 2483 si
1100 2457 1126 2483 id
1145 2457 1211 2483 mibi
1230 2457 1383 2485 obiiciatur,
1410 2465 1451 2482 mc
1471 2456 1642 2490 potissimum
1661 2465 1721 2482 esse

924 2494 1068 2520 delectum.
1101 2496 1140 2520 tu.
1157 2494 1255 2520 Verum
1272 2494 1298 2520 id
1313 2494 1379 2520 mibi
1395 2503 1446 2520 non
1461 2502 1548 2524 sumo,
1566 2493 1678 2524 iudices.
1695 2499 1721 2520 et

925 2531 974 2557 boc
989 2540 1038 2558 non
1054 2531 1133 2557 modo
1147 2532 1173 2557 in
1188 2532 1305 2557 oratione
1323 2540 1381 2557 mca
1401 2540 1452 2557 non
1472 2539 1553 2566 pono,
1574 2531 1621 2557 scd
1641 2540 1673 2557 ne
1693 2532 1719 2558 in

924 2569 1049 2603 opinione
1066 2568 1177 2603 quidem
1197 2569 1359 2603 cuiusquam
1379 2569 1514 2603 relinquo,
1535 2577 1578 2595 mc
1592 2569 1719 2595 omnibus

924 2607 1042 2640 patronis
1057 2614 1116 2632 esse
1131 2607 1324 2642 praepositum.
1366 2607 1422 2633 Non
1437 2606 1471 2632 ita
1491 2610 1544 2632 cst:
1570 2606 1618 2633 sed
1637 2607 1719 2633 unius

923 2644 1056 2678 cuiusque
1075 2645 1215 2678 temporis,
1237 2643 1412 2674 valetudinis,
1434 2643 1567 2670 facultatis
1585 2643 1618 2670 ad
1637 2652 1720 2679 agen-

923 2680 987 2707 dum
1007 2680 1085 2707 ducta
1105 2682 1171 2707 ratio
1189 2686 1239 2707 est.
1281 2682 1336 2707 Mea
1357 2680 1407 2707 fuit
1425 2689 1531 2716 semper
1550 2681 1614 2707 hacc
1629 2682 1655 2708 in
1671 2681 1718 2707 hnc

1454 2730 1485 2754 Su
1502 2728 1513 2738 “
