1941 3052
468 135 520 161 DE
555 134 784 161 ORATORE
818 135 903 161 LIB.

65 214 132 241 quae
151 209 240 232 essent
262 215 276 232 a
296 214 377 232 sensu
393 205 487 232 tradita
501 210 579 241 atque
595 206 737 241 impressa3
760 206 856 232 acerri-

67 252 139 269 mum
149 247 238 270 autem
249 251 283 270 ex
292 243 416 270 omnibus
429 243 525 269 nostris
539 244 663 269 sensibus
674 252 733 269 esse
744 252 855 269 sensum

67 280 188 313 videndi;
210 289 292 316 quare
308 279 433 306 facillime
448 280 536 306 animo
550 281 633 306 teneri
647 289 725 315 posse
736 289 774 312 ea,
787 289 855 315 quae

65 318 265 353 perciperentur
280 317 389 343 auribus
404 318 625 353 autcogitatione,
638 318 661 344 si
676 319 754 344 etiam
765 317 856 344 oculo-

65 364 124 382 rum
135 355 363 382 commendatione
374 354 469 380 animis
480 354 657 388 traderentur;
672 359 701 381 ut
714 364 755 381 res
766 363 855 381 caecas

66 396 91 418 et
110 392 142 418 ab
157 396 280 427 aspectus
295 391 395 418 iudicio
410 396 523 418 remotas
538 392 711 419 conformatio
724 392 854 427 quaedam

65 433 90 456 et
109 429 197 465 imago
217 433 243 455 et
260 429 343 465 figura
357 430 393 455 ita
409 433 517 460 notaret,
536 433 565 455 ut
579 438 617 461 ea,
634 438 702 464 quae
717 429 856 464 cogitando

66 466 206 501 complecti
221 475 273 493 non
290 475 439 501 possemus,
457 466 586 493 intuendo
601 467 678 501 quasi
693 471 854 492 teneremus.

66 505 123 530 358.
140 504 186 530 His
202 508 290 530 autem
306 503 397 530 formis
413 508 492 538 atque
507 504 672 538 corporibus,
691 504 759 529 sicut
770 504 857 529 omni-

65 541 126 572 bus,
143 549 212 576 quae
226 541 278 567 sub
294 546 431 575 aspectum
446 541 565 571 veniunt,
583 540 740 566 admonetur
755 549 857 566 memo-

66 578 104 604 ria
114 582 202 604 nostra
213 583 292 613 atque
306 579 449 611 excitatur,
471 578 518 604 sed
530 578 593 604 locis
604 586 671 612 opus
683 582 735 603 est:
758 578 855 603 etenim

66 624 162 650 corpus
177 615 290 651 intelligi
305 616 363 642 sine
382 615 438 642 loco
453 624 504 642 non
519 619 615 649 potest.
646 614 732 646 Quare
747 623 780 640 ne
791 615 817 640 in
830 623 856 640 re

66 657 127 679 nota
146 657 172 679 et
191 653 346 688 pervulgata
362 652 464 678 multus
485 656 510 678 et
531 651 648 678 insolens
663 652 723 683 sim,
742 651 806 678 locis
817 656 857 678 est

65 690 196 716 utendum
208 690 308 721 multis,
320 690 481 720 illustribus,
495 688 642 723 explicatis,
653 689 763 715 modicis
775 689 857 715 inter-

66 727 158 760 vallis;
175 727 338 763 imaginibus
349 730 438 753 autem
450 726 601 761 agentibus,
615 727 730 757 acribus,
742 727 857 761 insigni-

65 765 109 796 tis,
134 773 202 799 quae
225 772 361 790 occurrere
383 763 557 798 celeriterque
581 768 717 797 percutere
736 764 856 789 animum

65 802 178 836 possint.
200 801 285 833 Quam
298 800 448 827 facultatem
461 804 486 826 et
497 801 648 827 exercitatio
662 801 744 832 dabit,
758 810 790 827 ex
804 810 856 835 qua

65 838 230 865 consuetudo
243 839 371 874 gignitur,
388 842 413 864 et
426 837 557 864 similium
572 838 714 864 verborum
730 847 856 864 conversa

66 880 91 902 et
108 876 248 902 immutata
263 876 369 902 casibus
383 879 428 902 aut
439 875 558 901 traducta
577 883 610 901 ex
628 880 701 910 parte
720 875 753 901 ad
771 884 856 910 genus

66 913 164 940 notatio
178 918 203 940 et
217 913 298 939 unius
314 913 387 939 verbi
400 913 515 948 imagine
526 913 607 939 totius
618 913 764 938 sententiae
774 912 858 939 infor—

65 951 154 982 matio,
171 951 280 985 pictoris
290 950 430 976 cuiusdam
442 950 541 976 summi
553 950 653 976 ratione
666 954 691 976 et
702 950 789 982 modo,
805 949 858 976 for-

66 997 169 1014 marum
181 988 305 1014 varietate
319 987 389 1014 locos
401 987 601 1022 distinguentis.

121 1063 288 1090 LXXXVIII.
310 1065 369 1089 359.
393 1062 445 1089 Sed
466 1063 607 1089 verborum
628 1063 767 1095 memoria,
788 1071 856 1098 quae

66 1101 156 1127 minus
175 1104 214 1127 est
232 1101 308 1127 nobis
323 1101 478 1131 necessaria,
496 1101 594 1126 maiore
608 1101 757 1136 imaginum
772 1101 857 1127 varie-

66 1141 117 1164 tate
130 1137 313 1174 distinguitur.
335 1137 417 1164 Multa
432 1138 503 1164 enim
518 1143 580 1164 sunt
594 1138 683 1169 verba,
696 1147 765 1173 quae
779 1138 856 1172 quasi

66 1175 170 1202 articuli
189 1179 347 1202 connectunt
366 1175 484 1201 membra
503 1176 641 1206 orationis,
661 1184 730 1210 quae
749 1175 857 1202 formari

65 1212 242 1239 similitudine
261 1213 333 1239 nulla
352 1216 478 1247 possunt,
505 1221 597 1239 eorum
617 1213 756 1248 fingendae
780 1213 857 1239 nobis

65 1254 128 1276 sunt
144 1251 285 1285 imagines,
305 1251 405 1285 quibus
420 1258 525 1284 semper
538 1254 654 1276 utamur.
688 1251 787 1276 Rerum
802 1259 858 1276 me—

65 1288 148 1314 moria
170 1288 274 1322 propria
297 1292 337 1314 est
358 1288 481 1320 oratoris,
513 1296 570 1313 eam
598 1288 712 1323 singulis
736 1288 857 1322 personis

64 1325 132 1351 bene
146 1325 239 1359 positis
254 1329 343 1351 notare
358 1333 510 1359 possumus,
532 1329 560 1351 ut
575 1326 718 1351 sententias
733 1325 858 1359 imagini-

63 1362 125 1393 hus,
141 1362 261 1388 ordinem
277 1362 340 1388 locis
354 1362 620 1396 comprehendamus.
640 1365 696 1388 360.
710 1363 801 1397 Neque
812 1371 858 1388 ve-

64 1408 124 1425 rum
143 1404 191 1430 est,
211 1399 282 1434 quod
302 1400 334 1426 ab
353 1399 484 1425 inertibus
501 1399 607 1431 dicitur,
628 1400 742 1434 opprimi
757 1408 858 1426 memo-

65 1437 131 1463 riam
150 1437 298 1472 imaginum
317 1436 433 1471 pondere
451 1441 476 1462 et
489 1437 625 1463 obscurari
641 1438 718 1463 etiam
732 1437 769 1468 id,
785 1436 857 1472 quod

64 1482 112 1509 per
127 1483 155 1500 se
175 1478 267 1500 natura
286 1479 373 1501 tenere
391 1474 530 1508 potuisset.
560 1474 620 1501 Vidi
635 1475 707 1500 enim
721 1483 769 1509 ego
783 1483 858 1500 suni-

64 1520 122 1538 mos
136 1511 258 1538 homines
273 1516 297 1538 et
311 1512 401 1538 divina
416 1520 497 1546 prope
509 1512 644 1542 memoria,
658 1511 769 1538 Athenis
776 1512 858 1538 Char-

64 1548 178 1580 inadam,
195 1549 223 1575 in
236 1549 307 1580 Asia,
324 1557 405 1584 quem
420 1549 509 1575 vivere
524 1549 602 1575 hodie
617 1549 698 1579 aiunt,
716 1548 856 1583 Scepsium

65 1586 252 1618 Metrodorum,
277 1595 392 1621 quorum
415 1590 535 1621 uterque,
562 1590 697 1620 tamquam
721 1586 816 1612 litteris
832 1587 857 1612 in

65 1632 131 1656 cera,
147 1624 186 1650 sic
200 1632 229 1650 se
242 1624 328 1650 aiebat
341 1623 504 1659 imaginibus
518 1623 546 1649 in
560 1623 593 1649 iis
609 1623 681 1654 loeis,
694 1632 762 1658 quos
777 1624 859 1649 liabe-

66 1665 112 1692 ret,
132 1669 201 1696 quae
219 1662 374 1687 meminisse
392 1661 480 1692 vellet,
501 1661 674 1695 perscribere.
709 1660 795 1693 Quare
810 1661 857 1686 hae

66 1699 250 1725 exercitatione
269 1707 320 1725 non
339 1698 455 1725 eruenda
474 1698 601 1724 memoria
619 1703 667 1730 est,
689 1699 712 1724 si
730 1703 769 1724 est
784 1698 857 1724 nulla

66 1735 206 1768 naturalis,
229 1735 276 1762 sed
290 1740 368 1768 certe,
385 1736 408 1762 si
427 1735 497 1767 latet,
513 1735 645 1762 evocanda
661 1740 710 1762 est.

121 1775 178 1800 361.
202 1773 310 1799 Habetis
333 1782 481 1800 sermonem
505 1773 572 1799 hene
596 1773 705 1809 lengum
730 1773 855 1804 hominis,

66 1811 167 1837 utinam
191 1819 242 1837 non
266 1811 458 1845 imprudentis!
488 1810 556 1837 illud
579 1811 689 1845 quidem
709 1815 787 1842 certe,
807 1820 857 1836 non

66 1848 146 1874 nimis
164 1848 321 1881 verecundi;
348 1849 395 1883 qui
409 1847 518 1883 quidem
533 1857 618 1882 quum
634 1853 666 1879 tc,
683 1848 783 1879 Catule,
801 1853 857 1874 tum

66 1886 145 1912 etiam
169 1886 198 1912 L.
223 1885 317 1912 Crasso
340 1886 472 1916 audiente,
498 1885 530 1911 de
553 1885 658 1911 dicendi
683 1886 782 1911 ratione
805 1890 857 1911 tam

66 1922 148 1949 multa
163 1922 290 1955 dixerim,
307 1932 366 1949 nam
379 1924 490 1949 istorum
505 1927 575 1948 actas
590 1923 679 1949 minus
695 1932 736 1948 mc
748 1922 858 1949 fortasse
886 1943 888 1952 ,

66 1968 171 1987 movere
181 1960 282 1987 debuit.
303 1960 353 1986 Sed
364 1960 430 1986 mihi
442 1960 585 1995 ignoscetis
597 1959 721 1995 profecto,
735 1961 757 1986 si
770 1960 855 1991 modo,

65 2005 133 2032 quae
146 2006 240 2024 caussa
254 2006 296 2024 me
311 1998 343 2023 ad
358 1998 425 2024 hanc
439 1997 571 2023 insolitam
591 1997 656 2023 mihi
674 1997 857 2032 loquacitatem

65 2035 211 2069 impulerit,
228 2035 391 2069 acceperitis.
423 2034 571 2060 LXXXIX.
589 2036 645 2061 1362.
662 2035 716 2060 Nos
731 2044 800 2065 vero,
819 2035 858 2060 in-

66 2073 125 2107 quit
142 2071 262 2103 Catulus,
282 2072 390 2107 (etenim
409 2080 456 2106 pro
474 2080 516 2098 nie
535 2072 583 2098 hoc
603 2076 627 2098 ct
646 2081 693 2106 pro
707 2081 766 2098 meo
780 2072 858 2098 fratrc

66 2108 232 2144 respondeo,)
253 2118 303 2135 non
323 2109 400 2135 inodo
415 2109 462 2135 tibi
478 2109 651 2144 ignoscimus,
669 2109 715 2135 scd
730 2114 754 2135 te
768 2109 859 2144 diligi-

66 2155 126 2173 mus
141 2155 320 2182 magnamque
335 2147 382 2172 tibi
393 2146 523 2172 habemus
533 2147 658 2181 gratiam,
675 2151 700 2172 et
710 2155 794 2181 quum
808 2147 858 2172 hu-

66 2184 217 2210 manitatem
237 2189 262 2210 et
281 2183 433 2209 facilitatem
452 2184 622 2219 agnoscimus
644 2188 716 2210 tuam
737 2188 793 2210 tum
812 2184 858 2210 ad-

66 2221 194 2247 miramur
207 2221 284 2247 istam
299 2221 436 2247 scientiam
451 2225 476 2246 ct
489 2221 601 2255 copiam.
632 2221 764 2256 Equidem
779 2222 857 2247 ctiam

66 2257 116 2285 hoc
137 2267 179 2285 me
203 2263 355 2284 assecutum
380 2263 453 2293 puto,
473 2258 545 2293 quod
566 2267 661 2294 magno
679 2267 739 2285 sum
756 2258 858 2285 levatus

66 2303 152 2322 errore
166 2299 191 2322 et
204 2295 249 2322 illa
263 2296 436 2322 admiratione
451 2295 586 2327 liberatus,
603 2295 675 2330 quod
689 2295 782 2322 multis
796 2305 857 2322 eum

67 2332 125 2359 aliis
144 2341 250 2368 semper
267 2333 391 2359 admirari
410 2332 537 2364 solebam,
559 2333 630 2359 unde
644 2338 713 2359 esset
729 2333 772 2359 illa
788 2337 858 2359 tanta

66 2374 111 2396 tua
132 2370 160 2397 in
181 2371 285 2397 caussis
308 2370 444 2396 divinitas.

67 2407 220 2439 arbitrabar,
240 2416 309 2442 quae
327 2407 533 2443 diligentissime
551 2416 680 2443 cognosse
699 2412 723 2433 ct
738 2408 858 2442 undique

67 2443 206 2480 collegisse
228 2453 334 2480 usuque
355 2445 462 2471 doctum
486 2445 581 2479 partim
604 2445 751 2470 correxisse
770 2445 855 2475 video,

67 2482 161 2516 partim
176 2482 372 2517 comprobasse.
400 2484 458 2508 363.
475 2483 566 2516 Neque
581 2490 610 2507 co
626 2482 716 2508 minus
730 2481 858 2516 eloquen-

67 2518 129 2545 tiam
151 2523 223 2545 tuam
246 2523 271 2545 et
293 2519 377 2546 multo
395 2519 482 2555 magis
502 2519 626 2545 virtutem
650 2523 675 2545 et
692 2519 858 2554 diligentiam

68 2555 182 2582 admiror
203 2560 229 2582 et
251 2556 332 2583 simul
351 2557 455 2592 gaudeo
473 2556 604 2583 iudicium
623 2556 704 2582 animi
719 2556 771 2582 mei
786 2565 858 2582 com-

68 2592 180 2654 probari,
209 2593 282 2629 quod
309 2602 414 2629 semper
436 2594 525 2625 statui,
551 2593 684 2620 neminem
712 2593 857 2628 sapientiae

78 2629 172 2657 audem
195 2635 221 2657 ct
242 2630 409 2667 eloquentiae
428 2631 485 2658 sine
503 2640 610 2658 summo
627 2630 717 2657 studio
730 2635 756 2657 et
771 2630 858 2657 labore
880 2637 888 2654 1:

480 2371 533 2396 Nec
550 2371 620 2396 enim
636 2374 660 2396 te
674 2371 724 2396 ista
738 2371 858 2405 attigisse
886 2374 888 2401 j

938 135 969 161 11.
1005 134 1058 161 CA
1074 134 1102 160 P.
1138 135 1170 160 85
1190 149 1225 153 ——
1245 135 1286 159 90.
1647 137 1692 160 ΗΤ

906 210 931 231 et
948 205 1066 231 doctrina
1084 205 1210 240 consequi
1226 213 1312 239 posse.
1346 204 1399 230 Sed
1413 208 1500 230 tamen
1515 205 1642 239 quidnam
1657 210 1697 232 est

906 243 942 274 id,
959 243 1031 278 quod
1045 243 1136 269 dixisti
1151 242 1214 272 fore,
1231 246 1260 268 ut
1274 242 1321 268 tibi
1333 242 1540 277 ignosceremus,
1553 243 1575 268 si
1586 251 1696 277 cognos-

907 289 1082 314 semuS,quae
1097 284 1121 306 te
1135 288 1228 305 caussa
1242 280 1269 305 in
1283 287 1431 305 sermonem
1442 279 1612 313 impulisset?
1625 279 1696 311 Quae

907 322 946 343 est
964 318 1035 343 enim
1054 317 1104 343 alia
1122 325 1224 347 caussa,
1245 317 1296 342 nisi
1311 316 1382 351 quod
1397 316 1472 342 nobis
1487 320 1512 342 et
1526 316 1620 342 horum
1636 317 1698 343 ado·

908 354 1065 380 lescentium
1080 354 1177 384 studio,
1193 354 1240 388 qui
1255 358 1279 379 te
1293 354 1468 379 attentissime
1482 353 1632 383 audierunt,
1642 363 1698 379 mo—

907 400 962 417 rem
976 400 1068 426 gerere
1082 390 1209 417 voluisti?
1230 392 1288 416 364.
1304 391 1372 417 Tum
1386 391 1440 422 ille,
1456 391 1694 425 Adimerednquit.

907 437 1013 454 omnem
1032 429 1223 454 recusationem
1243 428 1337 454 Crasso
1351 428 1433 460 volui,
1449 437 1530 463 quem
1545 436 1595 463 ego
1608 428 1698 463 paullo

907 466 1025 492 sciebam
1039 465 1080 491 vel
1096 465 1240 500 pudentius
1252 465 1293 491 vel
1312 466 1423 491 invitius
1441 465 1512 500 (nolo
1527 466 1597 491 enim
1612 465 1698 491 dicere

884 519 885 540 g
908 503 940 528 de
959 507 1011 529 tam
1032 503 1108 529 suavi
1123 502 1229 528 homine
1244 502 1417 536 fastidiosius)
1432 503 1464 528 ad
1479 503 1528 529 hoc
1541 512 1627 538 genus
1641 512 1697 529 ser-

884 546 885 552 *
908 541 994 566 monis
1009 539 1141 566 accedere.
1162 539 1233 571 Quid
1246 540 1317 565 enim
1331 541 1426 574 poterit
1440 539 1544 566 dicere?
1570 540 1698 567 Consula-

908 586 963 603 rem
987 586 1015 603 se
1038 586 1096 603 esse
1114 577 1250 602 hominem
1268 581 1293 602 et
1311 576 1480 603 censorium?
1500 578 1592 603 eadem
1611 582 1698 603 nostra

907 623 1001 640 caussa
1024 618 1073 640 est.
1106 614 1145 640 An
1169 618 1279 639 aetatem
1298 614 1405 640 afferet?
1424 614 1599 649 quadriennio
1614 616 1699 641 minor

907 655 956 677 est.
990 651 1030 677 An
1049 660 1077 677 se
1095 650 1214 677 nescire‘?
1235 659 1303 685 quae
1317 660 1366 686 ego
1380 660 1446 682 sero,
1462 660 1530 686 quae
1544 653 1643 678 cursim
1658 661 1699 677 ar-

884 699 885 706 *
908 689 987 723 ripui,
1008 697 1076 723 quae
1095 688 1239 714 subsicivis
1257 689 1352 722 operis,
1374 693 1403 715 ut
1416 690 1498 719 aiunt,
1516 690 1563 715 iste
1578 698 1590 715 a
1606 698 1696 723 puero,

907 734 1014 752 summo
1032 725 1129 755 studio,
1150 725 1264 751 summis
1282 725 1444 752 doctoribus.
1479 726 1551 752 Nihil
1566 727 1651 752 dicam
1667 727 1698 752 de

907 763 1023 798 ingenio,
1039 763 1084 789 cui
1098 772 1144 797 par
1158 771 1236 788 nemo
1250 761 1310 788 fuit.
1332 763 1438 788 Etenim
1453 772 1495 789 me
1508 764 1639 789 dicentem
1651 765 1698 798 qui

908 800 1030 831 audierit,
1048 808 1125 826 nemo
1140 808 1268 834 umquam
1284 804 1335 825 tam
1350 801 1392 826 sui
1403 800 1553 835 despiciens
1565 800 1697 835 fuit‚quiu

908 841 1025 871 speraret
1039 842 1084 863 aut
1097 836 1194 862 melius
1209 841 1254 862 aut
1267 837 1359 863 eodem
1374 837 1451 863 modo
1463 846 1490 863 se
1506 846 1583 872 posse
1597 838 1696 863 dicere:

885 896 886 901 .
909 874 1002 901 Crasso
1012 875 1115 900 dicente
1126 883 1202 900 nemo
1212 878 1265 900 tam
1276 875 1460 909 arrogans,qui
1471 875 1595 900 similiter
1605 884 1632 900 se
1641 884 1699 901 um-

885 931 886 938 .
908 920 989 946 quam
1000 911 1134 937 dicturum
1145 920 1203 937 esse
1209 911 1551 943 confideret.Quamobrem,
1560 921 1592 938 ne
1604 912 1698 938 frustra

885 943 886 973 l
909 949 936 975 hi
950 949 1015 975 tales
1031 949 1080 975 viri
1092 949 1220 979 venerint,
1234 953 1257 975 te
1269 948 1420 984 aliquando,
1434 949 1535 980 Crasse,
1550 949 1697 975 audiamus.

964 1023 1021 1051 XC.
1038 1025 1095 1050 365.
1111 1024 1179 1050 Tum
1193 1023 1247 1055 ille,
1263 1024 1296 1050 Ut
1310 1025 1344 1050 ita
1358 1025 1408 1050 ista
1422 1032 1480 1050 esse
1493 1024 1644 1055 concedam,
1659 1025 1700 1050 in-

908 1062 975 1096 quit,
1000 1062 1107 1093 Antoni,
1131 1070 1199 1096 quae
1218 1066 1281 1087 sunt
1300 1061 1376 1097 longe
1395 1070 1482 1093 secus,
1506 1062 1572 1096 quid
1591 1061 1656 1087 mihi
1672 1067 1701 1087 tu

908 1099 1014 1125 tandem
1034 1099 1112 1125 hodie
1130 1103 1175 1125 aut
1193 1099 1309 1133 cuipiam
1324 1099 1434 1129 homini,
1451 1099 1523 1133 quod
1537 1099 1590 1125 diei
1604 1100 1697 1133 possit.

910 1136 1062 1171 reliquisti?
1093 1136 1182 1162 Dicam
1206 1137 1277 1162 enim
1296 1145 1365 1167 vere,
1391 1137 1547 1162 amicissimi
1566 1136 1697 1167 homines,

886 1190 887 1206 2
908 1174 981 1209 quod
1004 1174 1103 1200 sentio:
1127 1182 1204 1208 saepe
1227 1182 1275 1209 ego
1298 1173 1388 1200 doctos
1411 1174 1541 1205 homines,
1557 1174 1622 1208 quid
1641 1174 1700 1199 dico

886 1216 887 1219 ’
909 1210 1005 1246 saepe?
1029 1212 1111 1237 immo
1130 1219 1344 1245 nonnumquam;
1371 1219 1449 1245 saepe
1468 1212 1538 1237 enim
1553 1212 1599 1246 qui
1614 1212 1697 1245 potui,

908 1249 955 1283 qui
970 1257 1037 1283 puer
1050 1249 1077 1274 in
1092 1248 1179 1274 forum
1194 1249 1311 1274 venerim
1326 1257 1412 1283 neque
1427 1248 1488 1274 inde
1501 1257 1629 1283 umquam
1640 1248 1700 1274 ‹liu-

909 1286 972 1317 tius,
989 1294 1069 1321 quam
1084 1290 1216 1321 quaestor,
1233 1285 1383 1312 abfuerim?
1401 1286 1449 1312 sed
1463 1290 1550 1312 tamen
1561 1286 1661 1317 audivi,
1672 1291 1700 1312 ut

910 1323 966 1349 heri
989 1323 1119 1354 dicebam,
1145 1327 1170 1349 et
1184 1323 1294 1349 Athenis
1309 1332 1394 1358 quum
1408 1332 1504 1354 essem,
1530 1323 1699 1349 doctissimos

910 1361 981 1386 viros
999 1365 1024 1387 et
1037 1361 1065 1386 in
1078 1360 1140 1386 Asia
1154 1361 1236 1386 istum
1251 1361 1340 1395 ipsum
1356 1360 1495 1395 Scepsium
1511 1361 1698 1392 Metrodorum,

909 1406 994 1432 quum
1009 1398 1041 1424 de
1056 1398 1098 1423 his
1112 1398 1179 1432 ipsis
1194 1398 1273 1424 rebus
1288 1398 1445 1432 disputaret.
1468 1398 1560 1433 Neque
1575 1406 1636 1424 vero
1650 1399 1701 1424 mi-

910 1435 936 1461 hi
951 1435 1095 1470 quisquam
1110 1435 1244 1469 copiosius
1260 1444 1387 1470 umquam
1402 1436 1477 1461 visus
1488 1440 1527 1461 est
1539 1444 1625 1470 neque
1636 1435 1701 1461 sub-

910 1472 983 1498 tilius
1007 1473 1034 1498 in
1057 1473 1106 1498 hoe
1129 1481 1224 1507 genere
1243 1472 1357 1503 dicendi,
1378 1481 1459 1507 quam
1478 1473 1527 1499 iste
1546 1473 1624 1498 hodie
1642 1481 1700 1499 esse

910 1514 1040 1535 versatus.
1060 1509 1136 1542 Quod
1151 1510 1172 1535 si
1187 1514 1257 1535 esset
1271 1509 1354 1540 aliter,
1371 1514 1396 1535 et
1409 1509 1510 1544 aliquid
1525 1509 1698 1543 intelligerem

909 1547 942 1573 ab
956 1547 1070 1573 Antonio
1084 1547 1310 1581 praetermissum,
1327 1556 1378 1573 non
1390 1555 1475 1573 essem
1488 1551 1540 1573 tam
1552 1548 1700 1573 inurbanus

910 1593 939 1610 ac
957 1593 1039 1619 paene
1058 1585 1231 1615 inhumanus,
1249 1585 1287 1610 uti
1305 1594 1334 1609 co
1353 1594 1485 1619 gravarer,
1506 1584 1578 1619 quod
1593 1594 1639 1610 vos
1653 1593 1700 1610 cu-

910 1630 971 1656 pere
986 1623 1121 1647 sentirem.
1144 1624 1201 1647 366.
1218 1622 1285 1647 Tum
1300 1622 1446 1656 Sulpicius,
1460 1622 1499 1648 An
1514 1630 1584 1657 ergo,
1602 1623 1697 1656 inquit,

909 1659 1009 1685 oblitus
1023 1659 1170 1689 es.Crasse,
1184 1659 1327 1685 Antonium
1342 1659 1376 1685 ita
1391 1659 1518 1693 partitum
1532 1668 1590 1685 esse
1602 1664 1698 1686 tecum,

910 1701 938 1722 ut
960 1697 1018 1731 ipse
1040 1697 1248 1722 instrumentum
1271 1697 1381 1723 oratoris
1404 1701 1553 1731 exponeret,
1576 1697 1622 1722 tibi
1642 1697 1700 1722 cius

909 1734 1106 1760 distinctionem
1130 1738 1209 1768 atque
1231 1738 1353 1760 ornatum
1376 1733 1554 1768 relinqueret?
1575 1734 1621 1760 llic
1644 1734 1697 1760 illc.

909 1771 1038 1803 Primum,
1059 1772 1120 1806 quis
1140 1771 1254 1797 Antonio
1271 1771 1401 1805 permisit,
1418 1772 1514 1806 inquit,
1532 1776 1559 1797 ut
1574 1776 1598 1797 et
1614 1776 1700 1806 partes

910 1808 1005 1835 faceret
1023 1813 1057 1838 et,
1073 1813 1159 1834 utram
1175 1808 1262 1839 vellet,
1284 1809 1354 1843 prior
1368 1809 1425 1843 ipse
1439 1809 1574 1834 sumeret?
1594 1808 1698 1839 deinde,

909 1847 931 1872 si
951 1856 999 1881 ego
1017 1851 1085 1872 recte
1104 1845 1232 1876 intellexi,
1253 1855 1338 1880 quum
1353 1846 1429 1872 valde
1445 1845 1556 1872 libenter
1570 1846 1698 1875 audirem,

911 1883 976 1909 milii
994 1884 1134 1910 coniuncte
1153 1888 1193 1909 cst
1211 1884 1286 1909 visus
1303 1883 1335 1909 de
1355 1887 1466 1918 utraque
1486 1892 1511 1909 re
1525 1883 1622 1909 dicere.
1657 1883 1701 1909 lllc

911 1930 979 1952 vcro,
1005 1921 1093 1955 inquit
1117 1920 1199 1952 Cotta,
1224 1925 1376 1946 ornamenta
1398 1921 1523 1946 orationis
1547 1929 1597 1947 non
1617 1921 1700 1955 attigit

887 1977 888 1982 .
910 1967 997 1993 neque
1015 1967 1072 1984 eam
1092 1958 1206 1989 laudem,
1223 1966 1256 1984 ex
1270 1967 1322 1992 qua
1337 1957 1486 1992 eloquentia
1503 1967 1597 1984 nomen
1612 1959 1700 1992 ipsum

910 1996 1021 2022 invenit.
1056 1996 1140 2022 Verba
1160 1995 1250 2030 igitur,
1272 1995 1359 2029 inquit
1373 1996 1494 2026 Crassus,
1512 1995 1577 2021 mihi
1593 1995 1702 2029 reliquit

910 2034 1049 2064 Antonius,
1067 2042 1121 2058 reni
1136 2033 1193 2067 ipse
1207 2033 1333 2067 sumpsit.
1368 2034 1424 2058 367.
1451 2033 1518 2058 Tum
1538 2033 1641 2062 Caesar,
1662 2033 1699 2062 Si,

886 2074 888 2100 ζ
909 2071 981 2105 quod
996 2070 1134 2097 difficilius
1148 2074 1196 2100 cst,
1213 2070 1240 2095 id
1255 2070 1302 2095 tibi
1318 2069 1434 2104 reliquit,
1451 2074 1491 2096 est
1502 2070 1586 2100 nobis,
1604 2070 1699 2104 inquit.

909 2117 1012 2139 caussa,
1033 2117 1080 2134 cur
1099 2112 1121 2133 te
1141 2107 1232 2133 audire
1250 2107 1405 2142 cupiamus,
1432 2108 1483 2138 siu,
1499 2107 1571 2142 quod
1587 2107 1699 2134 facilius

911 2146 958 2171 tibi
973 2154 1066 2171 caussa
1082 2154 1133 2171 non
1148 2149 1196 2175 est,
1212 2153 1260 2170 cur
1279 2153 1395 2170 recuses.
1430 2145 1460 2170 131
1480 2144 1599 2175 Catulus,
1620 2144 1699 2176 Quid,

910 2183 981 2217 qued
996 2183 1098 2213 dixisti,
1114 2182 1210 2216 inquit,
1227 2182 1329 2213 Crasse,
1346 2182 1368 2208 si
1384 2182 1427 2208 hic
1442 2182 1519 2207 hodic
1529 2182 1600 2216 apud
1612 2186 1635 2207 tc
1646 2190 1701 2207 uiav

911 2229 1043 2250 nei-emus,
1066 2225 1089 2245 te
1108 2228 1206 2245 morcui
1227 2219 1303 2245 nobis
1317 2228 1375 2245 esse
1389 2224 1537 2254 gesturum.
1555 2218 1655 2244 nihilne
1669 2218 1700 2243 ad

911 2257 989 2283 lidciu
1005 2261 1077 2283 tuam
1093 2261 1170 2291 putas
1190 2255 1338 2290 pertinere‘.l
1358 2257 1425 2282 Tum
1441 2257 1513 2282 Cotta
1525 2256 1622 2284 ridens,
1640 2256 1701 2281 l‘os-

910 2303 967 2320 sem
982 2294 1039 2325 tibi,
1056 2294 1153 2328 inquit,
1166 2294 1268 2325 Crasse,
1280 2293 1437 2322 ‹·miccdei·c;
1454 2303 1475 2319 si
1484 2294 1500 2319 d
1516 2293 1585 2323 vide,
1595 2302 1625 2318 nc
1635 2293 1701 2327 quid

910 2331 1020 2357 Catulus
1035 2331 1151 2357 attulerit
1166 2330 1316 2365 religionis:
1339 2339 1407 2365 opus
1423 2331 1470 2356 hoc
1485 2331 1635 2356 censorium
1651 2335 1699 2355 cst.

911 2369 936 2395 ld
962 2373 1050 2394 autem
1072 2368 1245 2399 committere,
1272 2368 1333 2394 vido
1356 2377 1436 2402 quam
1456 2368 1490 2394 sit
1510 2368 1609 2393 homini
1626 2372 1702 2402 turpe

909 2406 1038 2432 censorio.
1074 2405 1150 2439 Agite
1174 2414 1243 2435 vcro,
1269 2406 1365 2440 inquit,
1392 2410 1419 2431 ut
1434 2404 1526 2430 vultis.
1561 2404 1612 2430 Sed
1632 2413 1702 2430 nunc

909 2443 1028 2478 quidem,
1045 2443 1171 2477 quoniam
1187 2441 1212 2467 id
1227 2443 1353 2476 temporis
1368 2447 1415 2471 cst,
1428 2441 1593 2477 surgendum
1607 2451 1702 2468 censeo

909 2486 934 2507 ct
957 2479 1193 2514 requicscciuluin3
1222 2485 1280 2513 post
1303 2479 1450 2509 meridiem,
1475 2480 1497 2505 si
1517 2479 1550 2505 ita
1570 2479 1645 2505 vobis
1664 2485 1701 2504 cst

909 2517 1089 2547 comnioduni,
1111 2516 1251 2551 loquemur
1268 2516 1380 2551 aliquid,
1403 2517 1452 2542 nisi
1474 2516 1538 2542 forte
1561 2516 1587 2542 in
1610 2517 1701 2542 crasti-

911 2564 974 2581 num
993 2555 1097 2580 dill‘crre
1117 2553 1252 2580 mavultis.
1287 2556 1386 2580 Omnes
1405 2564 1433 2580 se
1449 2553 1488 2580 vcl
1508 2554 1596 2579 statim
1613 2553 1662 2580 vel.
1680 2555 1701 2579 si

910 2593 966 2626 ipsc
987 2597 1042 2626 post
1063 2591 1201 2617 meridiem
1221 2591 1320 2622 mallet,
1336 2592 1536 2627 quanwrinuun
1554 2597 1639 2618 tamen
1655 2600 1702 2616 au·

909 2629 966 2656 dirc
981 2629 1048 2655 vello
1062 2628 1195 2655 dixerunt.
