1941 3052
185 147 231 173 ›ffil

182 215 255 252 quod
278 216 328 241 iam
346 213 391 240 ‹liu
410 213 497 246 innota
513 214 576 237 sunt
591 209 657 236 mihi
676 209 724 235 ista
735 209 836 235 omnia.
876 207 972 240 Quare,

186 259 213 280 ut
227 253 260 279 ad
276 258 299 279 te
315 257 374 277 auu·
393 250 503 283 scripsi,
526 256 610 282 ‹pnim
623 251 721 275 cetera,
740 251 796 271 tum
811 245 973 280 respublica,

184 299 256 320 vurav
271 294 298 315 ut
311 288 375 314 mihi
389 292 446 312 nuta
460 286 502 311 sit.
544 284 620 309 l'lura
633 283 783 309 scribebam
797 282 870 309 tarde
887 282 977 308 reddi-

186 333 257 354 tum:
290 325 335 350 ,ιιι-«1
353 324 449 349 «labam
466 321 590 348 familiari
608 321 709 346 homini
726 328 755 345 at·
771 319 926 348 domestico,
945 319 974 345 C.

186 364 336 390 Amirouivu
353 359 503 386 Puteolano.
544 358 582 384 Tu
599 363 687 384 autem
702 365 782 391 saepe
792 357 854 383 darc
866 356 977 382 tabella-

187 402 232 426 ιιι-ι
254 399 457 434 publicanorum
483 396 581 431 poteris
601 404 648 429 per
668 395 808 430 magistros
829 395 976 429 scripturae

185 443 210 464 et
222 442 312 472 portus
325 439 474 461 nostrarum
489 433 664 459 dioecesium.

234 505 294 526 XVl.
314 506 342 525 (lu
354 512 382 522 vu·
394 512 403 522 ιι
414 504 499 522 avum-atu
510 505 532 521 ml
543 507 609 522 sum,
621 504 676 522 ιι..ι.,,
686 504 745 521 ΜΠ..
753 502 778 519 η..
788 508 834 519 ω..-
845 503 900 523 70³.)

367 542 535 570 thssuo
564 541 732 568 ATTlCs)
761 540 790 568 S.

241 584 264 608 l.
287 577 347 607 Etsi
365 582 390 607 iu
404 581 461 615 ipso
475 581 566 606 itinere
578 584 603 606 et
615 580 656 605 via
668 578 842 605 iliseedebant
854 577 977 612 publica-

187 627 281 645 norum
303 617 446 646 tabellarii,
469 622 494 643 et
509 625 615 643 eramus
632 617 658 642 in
674 624 768 642 cursu:
792 620 879 642 tamen
892 615 977 640 surri-

187 655 315 691 piendum
336 654 440 690 aliquid
459 654 550 689 putavi
570 654 664 688 spatii,
688 662 719 679 ne
736 661 776 679 mc
792 653 975 678 immemorem

187 693 304 720 mandati
316 693 354 719 tui
367 697 483 726 putares.
511 692 600 726 ltaque
613 690 724 716 subsedi
737 691 764 716 in
775 690 832 724 ipsa
844 690 897 719 via.
910 688 975 715 dum
998 714 1000 724 ‚

188 731 260 761 haec,
279 738 348 765 quae
365 729 512 764 longiorem
523 728 676 755 desiderant
686 728 842 757 orationem,
856 735 977 752 summa-

186 769 234 794 tim
256 767 304 794 tibi
320 767 524 802 perscriberem.
563 767 588 792 Ξ.
609 766 724 792 Maxima
738 764 934 800 exspectatione
950 764 976 790 in

186 804 318 840 perditam
338 809 363 831 et
379 803 456 839 plane
467 811 588 829 eversam
601 803 628 829 in
640 807 798 838 perpetuum
810 801 977 837 provinciam

186 851 235 869 nos
255 843 362 869 venisse
380 842 448 868 scito
467 840 554 876 pridie
571 839 629 867 Kal.
646 839 773 870 Sextiles,
806 844 919 865 moratos
930 839 978 865 tri-

186 879 271 906 duum
297 878 453 907 Laodiceae.
481 878 599 904 triduum
621 877 766 912 Apameae,
790 876 899 903 totidem
918 876 977 902 dies

186 916 322 952 Synnade.
363 915 526 942 Audivimus
540 914 607 942 nihil
621 914 705 945 aliud,
719 914 771 941 nisi
784 914 911 948 imperata
923 916 977 939 lm-

186 953 297 988 ῃεφάλια
316 952 419 980 solvere
435 961 486 979 non
503 961 595 987 posse:
621 951 689 982 ὠνάς
703 951 824 978 omnium
839 950 975 977 venditas:

186 991 326 1018 civitatum
345 990 472 1026 gemitus,
494 989 625 1025 ploratus;
649 993 765 1015 monstra
781 988 913 1024 quaedam
926 996 976 1014 non

188 1028 315 1058 hominis,
328 1028 375 1054 sed
389 1027 457 1054 ferae
470 1028 559 1053 nescio
569 1028 647 1053 cuius
659 1026 795 1053 immanis,
812 1025 883 1058 Quid
894 1033 978 1060 quae-

187 1065 243 1092 ris‘?
265 1065 351 1092 taedet
365 1065 474 1091 omnino
490 1073 536 1091 eos
547 1065 558 1076 ·
571 1065 650 1090 vitae.
695 1066 719 1090 3.
742 1063 875 1090 Levantur
890 1067 978 1089 tamen

186 1103 300 1129 miserae
315 1103 446 1133 civitates,
459 1101 532 1136 quod
544 1101 635 1128 nullus
647 1101 675 1128 lit
685 1105 810 1135 sumptus
822 1101 848 1126 in
861 1108 918 1130 nOS,
932 1107 979 1126 ne-
1000 1111 1009 1136 g,

186 1147 240 1175 que
252 1141 278 1166 in
292 1139 400 1176 legatos,
419 1147 506 1174 neque
523 1140 548 1165 in
565 1143 733 1174 quaestorem
746 1145 833 1173 neque
844 1138 871 1163 in
883 1145 979 1172 quem—
1000 1156 1001 1166 ,

186 1185 278 1212 quam.
318 1177 397 1208 Scito,
419 1185 471 1203 non
490 1176 568 1202 modo
585 1184 631 1202 nos
647 1175 764 1205 foenum,
782 1179 827 1201 aut
838 1174 910 1209 quod
922 1174 978 1209 lege
1000 1174 1002 1196 ἴ

186 1214 253 1241 Iulia
269 1214 326 1241 dari
341 1213 415 1245 solet,
439 1222 490 1240 non
507 1214 636 1248 accipere,
657 1212 704 1239 sed
720 1221 753 1239 ne
768 1211 840 1247 ligna
851 1211 976 1247 quidem:

187 1259 236 1278 nec
251 1256 355 1287 praeter
372 1255 498 1286 quattuor
514 1250 595 1277 lectos
611 1255 637 1277 et
647 1254 746 1277 tectum
758 1257 923 1284 quemquam
935 1257 980 1275 ac-
1001 1275 1002 1282 χ

185 1290 275 1324 cipere
291 1288 454 1324 quidquam:
478 1286 571 1314 multis
588 1286 654 1314 locis
665 1295 697 1314 ne
710 1292 808 1314 tectum
819 1286 941 1322 quidem,
955 1290 981 1313 et

186 1327 214 1353 in
235 1325 406 1353 tabernaculo
427 1333 534 1351 manere
549 1324 719 1359 plerumque.
759 1325 850 1360 Itaque
863 1324 980 1351 incredi-

186 1362 269 1390 bilem
290 1364 318 1390 in
333 1362 442 1389 modum
459 1371 605 1389 concursus
622 1362 690 1389 liunt
703 1370 737 1389 ex
751 1362 837 1398 agris,
855 1370 889 1388 ex
899 1362 978 1392 vicis,

186 1409 220 1427 ex
231 1400 358 1427 domibus
374 1400 512 1427 omnibus.
542 1399 694 1426 Mehercule
709 1401 790 1426 etiam
801 1399 920 1426 adventu
932 1407 980 1425 no-

186 1443 240 1465 stro
255 1438 435 1470 reviviscunt3
458 1437 570 1468 iustitia,
588 1437 764 1468 abstinentia,
782 1436 924 1463 clementia
940 1436 979 1463 tui

185 1475 332 1502 Ciceronis
392 1476 482 1510 ltaque
510 1475 651 1509 opiniones
678 1475 800 1501 omnium
830 1474 978 1509 superavit.

186 1514 210 1540 4.
232 1513 346 1548 Appius,
367 1517 396 1539 ut
407 1512 512 1539 audivit
522 1521 569 1539 nos
581 1513 682 1543 venire,
696 1512 722 1538 in
735 1511 857 1538 ultimam
869 1511 981 1546 provin-

185 1551 255 1577 ciam
267 1558 295 1577 se
305 1550 419 1577 coniecit
432 1550 545 1576 Tarsum
557 1557 657 1585 usque:
683 1549 722 1575 ibi
733 1548 821 1576 forum
835 1549 900 1585 agit.
944 1549 980 1574 De

186 1587 282 1614 Partho
292 1587 431 1614 silentium
442 1591 494 1619 est,
522 1586 569 1613 sed
582 1591 669 1613 tamen
680 1587 802 1613 concisos
816 1587 921 1621 equites
933 1593 980 1612 no—

186 1630 254 1652 stros
270 1633 283 1651 a
295 1624 416 1651 barbaris
428 1624 589 1651 nuntiabant
600 1624 629 1654 ii,
642 1624 691 1659 qui
702 1623 855 1650 veniebant.
896 1623 980 1649 Bibu-

188 1662 230 1689 lus
249 1670 282 1688 ne
301 1662 434 1697 cogitabat
454 1661 565 1696 quidem
581 1661 661 1687 etiam
678 1669 750 1687 nunc
768 1661 796 1687 in
811 1661 979 1695 provinciam

185 1708 263 1726 suam
274 1699 409 1726 accedere.
450 1698 479 1725 ld
490 1703 578 1725 autem
591 1697 677 1725 facere
687 1697 721 1724 ob
732 1705 791 1724 eam
802 1705 925 1724 caussam
937 1697 980 1723 di-

186 1736 290 1767 cebaut,
307 1735 379 1772 quod
393 1735 496 1762 tardius
511 1735 593 1762 vellet
606 1734 746 1762 decedere.

187 1773 406 1809 properabamus⁷
418 1781 488 1808 quae
498 1772 609 1799 aberant
621 1772 709 1799 bidui.

786 1735 840 1762 Nos
855 1735 883 1762 in
894 1740 979 1762 castra

239 1842 312 1864 XVII.
340 1844 370 1866 (ln
384 1844 449 1862 itinere
463 1842 488 1862 ad
503 1847 561 1861 casua
573 1843 636 1866 paullo
651 1846 692 1865 post
701 1843 815 1865 superiorem
825 1842 924 1866 epistotam
934 1843 980 1864 set.)

373 1885 540 1913 CICERO
568 1885 736 1913 ATTICO
765 1885 793 1912 S.

245 1926 267 1950 l.
288 1919 391 1958 Accepi
403 1924 485 1950 Roma
495 1924 553 1949 sine
564 1922 676 1958 epistola
688 1927 731 1949 tua
742 1922 902 1949 fasciculum
910 1921 981 1949 litte-

187 1969 289 1993 rarumg
313 1961 341 1987 in
352 1969 415 1996 quo,
428 1961 452 1987 si
463 1960 542 1987 modo
553 1960 662 1986 valuisti
673 1965 700 1986 et
709 1961 807 1987 Romae
820 1959 905 1990 fuisti,
916 1959 982 1986 Phi-

189 1998 274 2025 lotimi
287 1997 357 2024 duco
367 2006 427 2024 esse
438 1997 556 2032 culpam,
569 2005 621 2023 non
633 2002 717 2023 tuam.
757 1997 829 2023 Hanc
839 1996 980 2032 epistolam

187 2035 287 2062 dictavi
317 2034 414 2062 sedens
445 2036 473 2061 in
500 2034 596 2065 rheda,
629 2043 715 2069 quum
738 2034 766 2061 in
790 2039 875 2061 castra
898 2034 981 2069 profi—

186 2073 314 2102 ciscerer,
341 2080 355 2098 a
375 2072 477 2107 quibus
500 2072 607 2098 aberam
629 2071 717 2098 bidui.
766 2072 862 2098 Paucis
881 2071 980 2098 diebus

188 2109 320 2136 habebam
345 2114 430 2136 certos
455 2109 592 2139 homines,
623 2108 725 2143 quibus
750 2108 841 2135 darem
867 2108 978 2135 litteras.

188 2148 278 2182 ltaque
293 2155 324 2174 eo
339 2155 381 2173 me
395 2147 512 2173 servavi.
543 2148 569 2174 2.
584 2146 647 2177 Nos,
661 2147 766 2172 tametsi
778 2146 828 2172 hoc
838 2151 863 2173 te
874 2154 908 2173 ex
918 2145 979 2172 aliis

186 2184 281 2211 audire
297 2184 380 2215 malo,
396 2185 436 2210 sic
452 2184 479 2210 in
494 2183 633 2219 provincia
649 2192 696 2210 nos
711 2184 846 2219 gerimus,
864 2183 936 2218 quod
946 2182 979 2209 ad

187 2221 377 2258 abstinentiam
395 2222 500 2252 attinet,
523 2226 552 2247 ut
568 2220 660 2247 nullus
674 2221 813 2247 teruncius
828 2221 981 2247 insumatur

187 2260 216 2286 in
226 2267 402 2294 quemquam.
442 2258 471 2285 Id
482 2258 511 2285 fit
521 2259 601 2285 etiam
613 2262 639 2284 et
650 2257 808 2294 legatorum,
822 2263 848 2285 et
856 2257 980 2285 tribuno—

187 2304 248 2323 rum
271 2301 297 2322 et
316 2295 510 2331 praefectorum
531 2295 682 2331 diligentia.
723 2296 791 2322 Nam
810 2303 904 2322 omnes
927 2296 980 2321 mi-

187 2333 262 2360 rifice
281 2333 521 2368 συμφιλοΰοξσῦσιν
541 2333 642 2369 gloriae
662 2340 748 2359 meae.
788 2333 870 2367 Lepta
891 2337 980 2359 noster

187 2370 318 2397 mirificus
329 2375 378 2397 est.
420 2370 474 2397 Sed
489 2379 560 2397 nunc
571 2378 694 2405 propero.
734 2370 901 2396 Perscribam
912 2369 945 2396 ad
955 2374 980 2396 te

187 2408 281 2442 paucis
304 2407 403 2434 diebus
423 2408 524 2434 omnia.
564 2409 588 2434 3.
604 2407 745 2434 Cicerones
758 2412 862 2434 nostros
875 2407 981 2434 Deiota—

188 2452 234 2471 rus
249 2444 334 2476 filius,
352 2445 400 2480 qui
412 2453 459 2472 rex
469 2444 503 2471 ab
514 2449 608 2471 senatu
621 2443 772 2479 appellatus
782 2449 835 2475 est,
848 2452 941 2471 secum
952 2444 981 2470 in

188 2489 312 2516 regnum.
352 2482 421 2508 Dum
436 2483 464 2508 in
475 2482 585 2508 aestivis
596 2489 644 2507 nos
655 2489 786 2513 essemus,
799 2481 877 2508 illum
888 2482 980 2517 pueris

190 2518 278 2544 locum
288 2526 347 2545 esse
357 2518 540 2546 bellissimum
555 2518 696 2545 duximus.
736 2519 761 2545 4,
780 2518 885 2546 Sestius
896 2518 930 2545 ad
938 2526 980 2545 me

188 2555 310 2589 scripsit,
330 2563 398 2590 quae
416 2561 506 2583 tecum
523 2560 594 2582 esset
605 2555 639 2582 de
653 2563 711 2582 mea
725 2555 871 2582 domestica
885 2561 912 2583 et
923 2564 982 2582 ma—

189 2591 262 2618 xima
277 2599 341 2618 cura
353 2591 466 2624 locutus,
479 2593 583 2628 etquid
596 2593 646 2619 tibi
657 2597 727 2619 esset
738 2593 839 2619 visum.
879 2592 981 2620 Amabo

189 2632 223 2670 te.
236 2628 364 2655 incumbe
372 2630 401 2655 in
412 2638 470 2656 eam
481 2634 586 2661 rem,·et
595 2629 629 2656 ad
640 2637 683 2656 me
694 2629 790 2661 scribe,
802 2630 870 2665 quid
883 2635 909 2657 et
918 2638 982 2665 pos-

190 2669 239 2696 sit,
262 2670 289 2692 et
311 2670 339 2692 tu
352 2673 472 2694 censeas.
511 2668 537 2694 5.
553 2667 626 2694 Idem
639 2667 751 2702 scripsit
763 2667 934 2695 Hortensium
947 2666 982 2694 de

757 138 799 166 95.
830 137 865 165 M.
896 137 927 164 T.
956 135 1231 164 CICERONlS

1027 205 1191 242 proroganda
1203 210 1290 232 nostra
1303 207 1439 240 provincia
1450 206 1554 233 «lixi-ue
1566 207 1656 233 nescio
1665 206 1743 242 quid.
1765 207 1816 233 Mi-

1029 245 1055 270 hi
1071 245 1096 270 in
1111 244 1231 270 Cumano
1243 242 1452 278 diligentissime
1475 253 1516 273 ne.
1533 249 1562 270 ut
1581 245 1662 270 annui
1682 252 1814 272 essemus.

1027 281 1201 307 defensurum
1218 285 1361 314 receperat.
1391 280 1418 306 Si
1434 281 1583 316 quidquam
1596 290 1637 307 me
1648 289 1730 308 aman.
1745 282 1818 307 hunc

1029 318 1115 344 locum
1131 319 1217 344 muni.
1257 318 1313 343 Dici
1328 326 1379 343 non
1394 322 1492 352 poten.
1507 327 1588 353 quarn
1601 320 1702 345 invitus
1713 328 1726 343 a
1741 317 1818 343 vobis

1028 356 1125 381 absim.
1166 355 1198 381 Et
1213 354 1294 380 simul
1313 354 1379 380 hune
1391 354 1502 387 gloriam
1516 355 1633 382 iustitiae
1643 361 1668 381 ct
1679 355 1802 381 abstinet·

1029 394 1079 419 tiac
1092 391 1145 418 sore
1158 391 1330 418 illustriorem
1346 400 1437 426 spero.
1455 392 1478 418 si
1494 392 1546 418 cim
1556 392 1766 418 decesserimus:
1790 391 1816 417 id

1028 429 1100 464 quod
1119 428 1260 455 Scaevolae
1283 428 1408 463 contigit.
1435 429 1483 463 qui
1503 428 1573 455 solos
1595 437 1690 455 novem
1711 437 1817 455 menses

1028 467 1106 493 Asiae
1122 465 1247 501 praefuit.
1287 467 1313 492 6.
1328 466 1432 500 Appius
1448 470 1550 496 noster,
1567 474 1651 500 quum
1664 475 1705 492 me
1717 466 1818 492 adven-

1029 509 1083 530 tare
1104 503 1220 533 videret.
1243 502 1377 538 profectus
1396 507 1436 529 est
1451 503 1562 529 Tarsum
1577 511 1664 538 usque
1678 503 1816 529 Laodicea.

1029 541 1068 568 lbi
1090 540 1175 567 lorum
1196 541 1265 575 agit,
1286 548 1371 575 quum
1386 548 1436 574 ego
1450 540 1502 566 aim
1521 540 1547 566 in
1564 540 1714 575 provincia;
1736 548 1818 575 quam

1027 579 1087 605 eius
1102 578 1229 604 iniuriam
1244 586 1295 604 non
1311 577 1435 603 insector.
1474 577 1544 603 Satis
1557 577 1629 603 enim
1642 576 1727 603 habeo
1737 585 1820 611 nego-

1029 616 1058 642 tii
1071 616 1098 642 in
1109 614 1236 641 sanandis
1249 614 1417 643 vulneribus.
1425 622 1494 649 quae
1505 619 1569 640 sunt
1580 615 1703 648 imposita
1710 615 1820 648 provin-

1027 653 1095 679 ciae.
1135 651 1225 684 Quod.
1248 651 1283 678 do
1302 660 1424 687 operam.
1447 656 1475 677 ut
1497 651 1591 677 faciam
1610 659 1691 686 quam
1708 651 1819 678 minima

1028 689 1102 716 illius
1113 688 1285 716 contumelia.
1325 688 1379 715 Sed
1391 689 1441 715 hoc
1451 689 1531 715 Bruto
1542 693 1631 715 nostro
1642 688 1722 714 velim
1733 688 1818 717 dicas.

1028 727 1106 754 illum
1120 726 1215 753 recisse
1231 735 1282 753 non
1294 725 1377 756 belle,
1393 727 1441 761 qui
1452 725 1569 752 adventu
1581 733 1652 755 meo.
1668 734 1750 760 quam
1762 725 1820 752 lon-

1027 765 1139 801 gissime
1150 764 1273 799 potuerit,
1286 763 1450 790 discesserit.

1082 833 1164 854 xvm.
1179 836 1210 857 (ιιι
1219 839 1282 852 um..
1292 836 1314 852 ..ι
1325 835 1419 857 manu..
1429 836 1487 853 Muto.
1498 834 1588 852 sumno
1598 840 1644 850 ω...
1656 834 1711 853 τοι)

1215 876 1382 904 CtCEno
1410 876 1580 903 ATTICO
1609 876 1637 902 S.

1085 917 1108 942 4.
1122 910 1215 946 Quam
1228 915 1324 941 vellem
1337 915 1433 940 Romae
1444 922 1526 941 esses.
1540 914 1563 939 si
1575 912 1640 939 forte
1652 921 1702 939 uon
1713 913 1756 938 es!
1779 914 1822 939 ni·

1030 952 1067 979 hil
1081 953 1154 979 enim
1164 953 1229 979 certi
1242 952 1423 980 habebamus,
1437 952 1489 977 nisi
1501 951 1636 985 accepisse
1647 958 1695 976 nos
1707 955 1765 975 tuas
1778 949 1821 976 lit-

1029 995 1097 1017 teras
1112 999 1136 1016 a.
1151 989 1179 1016 d.
1191 997 1256 1015 xiv.
1269 989 1328 1016 Kal.
1340 989 1412 1015 Sext.
1427 988 1516 1014 datas:
1541 989 1566 1014 in
1577 987 1678 1023 quibus
1689 988 1820 1022 scriptum

1029 1032 1108 1057 esset.
1124 1032 1148 1054 tc
1160 1027 1186 1053 in
1199 1027 1310 1061 Epirum
1322 1024 1600 1053 iturumcirciterKal.
1611 1024 1736 1051 Sextiles.
1757 1023 1820 1054 Sed,

1030 1065 1088 1091 sive
1095 1065 1235 1091 Romaees.
1245 1064 1303 1090 sive
1316 1064 1342 1090 in
1354 1063 1443 1098 Epiro.
1452 1063 1540 1089 Parthi
1549 1062 1701 1097 Euphraten
1709 1062 1822 1088 transic-

1031 1106 1092 1128 runt
1117 1101 1186 1127 duce
1212 1102 1323 1131 Pacoro,
1348 1100 1443 1127 Orodi.
1469 1100 1540 1135 regis
1560 1099 1732 1127 Parthorum.
1755 1098 1820 1128 lilio,

1030 1139 1135 1165 cunctis
1150 1138 1204 1165 fere
1215 1138 1311 1172 copiis.
1350 1137 1464 1164 Bibulus
1476 1136 1595 1163 nondum
1605 1136 1765 1162 audiebatur
1779 1144 1822 1161 es-

1030 1184 1058 1202 se
1071 1177 1097 1202 in
1113 1175 1200 1211 Syria.
1240 1175 1350 1202 Cassius
1362 1175 1389 1200 in
1400 1173 1499 1209 oppido
1511 1174 1666 1200 Antiochiae
1675 1181 1737 1199 cum
1748 1173 1821 1199 omni

1031 1214 1164 1239 exercitu:
1206 1221 1254 1239 nos
1269 1214 1295 1239 in
1310 1211 1477 1247 Cappadocia
1491 1211 1524 1237 ad
1538 1212 1655 1237 Taurum
1669 1219 1731 1237 cum
1745 1218 1823 1236 exer-

1030 1251 1086 1277 citu
1103 1250 1135 1277 ad
1151 1249 1287 1286 Cybistra3
1320 1250 1404 1276 hostis
1419 1250 1447 1276 in
1459 1248 1640 1285 Cyrrhestica,
1653 1256 1721 1283 quae
1731 1247 1823 1282 Syriae

1031 1296 1093 1324 pars
1119 1289 1241 1323 proxima
1260 1292 1301 1314 est
1321 1286 1475 1322 provinciae
1497 1294 1581 1312 meae.
1622 1285 1669 1311 Eis
1688 1284 1721 1311 de
1742 1284 1824 1311 rebus

1031 1326 1128 1361 scripsi
1140 1325 1173 1352 ad
1184 1329 1320 1352 senatum:
1348 1332 1416 1359 quas
1428 1323 1538 1354 litteras,
1551 1323 1575 1349 si
1586 1323 1684 1349 Romae
1695 1330 1733 1351 es.
1747 1321 1824 1348 vide-

1032 1363 1083 1394 bis,
1100 1368 1212 1398 putesne
1224 1361 1382 1392 reddendae,
1396 1366 1421 1388 et
1432 1360 1524 1391 multa,
1538 1361 1621 1387 immo
1630 1361 1733 1386 omnia:
1755 1366 1824 1394 quo-

1031 1409 1092 1427 rum
1111 1399 1266 1434 κεφάλαιον,
1290 1407 1322 1425 ne
1342 1398 1409 1434 quid
1428 1399 1498 1425 inter
1511 1406 1588 1424 caesa
1603 1402 1629 1424 et
1643 1401 1775 1432 porrecta,
1795 1399 1825 1422 ut

1031 1438 1115 1468 aiunt,
1128 1437 1218 1464 oneris
1229 1437 1297 1463 mihi
1309 1435 1422 1463 addatur
1431 1440 1477 1462 aut
1487 1435 1624 1470 temporis.
1646 1433 1729 1461 Nobis
1739 1434 1822 1462 enim,

1032 1475 1082 1501 hac
1099 1474 1254 1501 infirmitate
1271 1474 1419 1500 exercitus.
1436 1473 1527 1508 inopia
1542 1473 1690 1501 sociorum,
1703 1479 1825 1506 praeser-

1030 1513 1079 1540 tim
1092 1512 1212 1539 fidelium
1220 1533 1226 1543 ,
1239 1512 1422 1538 certissimum
1432 1509 1588 1537 subsidium
1599 1514 1641 1535 est
1651 1509 1747 1535 biems.
1787 1507 1824 1534 Ea

1031 1550 1055 1576 si
1073 1550 1189 1580 venerit,
1208 1557 1256 1575 nec
1271 1548 1312 1575 illi
1325 1553 1385 1575 ante
1396 1549 1424 1574 in
1436 1555 1522 1574 meam
1534 1547 1700 1582 provinciam
1711 1546 1825 1572 transie—

1031 1588 1097 1617 rint,
1114 1595 1198 1613 unum
1211 1594 1312 1616 vereor,
1325 1593 1357 1612 ne
1369 1590 1477 1612 senatus
1491 1589 1599 1619 propter
1609 1583 1772 1610 urbanarum
1783 1590 1825 1608 re·

1031 1633 1091 1651 rum
1107 1629 1208 1650 metum
1221 1623 1378 1658 Pompeium
1391 1621 1457 1649 nolit
1467 1621 1612 1648 dimittere.
1652 1619 1728 1653 Quod
1739 1620 1763 1646 si
1774 1618 1825 1645 ali-

1032 1670 1079 1688 um
1094 1661 1127 1687 ad
1144 1669 1191 1687 ver
1206 1661 1300 1690 mittit,
1318 1667 1370 1686 non
1383 1659 1485 1690 laboro;
1519 1658 1597 1685 nobis
1607 1657 1686 1684 modo
1696 1657 1825 1692 temporis

1031 1706 1063 1725 ne
1084 1697 1151 1733 quid
1172 1702 1338 1733 prorogetur.
1377 1698 1402 1723 2.
1422 1697 1492 1723 Haec
1506 1696 1602 1731 igitur.
1619 1695 1643 1721 si
1661 1703 1690 1720 es
1710 1695 1822 1720 Romae:

1030 1736 1073 1762 sin
1089 1735 1166 1765 abes.
1189 1739 1235 1761 aut
1249 1735 1330 1760 etiam
1345 1734 1369 1760 si
1380 1733 1456 1765 ades;
1489 1732 1554 1759 haec
1569 1732 1674 1767 negotia
1685 1732 1724 1758 sic
1735 1739 1764 1758 se
1776 1731 1825 1757 ha-

1030 1772 1103 1799 bent.
1144 1771 1251 1798 Stamus
1261 1771 1369 1801 animis,
1385 1776 1419 1801 et.
1431 1770 1495 1805 quia
1505 1768 1637 1799 consiliis,
1649 1774 1678 1795 ut
1689 1768 1823 1800 videmur,

1031 1809 1110 1836 bonis
1121 1810 1231 1840 utimur.
1245 1816 1386 1843 speramus
1397 1808 1477 1834 etiam
1489 1815 1580 1833 manu.
1621 1806 1690 1833 Tuto
1699 1805 1825 1833 consedi—

1030 1855 1101 1877 mus,
1117 1847 1225 1881 copioso
1235 1854 1249 1872 a
1261 1845 1404 1875 frumento.
1415 1844 1537 1871 Ciliciam
1544 1844 1823 1879 propeconspiciente‚

1031 1883 1157 1919 expedito
1167 1883 1201 1910 ad
1211 1882 1384 1913 mutandum,
1399 1882 1472 1914 loco;
1505 1889 1588 1916 parvo
1599 1882 1732 1912 exeritum
1765 1879 1823 1911 sed,

1031 1926 1061 1948 ut
1079 1929 1167 1956 spero,
1190 1920 1223 1947 ad
1245 1919 1462 1947 benevolentiam
1481 1927 1543 1954 erga
1563 1926 1611 1945 nos
1627 1918 1822 1944 consentiente:

1031 1967 1113 1993 quem
1124 1967 1180 1989 nos,
1193 1958 1309 1984 Deiotari
1319 1957 1437 1983 adventu
1447 1964 1509 1982 cum
1522 1956 1580 1982 suis
1590 1955 1718 1982 omnibus
1727 1955 1822 1990 copiis.

1031 1995 1196 2031 duplicaturi
1219 2003 1336 2022 eramus».
1375 1994 1462 2020 Sociis
1482 1992 1566 2020 multo
1589 1991 1756 2019 fidelioribus
1771 1992 1825 2018 uti—

1032 2042 1093 2060 mur
1100 2053 1106 2064 ,
1123 2041 1206 2068 quam
1216 2033 1363 2068 quisquam
1372 2039 1440 2058 usus
1450 2035 1534 2058 esset:
1565 2030 1667 2065 quibus
1678 2028 1825 2056 incredibi-

1032 2070 1065 2097 lis
1079 2070 1188 2097 videtur
1202 2075 1229 2096 et
1238 2074 1327 2096 nostra
1338 2067 1515 2095 mansuetudo
1524 2072 1551 2094 et
1563 2066 1734 2093 abstinentia.
1773 2065 1825 2092 De·

1031 2107 1116 2134 lectus
1136 2107 1251 2134 habetur
1269 2107 1372 2133 civium
1387 2106 1580 2132 Romanorum:
1612 2103 1775 2130 frumentum
1790 2110 1824 2129 ex

1030 2145 1103 2181 agris
1114 2145 1141 2171 in
1155 2144 1210 2171 loca
1222 2149 1277 2171 tuta
1288 2147 1478 2178 comportatur.
1509 2141 1538 2168 Si
1549 2140 1631 2168 fuerit
1640 2141 1753 2169 occasio.
1766 2147 1824 2166 ma-

1031 2191 1067 2209 nu
1075 2203 1081 2213 ,
1097 2182 1139 2208 sin
1151 2181 1252 2213 minus,
1266 2181 1330 2208 locis
1341 2189 1390 2207 nos
1400 2178 1587 2206 defendemus.
1627 2180 1652 2205 3.
1677 2177 1765 2210 Quare
1775 2176 1824 2203 bo-

1032 2227 1066 2246 no
1077 2220 1167 2246 animo
1180 2227 1220 2245 es.
1260 2218 1345 2244 Video
1358 2218 1432 2244 enim
1442 2222 1481 2247 te.
1499 2221 1538 2247 et,
1550 2216 1630 2251 quasi
1640 2222 1728 2242 coram
1738 2212 1822 2244 adsis,

1031 2258 1068 2283 ita
1078 2264 1158 2283 cerno
1168 2255 1343 2291 συμπάθειαν
1353 2255 1452 2281 amoris
1463 2254 1514 2280 tui.
1545 2252 1599 2280 Sed
1609 2257 1634 2279 te
1645 2259 1717 2288 rogo,
1732 2251 1766 2286 (si
1780 2250 1824 2277 ul-

1032 2294 1056 2321 lo
1066 2299 1144 2329 pacto
1155 2293 1212 2320 fieri
1226 2292 1374 2328 poterit‚)si
1385 2293 1487 2327 integra
1498 2291 1528 2318 in
1537 2294 1632 2317 senatu
1645 2294 1734 2315 nostra
1744 2296 1824 2314 caus-

1031 2340 1060 2358 sa
1075 2331 1110 2358 ad
1125 2330 1184 2357 Kal.
1201 2331 1257 2357 lan.
1274 2330 1412 2359 manserit,
1425 2334 1456 2355 ut
1464 2329 1563 2355 Romae
1575 2327 1615 2353 sis
1624 2334 1716 2352 mense
1727 2326 1823 2352 lanua—

1031 2369 1080 2395 rio.
1120 2367 1240 2395 Profecto
1260 2366 1329 2394 nihil
1349 2367 1480 2401 accipiam
1496 2364 1625 2394 iniuriae,
1639 2363 1663 2389 si
1678 2367 1706 2389 tu
1722 2361 1821 2389 aderis.

1031 2406 1139 2432 Amicos
1153 2405 1278 2432 consules
1290 2404 1434 2433 habemus,
1450 2406 1571 2429 nostrum
1583 2400 1723 2428 tribunum
1734 2399 1823 2434 plebis

1031 2443 1172 2470 Furnium.
1198 2442 1298 2469 Verum
1307 2446 1353 2468 tua
1363 2445 1404 2467 est
1412 2447 1481 2475 opus
1491 2438 1656 2468 assiduitate,
1668 2436 1821 2472 prudentia,

1031 2482 1125 2517 gratia.
1165 2480 1284 2515 Tempus
1303 2483 1344 2505 est
1362 2476 1553 2504 necessarium.
1593 2474 1647 2501 Sed
1673 2479 1751 2509 turpe
1771 2478 1820 2503 est,

1032 2526 1075 2544 me
1084 2517 1212 2553 pluribus
1223 2516 1314 2543 verbis
1324 2523 1402 2551 agere
1413 2518 1511 2541 tecum.
1547 2513 1571 2539 4.
1586 2511 1728 2539 Cicerones
1739 2511 1823 2537 nasu-i

1032 2559 1096 2582 sunt
1110 2554 1182 2589 apud
1197 2554 1363 2585 Deiotarum;
1385 2550 1447 2581 sed.
1464 2551 1489 2576 si
1499 2557 1568 2584 opus
1579 2549 1639 2579 erit,
1655 2548 1823 2574 deducentur

1032 2591 1167 2619 Rhodum.
1189 2591 1238 2621 Tu,
1251 2591 1275 2617 si
1288 2598 1317 2616 es
1327 2589 1425 2615 Romae
1434 2607 1441 2618 ,
1465 2591 1496 2613 ut
1504 2586 1584 2617 soles,
1595 2585 1819 2621 diligentissime:

1032 2630 1095 2656 siin
1108 2629 1203 2664 Epiro,
1216 2628 1292 2654 mitte
1301 2631 1389 2653 tamen
1400 2624 1434 2651 ad
1444 2631 1493 2651 nos
1502 2623 1536 2650 de
1547 2622 1726 2657 tuisaliquem
1737 2620 1822 2649 tabel—

1034 2666 1145 2697 larium,
1176 2670 1207 2692 ut
1226 2669 1253 2692 et
1267 2669 1310 2695 tu,
1326 2661 1394 2698 quid
1408 2669 1457 2689 nos
1470 2669 1591 2697 agamus,
1604 2665 1630 2687 et
1640 2668 1698 2690 nos,
1711 2657 1779 2694 quid
1792 2662 1820 2685 tu
