1941 3052
356 159 541 186 ORATIO
570 160 602 185 11.
636 159 690 185 DE
724 158 850 185 LEGE
884 156 1245 184 AGRARIA.CAP.

1284 159 1307 182 ll
1333 173 1369 176 —
1392 158 1431 183 ¹7.
1664 159 1714 185 403

73 232 156 259 libera
170 240 184 257 a
198 231 285 262 vobis,
301 231 398 266 partim
412 231 492 256 etiam
503 231 622 266 ignorata
632 230 709 256 vobis
721 233 792 259 sunt,
810 237 870 263 per·
891 232 893 248 ι
922 228 1047 255 victoriae
1061 228 1132 259 iure,
1149 227 1232 254 saetae
1246 232 1322 260 sunt:
1343 228 1408 254 urbs
1426 232 1452 254 et
1465 232 1559 254 natura
1577 232 1602 254 et
1620 228 1674 254 situ
1693 233 1719 255 et

73 270 159 296 missu
175 268 241 304 legis
256 269 435 295 continentur.

128 307 209 332 Datur
231 306 313 342 igitur
335 306 372 332 eis
395 306 527 340 primum,
552 309 582 331 ut
605 304 682 330 liceat
703 312 733 330 ea
756 302 871 329 vendere

72 344 175 374 omnia,
199 343 232 369 de
255 344 356 378 quibus
380 342 528 369 vendendis
551 340 782 368 senatusconsulta
805 340 871 366 facta

73 385 137 408 sunt
148 382 182 408 Μ.
196 380 292 412 Tullio,
306 380 354 407 Cn.
367 380 488 408 Cornelio
499 389 568 406 coss.
582 384 627 406 aut
638 383 738 414 postea.
762 380 802 404 36.
819 378 872 404 Cur

74 419 124 446 hoc
146 423 200 445 tam
224 422 264 444 est
285 419 431 445 obscurum
454 422 533 452 atque
555 416 682 444 caecum‘?
707 415 796 448 Quid?
822 415 871 441 ista

73 456 171 487 omnia,
189 455 222 482 de
235 456 337 490 quibus
351 460 460 482 senatus
474 456 586 486 censuit,
604 454 760 480 nominatim
775 453 802 479 in
814 452 872 487 lege

75 493 203 529 perscribi
220 502 306 519 nonne
322 492 483 528 potuerunt‘?
497 493 568 519 Duae
582 496 646 518 sunt
658 492 741 518 huius
751 490 873 517 obscuri-

75 532 136 558 tatis
153 539 278 562 caussae,
299 530 430 563 Quirites:
456 539 509 556 una
528 529 652 565 pudoris,
673 529 696 554 si
710 528 773 563 quis
788 527 874 562 pudor

73 576 132 595 esse
146 573 233 603 potest
246 569 273 595 in
288 573 341 595 tam
356 569 456 604 insigni
466 567 645 602 impudentia:
662 565 742 592 altera
753 564 872 591 sceleris.

74 606 141 632 Nam
161 614 248 640 neque
266 615 309 637 ea,
334 614 404 641 quae
421 610 531 631 senatus
554 603 711 630 nominatim
734 601 873 628 vendenda

75 644 194 674 censuit,
211 644 291 670 audet
304 643 452 678 appellare:
468 647 532 668 sunt
545 642 617 668 enim
633 641 688 667 loca
702 639 810 675 publica
825 639 874 665 Ur-

75 681 131 712 bis,
152 685 216 707 sunt
233 681 342 712 sacella,
368 689 437 715 quae
455 684 515 714 post
532 680 682 705 restitutam
701 677 874 704 tribuniciam

76 723 232 753 potestatem
249 727 326 744 nemo
344 718 443 753 attigit,
466 726 535 752 quae
553 717 665 742 maiores
684 716 711 741 in
726 715 796 741 Urbe
814 722 875 748 par-

76 757 124 782 tim
138 755 251 790 periculi
267 755 388 791 perfugia
402 763 461 781 esse
479 755 631 781 voluerunt.
672 753 741 779 Haec
755 752 813 787 lege
828 752 875 777 tri-

76 793 184 820 bunicia
203 794 348 819 decemviri
367 792 492 819 vendent.
532 791 647 818 Accedet
661 799 691 817 eo
709 798 786 816 mons
801 789 875 815 Gau-

77 840 136 857 rus:
153 830 277 857 accedent
290 830 382 856 salicta
396 830 429 856 ad
440 830 603 856 Minturnas:
620 828 782 863 adiungetur
795 827 874 852 etiam

75 868 122 894 illa
140 868 182 895 via
201 868 346 894 vendibilis
360 867 536 898 Herculanea,
557 866 703 893 multarum
718 864 875 891 deliciarum

76 910 102 932 et
115 914 226 942 magnae
238 906 380 940 pecuniae:
396 905 528 940 permulta
540 904 599 935 alia,
615 912 684 939 quae
694 907 802 929 senatus
814 910 876 936 pro-

77 947 135 979 pter
161 944 298 979 angustias
325 944 418 969 aerarii
442 941 582 969 vendenda
605 941 722 971 censuit,
750 939 875 966 consules

77 985 184 1016 propter
197 981 327 1007 invidiam
342 989 394 1007 non
409 980 597 1007 vendiderunt.
639 980 680 1005 37.
697 978 795 1004 Verum
810 977 875 1003 haec

78 1018 187 1045 fortasse
202 1023 309 1053 propter
322 1018 451 1053 pudorem
462 1018 490 1044 in
501 1017 558 1053 lege
569 1017 720 1043 reticentur.
743 1015 795 1041 Sed
808 1014 875 1041 illud

77 1056 163 1092 magis
177 1061 218 1082 est
231 1056 380 1083 cavendum
396 1060 420 1082 et
434 1054 691 1091 pertimescendum,
706 1053 779 1088 quod
793 1052 876 1078 auda-

77 1094 132 1120 ciae
150 1094 323 1120 decemvirali
342 1093 598 1128 corrumpendarum
617 1091 769 1118 tabularum
784 1090 876 1125 publi-

77 1139 169 1158 carum
183 1132 425 1167 fingendorumque
439 1129 741 1160 senatusconsultorum,
758 1137 826 1163 quae
837 1127 876 1154 fa-

77 1173 117 1196 cta
132 1177 280 1204 numquam
295 1174 367 1200 sunt,
383 1178 469 1204 quum
484 1177 517 1195 ex
531 1177 561 1195 eo
575 1176 695 1198 numero,
711 1167 759 1202 qui
774 1174 821 1201 per
831 1174 875 1191 eos

78 1215 161 1233 annos
175 1207 298 1233 consules
311 1207 427 1238 fuerunt,
444 1206 522 1233 multi
533 1206 631 1232 mortui
641 1206 704 1236 sint,
721 1212 816 1239 magna
828 1212 876 1238 po-

79 1248 159 1271 testas
173 1245 345 1279 permittitur.
386 1245 443 1271 Nisi
459 1244 524 1271 forte
539 1243 605 1270 nibil
620 1247 660 1269 est
674 1251 804 1277 aequum,
828 1250 875 1267 vos

78 1281 112 1308 de
129 1290 221 1308 eorum
240 1282 350 1308 audacia
368 1282 512 1317 suspicari,
541 1289 656 1316 quorum
676 1280 816 1314 cupiditati
835 1279 876 1305 ni-

80 1320 164 1346 mium
180 1324 311 1355 angustus
325 1319 398 1346 orbis
412 1325 541 1346 terrarum
558 1327 617 1345 esse
632 1318 763 1344 videatur.

134 1357 193 1383 XV.
210 1359 251 1383 38.
271 1357 379 1383 Habetis
398 1366 482 1383 unum
503 1356 664 1383 venditionis
683 1363 783 1391 genus,
803 1353 876 1388 quod

80 1403 208 1430 magnum
224 1394 309 1421 videri
324 1394 400 1421 vobis
414 1394 547 1430 intelligo:
572 1394 619 1420 sed
633 1393 759 1419 attendite
773 1392 877 1418 animos

79 1432 112 1459 ad
122 1441 161 1464 ea,
174 1440 242 1467 quae
252 1436 468 1467 consequuntur:
486 1432 557 1458 hunc
567 1431 644 1466 quasi
656 1430 770 1466 gradum
781 1437 878 1464 quem-

79 1470 141 1496 dam
156 1474 236 1505 atque
251 1469 353 1496 aditum
368 1470 401 1496 ad
414 1474 499 1496 cetera
514 1469 612 1495 sactum
627 1467 794 1503 intelligetis
828 1475 877 1497 our

80 1516 254 1538 Aon1,QUA1-:
270 1516 356 1538 Loca,
372 1516 448 1538 QUAE
463 1516 631 1533 aceretem.
663 1505 733 1537 Quid
748 1509 787 1531 est
802 1512 878 1539 prae—

80 1544 168 1572 terea‘?
190 1544 274 1571 multa
288 1545 315 1571 in
330 1545 485 1579 mancipiis,
502 1545 529 1570 in
544 1552 652 1579 pecore,
669 1552 742 1574 auro,
758 1546 875 1577 argento,

79 1582 172 1614 ebore,
197 1586 284 1613 veste,
308 1582 482 1617 supellectili,
507 1582 602 1608 ceteris
620 1581 711 1607 rebus.
752 1579 823 1612 Quid
837 1579 879 1605 di—

79 1619 156 1646 cam?
181 1619 346 1646 invidiosum
362 1624 481 1655 putasset
495 1619 544 1646 hoc
559 1619 626 1650 fore,
652 1619 674 1644 si
689 1618 778 1644 onmia
793 1617 879 1643 nomi—

80 1656 188 1684 nasset?
210 1666 261 1684 non
280 1658 376 1683 metuit
393 1657 533 1683 invidiam.
574 1656 645 1689 Quid
663 1655 744 1691 ergo?
769 1655 877 1689 longum

79 1695 196 1731 putavit,
225 1699 250 1721 et
272 1695 375 1726 timuit,
405 1703 437 1721 ne
459 1694 525 1730 quid
549 1694 716 1729 praeteriret:
744 1692 876 1727 ascripsit,

79 1741 209 1759 Αιιυυνε
228 1741 312 1763 Qum:
337 1741 390 1767 qua
411 1732 539 1758 brevitate
557 1740 613 1758 rem
633 1731 734 1758 nullam
755 1739 814 1756 esse
832 1738 879 1755 ex—

79 1773 184 1805 ceptam
196 1769 302 1796 videtis.
325 1769 463 1805 Quidquid
474 1778 536 1805 ergo
548 1770 583 1796 sit
593 1774 666 1796 extra
679 1768 790 1799 Italiam,
806 1766 879 1802 quod

81 1807 220 1843 publicum
232 1807 324 1842 populi
335 1808 446 1834 Romani
458 1807 555 1833 sactum
567 1807 610 1838 sit,
624 1807 652 1833 L.
661 1805 745 1837 Sulla,
758 1805 790 1838 Q.
802 1806 879 1831 Pom-

82 1845 141 1880 peio
154 1845 321 1877 consulibus,
339 1849 384 1871 aut
398 1849 497 1880 postea,
514 1844 540 1871 id
552 1844 718 1871 decemviros
729 1843 804 1869 iubet
815 1851 879 1869 ven-

81 1882 152 1909 dere.
187 1884 228 1908 39.
249 1883 302 1909 Hoc
315 1883 410 1917 eapite,
426 1882 553 1915 Quirites,
569 1890 662 1908 omnes
676 1886 778 1917 genteS‚
795 1881 880 1906 natio-

83 1928 142 1951 nes,
159 1920 323 1954 provincias,
340 1929 433 1956 regna,
450 1920 632 1946 decemvirnm
647 1919 751 1950 ditioni,
769 1918 877 1949 iudicio,

81 1957 259 1992 potestatique
277 1958 409 1992 permissa
427 1962 453 1984 et
469 1957 616 1984 condonata
635 1965 695 1983 esse
712 1956 781 1983 dico.
823 1955 876 1982 Pri-

81 2003 157 2021 mum
171 1995 243 2021 enim
259 1995 307 2021 hoc
318 2004 425 2030 quaero,
442 1995 489 2029 qui
502 1995 608 2021 tandem
620 1994 694 2021 locus
707 2002 821 2028 usquam
834 1994 877 2024 sit,

81 2040 162 2066 quem
183 2040 234 2058 non
254 2032 359 2067 possint
371 2032 515 2058 decemviri
529 2032 617 2058 dicere
631 2032 771 2066 publicum
787 2032 879 2066 populi

82 2069 193 2096 Romani
207 2077 266 2095 esse
281 2069 390 2096 sactum.
432 2070 508 2100 Nam,
524 2078 609 2104 quum
625 2069 695 2095 idem
711 2069 795 2103 possit
808 2069 880 2095 iudi-

81 2115 149 2138 care,
165 2107 212 2141 qui
226 2106 337 2133 dixerit:
353 2107 420 2141 quid
434 2111 482 2137 est,
499 2106 572 2141 quod
587 2115 637 2133 non
654 2107 730 2133 liceat
743 2106 766 2132 ei
781 2106 878 2138 dicere,

81 2145 125 2171 cui
150 2144 226 2170 liceat
249 2144 335 2170 eidem
359 2143 496 2170 iudicare?
521 2143 697 2171 Commodum
717 2144 766 2170 erit
784 2144 881 2179 Perga-

82 2190 172 2212 mum,
190 2181 346 2217 Smyrnam,
362 2181 472 2213 Tralles,
489 2181 637 2216 Ephesum,
654 2181 784 2212 Miletum,
801 2182 880 2217 Cyzi-

83 2227 154 2250 cum,
172 2223 252 2245 totam
267 2219 384 2254 denique
399 2219 499 2250 Asiam,
514 2227 583 2254 quae
597 2223 658 2254 post
672 2220 701 2246 L.
717 2219 830 2250 Sullam,
847 2220 878 2251 Q.

82 2257 240 2292 Pompeium
259 2256 384 2283 consules
404 2261 557 2291 recuperata
580 2257 627 2287 sit,
656 2257 749 2291 populi
768 2257 879 2283 Romani

83 2293 178 2322 factam
193 2302 252 2321 esse
265 2294 364 2320 dicere.
392 2295 432 2320 40.
450 2294 543 2320 Utrum
557 2294 640 2320 oratio
653 2294 685 2320 ad
700 2295 758 2320 eius
774 2295 810 2320 rei
825 2295 881 2320 ‹lis-

83 2333 247 2367 putationem
261 2331 357 2361 deerit.
379 2340 425 2362 an,
446 2339 531 2366 quum
550 2331 620 2357 idem
635 2336 660 2358 et
673 2331 787 2358 disseret
801 2336 826 2358 et
840 2332 881 2357 iu-

83 2369 191 2401 dicabit,
207 2369 310 2404 impelli
326 2378 376 2395 non
392 2369 495 2403 poterit,
513 2373 542 2394 ut
556 2368 653 2395 falsum
669 2369 786 2395 iudicet?
799 2378 841 2399 an,
858 2370 880 2395 si

83 2406 260 2434 condemnare
281 2407 372 2433 Asiam
397 2406 480 2437 nolet,
507 2410 631 2432 terrorem
654 2406 833 2432 damnationis
856 2411 882 2432 et

83 2444 171 2471 minas
182 2452 242 2475 non,
254 2445 348 2479 quanti
360 2444 437 2475 volet,
451 2443 620 2470 aestimabit?
629 2443 718 2476 Quid?
730 2443 813 2479 (quod
825 2444 882 2470 dis-

84 2481 171 2517 putari
190 2486 279 2508 contra
298 2481 373 2508 nullo
392 2486 467 2516 paeto
486 2485 584 2516 potest,
604 2481 732 2516 quoniam
751 2486 880 2507 statutum

84 2526 98 2545 a
113 2519 189 2546 vobis
203 2523 243 2546 est
256 2523 282 2545 et
295 2518 464 2554 iudicatum.)
477 2527 558 2553 quam
574 2518 745 2544 hereditatem
761 2519 812 2544 inm
824 2527 882 2544 cro-

84 2556 188 2587 vimus,
205 2565 318 2592 regnum
334 2555 491 2592 Bithyniae?
515 2556 587 2591 quod
602 2561 671 2582 certe
687 2555 827 2590 publicum
842 2560 882 2582 est

85 2593 177 2628 populi
192 2594 302 2620 Romani
318 2593 431 2620 factum:
456 2593 589 2628 numquid
608 2602 719 2619 caussae
738 2598 790 2623 est,
815 2594 881 2628 quin

85 2638 177 2657 omnes
192 2639 283 2667 agros,
299 2631 395 2662 urbes,
411 2631 521 2662 stativa,
544 2635 649 2665 portus,
670 2635 749 2656 totam
765 2630 881 2665 denique

85 2667 236 2704 Bithyniam
250 2668 395 2695 decemviri
409 2669 544 2694 vendituri
563 2668 634 2694 sint?
661 2668 729 2694 XVl.
747 2668 818 2700 Quid
833 2668 882 2694 Mi-

85 2704 204 2741 tylenae:
228 2713 298 2741 quae
311 2711 380 2733 certe
394 2710 509 2737 vestrae,
530 2705 661 2738 Quirites,
683 2705 746 2732 belli
761 2705 832 2742 lege,
852 2714 882 2732 ac

922 266 1100 300 descriptione
1118 266 1299 292 aedificiorum
1318 270 1343 291 et
1361 265 1562 300 pulchritudine
1580 266 1608 291 in
1622 266 1718 300 primis

923 303 1035 335 nobilis,
1051 304 1108 339 agri
1122 303 1233 329 iucundi
1248 308 1273 329 et
1286 302 1400 330 fertiles:
1416 311 1512 337 nempe
1527 303 1619 330 eodem
1634 303 1719 337 capite

923 341 1020 367 inclusi
1038 342 1217 367 continentur.
1252 341 1293 367 44.
1313 340 1384 372 Quid
1398 340 1556 367 Alexandria
1570 345 1719 375 cunctaque

923 378 1080 414 Aegyptus?
1102 383 1132 404 ut
1145 377 1246 404 occulte
1261 378 1335 404 latet!
1357 383 1385 404 ut
1399 378 1532 404 recondita
1547 379 1600 404 est!
1621 382 1649 404 ut
1664 377 1721 404 sur-

925 417 971 441 tim
986 420 1038 441 tota
1052 416 1213 441 decemviris
1228 415 1352 442 traditur!
1369 415 1434 448 Quis
1449 416 1519 442 enim
1535 420 1656 442 vestrum
1671 415 1721 441 hoo

924 453 1035 488 ignorat,
1052 453 1105 479 dici
1120 453 1188 479 illud
1202 462 1315 488 regnum
1326 457 1483 479 testamento
1495 454 1565 489 regis
1575 452 1721 480 Alexandri

925 490 1017 525 populi
1032 490 1143 516 Romani
1162 499 1220 516 esse
1240 490 1356 516 factum‘?
1382 491 1429 516 Hic
1447 499 1496 526 ego
1514 490 1608 517 consul
1627 489 1722 525 populi

926 528 1035 554 Romani
1050 536 1101 554 non
1117 527 1195 554 modo
1210 528 1277 553 nihil
1289 528 1386 558 iudico,
1403 528 1451 554 sed
1462 538 1503 559 ne,
1519 528 1585 563 quid
1596 528 1720 558 sentiam,

925 565 1035 599 quidem
1051 565 1164 599 profero.
1195 565 1290 600 Magna
1305 566 1376 591 enim
1392 566 1458 591 mihi
1473 575 1514 592 res
1530 575 1581 592 non
1597 565 1675 591 modo
1689 564 1723 591 ad

925 603 1110 633 statuendum,
1136 602 1184 628 sed
1206 603 1285 628 etiam
1309 603 1341 628 ad
1364 603 1507 629 dicendum
1528 603 1633 629 videtur
1651 611 1721 628 esse.

927 640 1021 669 Video,
1042 641 1089 674 qui
1104 644 1292 666 testamentum
1307 640 1406 666 factum
1426 649 1485 666 esse
1503 642 1653 667 confirmet:
1675 648 1723 666 au-

925 678 1072 703 ctoritatem
1091 682 1200 703 senatus
1219 682 1321 703 exstare
1341 678 1495 704 hereditatis
1520 678 1605 704 aditae
1626 678 1720 708 sentio,

927 719 992 745 tum,
1009 714 1128 749 quando,
1144 714 1295 741 Alexandro
1309 720 1424 745 mortuo,
1443 716 1542 750 legatos
1556 716 1656 751 Tyrum
1672 715 1723 740 mi-

926 753 1025 782 simus,
1045 753 1092 787 qui
1111 752 1143 778 ab
1157 751 1203 777 illo
1218 753 1357 786 pecuniam
1372 753 1519 787 depositam
1536 753 1632 779 nostris
1647 760 1724 778 recu-

926 794 1055 824 perarent.
1077 791 1118 816 42.
1131 790 1199 815 Haec
1210 790 1237 815 L.
1249 790 1405 824 Philippum
1417 799 1496 824 saepe
1511 791 1538 816 in
1553 795 1646 816 senatu
1660 798 1724 816 con-

927 827 1047 853 firmasse
1061 827 1189 853 memoria
1207 832 1296 860 teneo:
1316 836 1392 858 eum,
1412 828 1459 863 qui
1475 836 1588 863 regnum
1603 827 1671 853 illud
1686 832 1724 852 te-

927 869 987 891 neat
1001 865 1050 891 hoc
1065 869 1195 899 tempore,
1216 873 1303 900 neque
1317 874 1427 900 genere,
1449 874 1534 900 neque
1549 866 1638 891 animo
1652 865 1725 899 regio

927 911 994 933 esse,
1011 903 1080 928 inter
1094 911 1186 928 omnes
1202 902 1256 928 fere
1271 902 1348 928 video
1361 903 1513 929 convenire.
1547 903 1648 929 Dicitur
1661 910 1725 928 con-

928 945 974 971 tra,
992 940 1097 966 nullum
1110 948 1169 966 esse
1180 944 1384 967 testamentum:
1401 950 1452 967 non
1462 945 1582 975 oportere
1594 939 1724 974 populum

927 978 1076 1004 Romanum
1090 978 1211 1004 omnium
1227 986 1370 1014 regnorum
1385 983 1552 1013 appetentem
1564 978 1662 1003 videri:
1679 977 1726 1003 de-

928 1016 1087 1051 migraturos
1102 1015 1129 1041 in
1144 1014 1189 1041 illa
1204 1015 1259 1041 loca
1270 1021 1373 1042 nostros
1385 1016 1516 1045 homines,
1533 1020 1640 1050 propter
1650 1023 1726 1050 agro-

928 1062 987 1079 rum
1006 1053 1149 1079 bonitatem
1170 1057 1195 1079 et
1213 1054 1333 1079 omnium
1349 1062 1437 1079 rerum
1452 1054 1566 1088 copiam.
1608 1054 1649 1079 43.
1673 1052 1726 1078 Hac

928 1095 998 1117 tanta
1012 1090 1045 1117 de
1059 1099 1086 1116 re
1096 1091 1125 1116 P.
1138 1091 1234 1117 Rullus
1246 1100 1307 1117 cum
1322 1091 1416 1117 ceteris
1431 1091 1599 1121 decemviris,
1616 1089 1726 1125 collegis

927 1129 993 1159 suis,
1010 1127 1157 1155 iudicabit?
1179 1133 1204 1155 et
1218 1138 1311 1155 verum
1326 1128 1473 1155 iudicabit?
1499 1129 1565 1154 Nam
1581 1132 1727 1162 utrumque

927 1167 963 1192 ita
977 1175 1106 1202 magnum
1120 1171 1173 1198 est,
1199 1171 1229 1193 ut
1242 1166 1317 1193 nullo
1332 1166 1411 1193 modo
1425 1175 1511 1201 neque
1525 1165 1726 1192 concedendum

928 1213 1015 1239 neque
1034 1203 1173 1230 serendum
1192 1205 1236 1230 sit.
1277 1204 1353 1231 Volet
1370 1213 1429 1230 esse
1453 1203 1603 1239 popularis:
1628 1202 1728 1238 populo

927 1242 1046 1268 Romano
1064 1242 1239 1268 adiudicabit.
1279 1242 1349 1278 Ergo
1364 1242 1434 1268 idem
1450 1251 1483 1268 ex
1496 1250 1544 1268 sua
1560 1241 1617 1277 lege
1632 1240 1728 1267 vendet

928 1279 1127 1311 Alexandriam,
1144 1280 1241 1306 vendet
1252 1280 1419 1315 Aegyptum:
1437 1280 1511 1306 urbis
1526 1279 1728 1314 copiosissimae

929 1317 1227 1352 pulcherrimorumque
1238 1326 1361 1353 agrorum
1373 1317 1464 1348 iudex,
1473 1317 1581 1347 arbiter,
1590 1316 1725 1346 dominus,

929 1364 975 1381 rex
989 1355 1105 1390 denique
1120 1355 1319 1390 opulentissimi
1335 1356 1408 1388 regni
1425 1355 1581 1389 reperietur.
1609 1354 1666 1380 Non
1681 1362 1729 1380 su-

929 1397 983 1419 met
992 1392 1044 1418 sibi
1057 1397 1168 1423 tantum,
1186 1401 1237 1418 non
1250 1392 1373 1427 appetet?
1387 1392 1524 1422 iudicabit,
1538 1391 1727 1418 Alexandriam

930 1430 1000 1466 regis
1015 1439 1083 1461 esse,
1100 1439 1114 1456 a
1129 1430 1229 1465 populo
1242 1431 1360 1456 Romano
1375 1430 1550 1456 abiudicabit.

985 1467 1066 1494 XVII.
1082 1469 1122 1494 44.
1139 1468 1257 1493 Primum
1270 1467 1362 1502 populi
1375 1468 1485 1493 Romani
1499 1466 1671 1493 hereditatem
1681 1465 1729 1492 de-

929 1505 1040 1531 cemviri
1054 1505 1182 1536 iudicent,
1199 1514 1283 1540 quum
1300 1514 1346 1531 vos
1363 1504 1500 1531 volueritis
1515 1504 1547 1530 de
1559 1504 1671 1538 privatis
1682 1503 1729 1529 he-

930 1543 1089 1569 reditatibus
1107 1543 1289 1569 centumviros
1308 1542 1444 1568 iudicare?
1470 1542 1569 1568 Deinde
1586 1542 1649 1576 quis
1670 1546 1730 1575 aget

930 1589 1054 1607 caussam
1073 1580 1166 1615 populi
1185 1580 1315 1606 Romanii>
1342 1580 1391 1606 Ubi
1411 1588 1452 1606 res
1472 1580 1521 1605 ista
1540 1578 1652 1614 agetur?
1677 1578 1728 1610 Qui

930 1622 994 1645 sunt
1008 1618 1051 1644 isti
1066 1618 1225 1648 decemviri,
1245 1626 1314 1652 quos
1329 1617 1523 1652 perspiviamus
1538 1625 1652 1650 regnum
1668 1616 1730 1642 Ale-

931 1656 1058 1683 xandriae
1082 1655 1232 1682 Ptolemaeo
1255 1656 1338 1691 gratis
1362 1654 1580 1681 adimlieaturos'?
1605 1653 1682 1686 Quod
1706 1654 1729 1679 si

930 1693 1091 1720 Alexandria
1115 1693 1266 1727 petebatur,
1291 1702 1339 1719 cur
1362 1702 1414 1719 non
1438 1692 1545 1718 eosdem
1564 1700 1661 1717 cursus
1680 1691 1730 1717 hoc

932 1736 1062 1766 tempore,
1079 1739 1147 1765 quos
1162 1731 1191 1756 L.
1205 1730 1288 1761 Cotta,
1306 1731 1335 1756 L.
1353 1731 1485 1765 Torquato
1499 1729 1666 1759 consulibus,
1683 1737 1730 1755 cu-

930 1768 1089 1795 currerunt?
1113 1777 1162 1794 cur
1176 1777 1226 1794 non
1242 1772 1344 1802 aperte,
1366 1773 1394 1794 ut
1408 1766 1502 1794 antea‘?
1527 1776 1574 1793 cur
1589 1776 1640 1793 non
1656 1767 1728 1794 item.

932 1811 961 1833 ut
979 1815 1064 1841 quum
1083 1805 1182 1832 directo
1201 1811 1226 1832 et
1241 1805 1326 1840 palam
1341 1805 1476 1841 regionem
1492 1804 1564 1831 illam
1581 1804 1731 1839 petierunt?

934 1854 966 1871 an
981 1844 1098 1876 Quirites
1113 1844 1145 1874 ii,
1165 1843 1213 1878 qui
1229 1852 1275 1878 per
1288 1852 1398 1869 cursum
1414 1848 1515 1869 rectum
1531 1850 1642 1877 regnum
1658 1846 1731 1868 tent.»

934 1891 960 1908 re
976 1891 1027 1908 non
1043 1885 1200 1916 potuerunt,
1218 1890 1288 1907 nunc
1303 1881 1392 1907 taetris
1408 1880 1524 1906 tenebris
1539 1885 1562 1906 et
1578 1880 1692 1914 caligine
1702 1888 1730 1906 se

932 1919 1120 1946 Alexandriam
1140 1923 1315 1953 perventuros
1334 1918 1452 1944 arbitrati
1472 1917 1554 1944 sunt?
1580 1918 1620 1944 45.
1645 1918 1731 1952 Atque

934 1957 1003 1983 illud
1021 1957 1219 1991 circumspicite
1238 1956 1334 1982 vestris
1354 1956 1491 1982 mentibus
1511 1964 1577 1985 una,
1597 1954 1728 1986 Quirites:

933 1994 1032 2029 legatos
1048 1999 1160 2025 nostros,
1178 1994 1300 2020 homines
1315 1994 1468 2020 auctoritate
1483 1993 1566 2023 tenui,
1582 1993 1629 2027 qui
1642 2001 1730 2018 rerum

933 2033 1099 2067 privatarum
1114 2040 1208 2057 caussa
1225 2031 1369 2066 legationes
1390 2031 1486 2057 liberas
1505 2030 1618 2060 obeunt,
1643 2035 1730 2056 tamen

932 2074 1037 2096 exterae
1057 2070 1176 2095 nationes
1196 2069 1263 2095 serre
1281 2069 1325 2095 vix
1341 2073 1462 2103 possunt.
1504 2068 1591 2095 Grave
1606 2072 1645 2094 est
1659 2068 1730 2094 enim

933 2116 1029 2133 nomen
1044 2107 1164 2141 imperii,
1185 2111 1264 2141 atquc
1279 2106 1305 2132 id
1320 2107 1398 2132 etiam
1415 2106 1441 2132 in
1457 2105 1508 2132 levi
1524 2114 1634 2139 persona
1651 2106 1732 2140 perti-

933 2145 1073 2175 mescitur,
1100 2148 1236 2179 propterea
1259 2144 1332 2178 quffll
1352 2148 1448 2173 vestro,
1475 2152 1526 2169 non
1545 2152 1595 2168 suo
1614 2143 1729 2173 nominc,

932 2191 1016 2218 quum
1033 2182 1094 2207 hinc
1109 2182 1209 2216 egressi
1224 2186 1300 2211 sunt,
1321 2181 1479 2207 abutuntur.
1520 2180 1591 2212 Quid
1605 2181 1729 2211 censetis,

932 2228 1017 2254 quum
1033 2219 1076 2245 isti
1089 2218 1233 2245 decemviri
1243 2227 1305 2245 cuni
1318 2219 1438 2252 imperio,
1454 2226 1515 2244 cum
1529 2217 1656 2246 fascibus,
1669 2226 1730 2243 cum

933 2257 977 2283 illa
996 2256 1096 2282 delecta
1117 2256 1251 2282 {initorum
1273 2257 1411 2282 iuventute
1431 2264 1477 2290 per
1495 2255 1585 2281 orbem
1602 2260 1730 2281 terrarum

934 2294 1116 2330 vagabuntur,
1141 2302 1195 2328 quo
1210 2293 1315 2319 tandem
1331 2294 1433 2322 arrium.
1449 2301 1504 2327 quo
1519 2297 1600 2321 metu,
1617 2301 1671 2326 quo
1686 2301 1732 2327 pe-

934 2331 1017 2358 riculo
1036 2331 1147 2357 miseras
1166 2331 1285 2356 nationes
1305 2329 1426 2356 suturas?
1453 2331 1493 2356 46,
1518 2330 1604 2355 listi-1
1620 2330 1732 2364 imperio

934 2374 1028 2395 terror:
1054 2369 1197 2402 patientur.
1232 2368 1278 2394 Est
1297 2368 1323 2393 in
1342 2367 1458 2393 adventu
1473 2372 1613 2401 sumptus:
1639 2367 1731 2393 serent.

934 2406 1111 2440 lniperabitur
1124 2405 1226 2439 aliquid
1243 2405 1375 2431 muueris:
1392 2414 1443 2430 non
1459 2404 1630 2430 recusalmut.
1663 2404 1731 2430 lllud

934 2452 996 2470 vero
1009 2447 1140 2478 quantum
1155 2447 1208 2473 est,
1228 2442 1357 2474 Quirites,
1377 2450 1462 2476 (μιιιιιι
1479 2442 1500 2467 is
1515 2441 1663 2472 decemvir,
1683 2443 1731 2477 qui

934 2481 1051 2515 aliquam
1067 2481 1093 2506 in
1109 2480 1202 2506 urbem
1217 2485 1262 2506 aut
1276 2484 1454 2514 exspectatus,
1473 2484 1499 2505 ιιι
1511 2479 1618 2514 hospes,
1634 2484 1679 2506 aut
1691 2488 1731 2506 re-

934 2523 1021 2553 pente,
1039 2522 1067 2544 ut
1081 2517 1221 2548 domiuus,
1238 2518 1348 2547 venerit,
1366 2517 1442 2543 illum
1458 2517 1547 2551 ipsum
1564 2516 1661 2548 locum,
1677 2526 1732 2552 quo

935 2556 1046 2586 venerit,
1062 2555 1136 2581 illam
1152 2556 1237 2590 ipsam
1252 2555 1344 2581 sedem
1360 2554 1527 2589 hospitalem,
1545 2554 1571 2580 in
1586 2564 1667 2589 quam
1683 2555 1732 2581 erit

934 2593 1074 2623 deductus,
1092 2592 1227 2627 publicum
1243 2592 1335 2627 populi
1351 2593 1460 2618 Romani
1472 2591 1628 2618 essediret‘?
1641 2593 1731 2624 Quan-

935 2635 958 2657 ta
970 2630 1106 2656 calamitas
1118 2629 1219 2664 populi,
1236 2630 1258 2655 si
1269 2629 1385 2656 dixerit?
1397 2634 1515 2664 quantus
1527 2630 1578 2664 ipsi
1590 2635 1728 2664 quaestus,

933 2669 955 2694 si
975 2667 1095 2703 negarit?
1122 2669 1208 2702 Atque
1228 2667 1323 2697 iidem,
1343 2668 1390 2702 qui
1411 2667 1474 2693 haec
1492 2672 1634 2702 appetunt,
1655 2667 1730 2702 queri

934 2714 1136 2741 nonnumquam
1155 2705 1254 2736 solent,
1273 2714 1366 2732 omnes
1385 2710 1466 2732 terras
1485 2705 1532 2731 Cn.
1549 2704 1675 2740 Pompeio
1693 2709 1731 2731 ut-

1508 2751 1565 2778 51·
