1941 3052
241 118 300 143 titt
800 114 854 138 tet.
890 112 922 137 M.
958 111 987 136 'l'.

237 193 301 213 stru».
323 186 396 212 illum
410 186 577 220 perterritum
591 183 705 216 fugisse,
722 187 855 208 mortuum
867 186 972 207 erutum
985 190 1027 206 es-

239 234 279 254 se,
295 232 451 257 vnuponvin.
467 232 492 247 ri·
506 221 641 256 pun-savin,
659 228 756 254 poenus
769 219 885 244 «laslinse.

296 262 411 287 xxvtu.
437 262 477 283 tm,
499 258 568 289 Quid
587 258 634 283 lior
655 258 758 282 somnio
778 256 831 281 «liri
854 259 938 290 potest
956 254 1028 280 divi-

239 299 318 324 ntus?
338 298 388 322 Ηι-«Ι
401 296 465 330 ιμιίιΙ
479 300 522 320 :uit
535 295 609 328 plura
622 299 666 320 nut
679 298 764 319 vetera
776 292 951 327 quaerimus?
964 292 1028 317 Sae-

239 345 269 369 1¹⁴·
287 335 334 360 tilii
352 342 439 359 »neuin
457 332 574 361 narruvi;
600 340 677 365 saepe
693 340 725 356 ex
743 335 766 356 te
784 330 876 355 audivi
894 335 968 355 tuum
985 338 1028 355 so-

239 373 354 398 mnium:
379 371 430 399 Me,
448 378 532 404 quum
546 369 622 394 Asine
635 368 787 402 provinciae
804 375 968 402 praeessem,
989 367 1028 392 vi-

238 409 309 434 dis-w
323 410 346 433 in
358 407 460 441 quit-tv,
483 414 567 440 quum
581 410 607 431 tu
620 414 689 439 eqim
700 405 827 430 advectus
839 404 870 429 ad
883 403 1026 438 quamdam

239 445 326 477 magni
335 443 452 469 fluminis
461 444 553 477 ripum,
564 447 704 476 provectus
711 442 800 468 subito
812 446 890 476 utque
901 440 1028 475 delapsus

239 484 263 508 in
281 481 391 511 tlunwn,
410 489 542 514 nusquam
560 480 744 514 apparuisses,
767 488 808 504 me
823 479 1026 507 contremuisse,

237 520 330 545 tinmrv
341 518 524 552 perterritum:
548 522 602 543 tum
617 521 639 542 te
652 520 758 550 repente
771 516 868 542 laetum
881 516 1026 545 exstitisse,
1050 525 1052 528 ·

236 555 384 590 eodemque
400 563 469 589 equo
485 554 623 579 adversam
643 553 795 579 ascendisse
817 554 901 587 ripam
927 560 1028 587 nosque

238 594 304 619 iuwr
320 602 367 618 nos
383 601 441 617 esse
456 591 619 626 complexos.
662 590 758 617 Facilis
773 591 923 616 coniectura
947 590 1028 615 huius

236 630 347 656 somnii:
367 629 488 664 mihique
501 639 513 654 a
526 629 618 663 peritis
631 629 656 654 in
669 628 729 654 ,isin
743 628 907 662 praedictum
923 632 975 657 est.
990 626 1028 652 lo-

237 676 263 693 re
283 676 326 693 eos
347 671 459 693 eventus
480 675 582 696 rerum,
608 666 654 700 qui
679 664 842 691 aeciderunt.
882 666 923 690 59.
947 664 1028 690 Venio

237 713 306 730 nunc
323 704 354 729 ml
372 709 461 730 tuum:
479 703 571 729 audivi
587 702 713 737 equidem
729 711 762 728 ex
777 707 800 728 te
812 703 883 736 ipso,
901 701 948 727 sed
961 701 1027 727 milii

235 742 343 776 saepius
357 746 444 767 noster
454 740 587 766 Salustius
604 740 733 770 narravit;
757 748 841 774 quum
858 739 883 765 in
898 739 940 765 illa
955 738 1025 773 fuga,

237 779 314 805 nobis
330 778 458 813 gloriosa,
483 778 581 812 patriae
597 777 763 803 calamitosa.
787 777 812 802 in
830 776 892 802 villa
911 776 1027 811 quadam

235 817 323 850 ‹uimpi
340 816 452 841 Atinatis
469 824 602 845 maneres,
626 822 805 849 magnamque
821 818 922 848 partem
944 814 1028 839 noctis

237 853 392 887 vigilasses,
411 852 442 878 ad
457 852 541 878 lucem
553 852 671 886 (lenique
683 856 752 877 arcte
764 856 789 877 et
799 852 916 886 graviter
927 850 1028 876 dormi-

237 895 290 916 tare
307 891 347 916 te·
364 890 494 924 coepisse.
536 890 639 924 ltaque,
662 897 826 923 quamquam
844 890 893 914 iter
908 889 1026 917 instaret,

236 926 281 953 se*
294 932 380 954 tamen
393 927 530 953 silentium
543 927 599 952 lieri
615 927 736 957 iussisse,
751 934 836 960 neque
848 933 906 951 esse
919 934 1027 960 passum

232 970 260 990 ‚to
277 965 400 990 excitari.-
423 972 507 999 quum
527 968 615 990 autem
631 968 802 998 experrectus
818 971 891 988 esses
908 962 969 989 liora
986 970 1029 987 sc-

235 1001 322 1027 cunda
340 1001 406 1032 sure,
425 1006 448 1027 tc
464 1001 516 1027 sibi
533 1002 668 1027 somnium
685 1001 850 1027 narravisse:
873 1000 961 1026 visum
979 999 1027 1026 tibi

235 1048 307 1067 esse,
325 1047 410 1073 quum
423 1039 448 1064 in
463 1038 526 1064 locis
537 1038 601 1064 solis
613 1042 730 1064 maestus
742 1046 855 1067 errares,
872 1038 901 1064 C.
915 1037 1027 1063 Marium

235 1084 297 1102 cum
310 1075 428 1102 fascibus
441 1075 564 1102 laureatis
576 1084 703 1110 quaerere
714 1084 747 1101 cx
759 1080 796 1105 te,
813 1074 878 1109 qnid
892 1075 974 1100 tristis
985 1082 1028 1100 es-

235 1122 290 1145 ses;
313 1122 454 1148 quumque
471 1117 496 1139 tu
514 1117 538 1139 te
554 1117 597 1138 tua
614 1113 697 1147 patria
715 1113 739 1138 vi
752 1112 860 1146 pulsum
872 1120 930 1138 esse
942 1111 1028 1137 dixis-

235 1159 291 1176 seS.
311 1150 486 1184 prehendisse
497 1158 558 1176 eum
575 1149 694 1176 dextram
713 1154 798 1175 tuam.
816 1153 841 1174 et
857 1149 925 1175 bono
939 1149 1028 1175 animo

236 1193 260 1214 te
278 1188 389 1213 iussisse
405 1196 475 1215 esse.
494 1187 632 1221 lictorique
649 1187 771 1221 proximo
787 1186 942 1217 tradidisse,
961 1190 989 1212 ut
1004 1191 1028 1212 te

235 1226 262 1251 in
279 1229 482 1250 monumentum
497 1233 578 1250 suum
593 1224 750 1255 deduceret3
773 1228 798 1249 et
813 1223 929 1254 dixisse,
954 1224 981 1249 in
997 1231 1028 1249 eo

235 1262 283 1288 tibi
300 1261 414 1288 salutem
432 1261 494 1287 fore.
536 1261 604 1287 Tum
625 1265 650 1287 et
667 1270 696 1287 se
715 1260 880 1287 exclamasse
895 1260 1028 1287 Salustius

236 1303 331 1329 narrat,
346 1299 460 1325 reditum
474 1298 522 1325 tibi
534 1298 647 1324 celerem
659 1303 684 1324 et
694 1297 842 1333 gloriosum
855 1303 975 1333 paratum
984 1318 990 1328 .
1003 1302 1029 1324 et

235 1341 258 1362 te
280 1337 368 1370 ipsum
392 1336 481 1362 visum
498 1336 602 1362 somnio
616 1335 753 1362 delectari.
794 1336 860 1361 Nam
876 1335 943 1361 illud
960 1335 1028 1361 mihi

234 1373 287 1407 ipsi
301 1373 422 1399 celeriter
434 1374 584 1399 nuntiatum
600 1378 652 1403 est,
670 1378 699 1399 ut
710 1372 877 1403 audivisses,
894 1373 921 1399 in
933 1381 1029 1399 monu-

235 1415 323 1436 mento
338 1411 413 1436 Marii
430 1409 462 1436 de
479 1415 523 1437 tuo
539 1410 625 1436 reditu
643 1410 940 1445 magnificentissimum
960 1409 1027 1436 illud

233 1452 342 1473 senatus
357 1447 509 1474 consultum
525 1456 584 1473 esse
603 1447 715 1478 factum,
739 1447 868 1473 referente
887 1448 989 1482 optimo
1004 1451 1029 1473 et

233 1484 384 1511 clarissimo
396 1485 452 1511 viro
463 1484 582 1515 consule,
591 1484 674 1520 idque
686 1484 904 1520 frequentissimo
916 1485 1026 1515 theatro,

235 1521 388 1548 incredibili
403 1522 518 1548 clamore
534 1527 560 1548 et
575 1521 672 1556 plausu
687 1522 904 1557 comprobatum:
925 1521 1028 1548 dixisse

235 1563 267 1589 te,
282 1559 350 1585 nihil
364 1559 409 1585 illo
421 1560 519 1586 Atinati
534 1560 638 1586 somnio
651 1559 707 1586 fieri
719 1567 798 1594 posse
812 1559 943 1586 divinius.

288 1596 388 1622 XXIX.
410 1598 451 1623 60.
474 1596 506 1623 At
527 1596 610 1623 multa
628 1596 703 1623 falsa.
744 1597 828 1623 Immo
841 1597 955 1623 obscura
975 1595 1029 1623 for-

234 1637 303 1659 tasse
324 1633 411 1660 nobis.
452 1633 505 1660 Sed
525 1634 579 1660 sint
599 1633 665 1660 falsa
684 1633 830 1669 quaedam,
855 1639 945 1660 contra
967 1642 1028 1660 vera

233 1670 300 1705 quid
312 1670 447 1697 dicimus‘?
457 1679 526 1706 quae
537 1671 648 1706 quidem
661 1671 744 1698 multo
755 1671 833 1706 plura
844 1672 990 1702 evenirent,
1004 1671 1028 1696 si

234 1707 267 1733 ad
279 1708 396 1742 quietem
408 1709 506 1743 integri
518 1709 629 1735 iremus.
670 1709 747 1735 Nunc
756 1709 846 1735 onusti
857 1709 918 1735 cibo
929 1713 955 1734 et
965 1709 1029 1734 vino

234 1745 386 1779 perturbata
403 1750 428 1772 et
442 1745 553 1772 confusa
565 1746 711 1772 cernimus.
751 1745 833 1776 Vide,
855 1745 922 1780 quid
934 1745 1029 1772 Socra-

234 1786 273 1808 tes
289 1783 315 1808 in
332 1782 447 1809 Platonis
463 1782 556 1809 Politia
573 1782 706 1818 loquatur.
745 1783 814 1809 Dicit
835 1784 921 1809 enim:
947 1783 1029 1814 Quum

233 1821 415 1846 dormientibus
429 1829 458 1847 ea
471 1829 535 1853 pars
549 1823 641 1850 animi,
657 1828 722 1853 quae
736 1824 826 1846 mentis
836 1824 859 1846 et
873 1822 983 1846 rationis
996 1822 1029 1846 sit

231 1859 374 1889 particeps,
395 1859 479 1890 sopita
495 1858 628 1890 tanyueat:
649 1859 696 1883 illa
711 1862 807 1887 autem,
832 1860 859 1883 in
873 1866 924 1890 qua
938 1859 1030 1890 feritas

234 1895 358 1926 quaedam
369 1896 402 1920 sit
416 1899 492 1927 atque
502 1897 611 1927 ayrestis
626 1896 786 1924 ammanitas,
808 1903 886 1927 quum
895 1897 929 1920 sit
940 1896 1029 1920 immo-

233 1931 322 1956 derato
334 1933 469 1964 tumefacta
476 1935 538 1964 potu
548 1935 625 1964 atque
632 1936 709 1964 pastu
716 1952 722 1961 ‚
739 1932 870 1957 exsultare
885 1940 940 1958 eam
951 1933 978 1957 in
987 1940 1029 1957 so-

233 1975 291 1993 mno
302 1969 513 2002 immoderateque
523 1970 632 1994 iactari:
644 1971 729 2002 itaque
738 1969 797 1994 huic
807 1971 892 1994 ovinia
901 1971 957 1994 visa
964 1970 1029 1995 obii-

235 2005 359 2030 ciuntura
370 2009 449 2031 metite
459 2014 490 2031 ac
500 2008 600 2031 ratione
610 2014 707 2032 vacua:
718 2010 745 2031 ul
755 2010 801 2031 aut
813 2015 869 2032 cum
880 2010 960 2031 matre
971 2014 1028 2032 cor-

231 2049 281 2074 pus
291 2044 395 2068 miscere
405 2044 530 2072 videatur,
542 2047 588 2068 aut
599 2051 654 2068 cum
665 2046 753 2076 quovis
762 2044 815 2068 alio
823 2044 862 2069 vel
872 2044 978 2072 homine,
989 2044 1029 2069 vel

233 2079 291 2108 deo,
305 2087 380 2112 saepe
389 2080 487 2111 bellua;
502 2083 578 2112 atque
587 2081 663 2105 ettam
675 2081 805 2106 trucidare
815 2081 934 2114 aliquem,
946 2085 969 2106 et
980 2082 1028 2106 im-

230 2117 273 2148 pie
285 2118 428 2147 cruentari,
443 2118 572 2150 multaque
586 2119 671 2150 [acere
686 2125 784 2150 impure
794 2121 870 2150 atque
879 2122 959 2143 taetre
972 2125 1028 2143 cum

234 2155 374 2180 temeritate
389 2158 412 2179 et
427 2156 594 2187 impudentia.
634 2155 674 2180 6⁴.
695 2155 726 2180 At
741 2157 786 2187 qui
799 2156 899 2181 salubri
909 2159 932 2181 et
943 2156 1028 2180 mode-

233 2194 291 2216 rato
306 2192 376 2216 cultu
391 2195 467 2224 atque
477 2194 544 2217 victu
555 2193 635 2224 quieti
645 2200 670 2217 se
682 2193 830 2222 tradiderit,
845 2201 875 2218 ea
883 2196 959 2224 parte
968 2194 1028 2218 ani·

232 2230 276 2257 mi,
289 2236 355 2261 quae
365 2230 454 2254 mentis
464 2233 486 2254 et
497 2229 597 2254 consilii
608 2233 655 2259 est,
671 2231 770 2262 aqitata
780 2233 804 2254 et
813 2233 909 2259 erecta,
921 2233 1027 2255 satura-

233 2269 308 2298 taque
324 2267 447 2291 bonarum
463 2267 642 2299 coqitationum
657 2267 751 2299 epulis:
765 2275 844 2300 eaque
852 2271 927 2299 parte
936 2268 1025 2296 animi,

233 2310 298 2335 quae
308 2304 435 2335 voluptate
444 2304 533 2333 alitur,
546 2311 591 2329 nec
601 2305 688 2336 inopia
699 2307 793 2333 enecta,
806 2312 850 2330 nec
859 2306 976 2330 satietate
985 2306 1026 2336 as-
1048 2321 1050 2326 ι

233 2340 332 2371 fluenti,
353 2339 472 2373 (quorum
486 2344 621 2374 utrumque
634 2343 823 2374 praestringere
837 2343 918 2366 aciem
937 2343 1027 2367 mentis

232 2377 306 2405 solet,
321 2379 373 2402 siue
388 2379 455 2403 deest
471 2382 580 2403 mzturae
594 2380 739 2411 quippiam,
756 2380 808 2404 sive
822 2380 936 2404 abundat
950 2383 1028 2412 atquo

233 2415 338 2447 asstitit.)
351 2415 397 2440 illa
408 2417 483 2440 etiam
495 2417 572 2440 tertia
580 2419 655 2448 parte
665 2417 758 2445 animi,
769 2417 796 2440 in
805 2424 856 2448 qua
868 2418 969 2441 irarum
979 2424 1028 2441 ea:-

233 2452 299 2475 sistit
310 2452 397 2481 ardor,
413 2453 502 2478 sedata
511 2456 588 2485 atque
596 2456 734 2478 restincta:
748 2456 800 2478 tum
811 2454 914 2482 eveniet,
927 2454 1028 2479 duabus

233 2488 313 2512 (numi
324 2491 466 2514 temerariis
475 2491 593 2521 partibus
605 2491 765 2522 compressis,
782 2493 810 2515 ut
820 2491 867 2515 illa
878 2492 955 2516 tertia
963 2498 1029 2523 pars

233 2525 343 2549 rationis
353 2529 375 2550 et
387 2528 475 2551 mentis
485 2527 508 2551 el
511 2530 594 2556 uceat,
611 2530 635 2552 et
647 2534 673 2552 se
682 2530 795 2559 veqetam
804 2528 839 2552 ad
849 2529 1027 2553 somniandum

233 2567 367 2592 acremque
379 2564 514 2593 praebeat:
535 2567 587 2588 tum
601 2565 625 2589 ei
639 2565 694 2589 visa
705 2565 797 2596 quietis
807 2569 941 2590 occurrent
952 2569 1028 2590 tran-

234 2597 315 2628 quilla
330 2601 406 2630 atque
422 2602 534 2625 veracia.
573 2599 643 2626 Haec
663 2599 744 2626 verba
765 2596 958 2634 ipsa'Platonis
978 2609 1027 2627 ex-

234 2633 330 2667 pressi.
372 2633 459 2661 XXX.
481 2637 523 2662 62.
544 2636 691 2672 Epicurum
713 2637 796 2673 igitur
814 2637 957 2664 audiemus
976 2646 1028 2673 po-

1022 109 1296 137 CtCEuONts

1056 183 1058 196 ¹
1080 181 1150 207 tius'?
1173 181 1293 215 Namque
1307 180 1456 207 Carneades
1471 182 1673 207 concertationis
1689 180 1778 207 studio
1792 181 1870 207 modo

1079 220 1114 243 ait
1127 217 1184 246 hoe.
1199 218 1277 243 inodo
1289 218 1366 243 illud,
1401 218 1432 244 At
1445 218 1489 243 ille
1499 218 1565 253 quid
1577 218 1674 244 sentit‘?
1685 219 1770 244 Sentit
1781 224 1869 245 autem

1080 255 1146 281 niliil
1165 263 1292 289 umquam
1309 255 1430 290 elegans.
1455 255 1521 281 nibil
1540 255 1676 282 decorum.
1718 256 1793 282 llunc
1807 264 1871 289 ergo

1079 297 1223 326 anti-pones
1236 291 1335 318 l'latoni
1347 292 1495 318 etsocrati‘?
1507 293 1554 327 qui
1568 298 1594 318 ut
1607 294 1733 319 ratium-m
1747 302 1797 319 non
1811 294 1870 319 red-

1079 330 1184 358 derent,
1207 331 1360 355 ain-toritate
1381 335 1467 355 tamen
1491 330 1538 355 nos
1559 331 1675 356 minutos
1697 330 1871 365 philosophos

1082 367 1226 392 vincerent.
1269 367 1344 392 lubet
1360 367 1442 401 igitur
1454 366 1538 395 Plato.
1560 368 1599 392 sic
1609 367 1641 392 ad
1654 376 1778 394 somnum
1791 367 1871 402 proli-

1080 404 1144 429 visci
1161 403 1318 438 corporibus
1333 403 1447 432 affectis,
1466 409 1494 429 ut
1510 403 1577 429 nihil
1599 405 1645 434 sit.
1668 404 1739 439 quod
1755 413 1871 430 errorem

1050 460 1052 471 Α
1080 441 1178 466 animis
1190 441 1471 476 perturbationemque
1483 441 1582 467 afferat.
1614 441 1652 467 Ex
1664 450 1718 476 quo
1728 443 1807 468 etiam
1821 442 1872 477 Py-

1081 478 1225 513 thagoricis
1242 478 1412 504 interdictum
1429 483 1549 513 putatur.
1568 487 1599 504 ne
1616 478 1674 504 [aba
1690 484 1870 508 vescerentur.

1080 515 1150 550 qnod
1172 515 1251 541 habet
1264 514 1425 541 inflationem
1438 524 1561 551 magnam
1573 516 1595 541 is
1610 516 1702 546 cibus,
1720 521 1776 542 tran
1798 516 1872 542 uilli-

1081 553 1126 578 tati
1148 553 1244 578 mentis
1264 553 1417 587 quaerentis
1435 561 1494 578 vcra
1511 554 1679 579 contrariam.
1719 555 1761 579 63.
1807 562 1871 579 uum

1058 599 1059 613 l
1080 599 1142 624 ergo
1158 594 1197 616 est
1211 598 1305 616 somno
1319 595 1458 616 sevocatus
1469 591 1576 616 animus
1588 599 1601 616 a
1613 591 1737 616 societate
1748 595 1774 616 et
1784 599 1797 616 a
1809 598 1872 616 oon-

1081 628 1184 661 tagionc
1199 628 1331 662 corperis,
1349 632 1404 653 tum
1421 627 1543 653 meminit
1557 628 1772 662 praeteritorum.
1796 635 1872 662 prae-

1079 664 1163 690 sentia
1184 665 1282 694 cernit.
1307 664 1393 690 [utura
1414 664 1560 699 praevidet.
1602 665 1670 691 lacet
1687 665 1759 691 enim
1775 673 1872 699 corpus

1079 701 1250 732 dormientis,
1270 707 1298 728 ut
1315 703 1423 733 mortui,
1448 702 1520 737 viget
1535 707 1622 728 autem
1635 707 1660 728 et
1676 702 1744 728 vivit
1754 703 1871 728 animus.

1079 738 1154 770 Quod
1168 739 1251 765 multo
1263 740 1349 775 magis
1361 739 1439 765 saciet
1449 744 1509 774 post
1521 744 1645 769 mortem,
1667 748 1752 774 quum
1763 739 1873 766 omnino

1079 785 1187 810 corpore
1212 777 1366 802 excesserit.
1417 777 1507 811 ltaque
1533 777 1763 812 appropinquante
1790 782 1873 803 morte

1056 817 1059 829 ¹
1081 813 1164 839 multo
1173 818 1213 839 cst
1223 813 1349 840 divinior.
1382 815 1447 840 Nam
1459 819 1485 840 et
1497 813 1522 840 id
1537 815 1625 849 ipsum
1639 814 1738 843 vident,
1751 814 1874 849 quisunt

1081 850 1172 877 morbo
1183 852 1259 886 gravi
1270 855 1295 877 et
1307 851 1442 877 mortifero
1452 851 1547 881 affecti,
1562 852 1660 877 instare
1671 856 1793 878 mortem.
1822 851 1873 877 ita-

1057 896 1059 908 τ
1079 896 1132 922 que
1149 888 1190 914 his
1206 893 1350 914 occurrunt
1364 888 1524 923 plerumque
1541 889 1672 924 imagines
1691 893 1870 915 mortuorum:

1057 948 1058 956 ,
1080 930 1191 960 tumque
1203 925 1244 952 vel
1257 927 1373 952 maxime
1386 925 1457 952 laudi
1469 925 1589 957 student;
1603 934 1712 960 eosque,
1723 926 1771 960 qui
1782 933 1871 955 secus.

1079 971 1160 997 quam
1170 961 1274 993 decuit,
1291 964 1430 993 vixerunt,
1447 968 1614 997 peccatorum
1626 971 1737 989 suorum
1749 968 1805 989 tum
1817 971 1874 989 ma-

1080 1001 1152 1026 xime
1164 1001 1289 1034 poenitet.
1327 1001 1369 1026 6⁴.
1390 1001 1515 1026 Divinare
1527 1005 1615 1026 autem
1628 1001 1780 1029 morientes.
1793 1001 1873 1026 etiarn

1057 1061 1058 1068 ,
1081 1036 1126 1063 illo
1141 1037 1264 1072 exemplo
1279 1037 1417 1063 confirmat
1433 1037 1606 1067 Posidonius,
1629 1046 1683 1072 quo
1697 1037 1784 1067 ass'ert,
1803 1037 1874 1063 uho-

1080 1074 1155 1100 dium
1171 1074 1316 1108 quemdam
1333 1075 1489 1101 morientem
1506 1083 1554 1101 sex
1568 1074 1694 1109 aequales
1709 1075 1871 1103 nominasse.

1057 1108 1059 1144 j
1080 1116 1105 1137 ct
1115 1111 1228 1142 dixisse,
1241 1112 1288 1147 qui
1300 1112 1405 1146 primus
1415 1113 1572 1146 eorum‚qui
1584 1111 1785 1147 secundus.qui
1797 1111 1874 1138 dein-

1079 1157 1143 1183 ceps
1159 1149 1304 1175 moriturus
1320 1153 1399 1175 esset.
1443 1148 1495 1175 Sed
1512 1148 1599 1175 tribus
1610 1148 1697 1175 modis
1708 1153 1799 1175 censet
1810 1148 1875 1174 deo-

1080 1194 1139 1212 rum
1151 1185 1267 1220 appulsu
1280 1186 1403 1212 homines
1413 1187 1559 1212 somniare:
1572 1185 1875 1221 uno,quodpraevideat

1080 1223 1187 1249 animus
1199 1224 1256 1258 ipse
1268 1232 1316 1258 per
1325 1232 1397 1254 sese,
1419 1224 1522 1258 quippe
1536 1223 1584 1258 qui
1595 1223 1706 1249 deorum
1717 1223 1874 1259 cognatione

1080 1265 1212 1293 teneatur3
1227 1260 1316 1291 altero,
1324 1260 1396 1296 quod
1403 1260 1500 1296 plenus
1511 1269 1556 1286 aer
1566 1261 1601 1286 sit
1611 1260 1804 1287 immortalium
1815 1261 1874 1287 ani-

1080 1306 1194 1329 morum,
1212 1298 1239 1324 in
1252 1298 1353 1333 quibus
1364 1303 1500 1333 tamquam
1513 1298 1657 1333 insignitae
1667 1302 1743 1324 notae
1754 1298 1874 1324 veritatis

1080 1340 1236 1370 appareant:
1252 1337 1336 1366 tertio,
1344 1335 1417 1370 quod
1428 1336 1481 1370 ipsi
1491 1335 1530 1361 dii
1541 1343 1603 1361 cum
1613 1335 1810 1362 dormientibus
1819 1335 1875 1361 cel—

1058 1370 1059 1383 *
1082 1372 1237 1407 loquantur:
1251 1372 1343 1408 idque,
1356 1378 1385 1399 ut
1397 1372 1474 1399 modo
1485 1372 1552 1402 dixi,
1561 1371 1668 1399 facilius
1677 1373 1767 1399 evenit
1778 1380 1875 1407 appro-

1080 1411 1227 1445 pinquante
1238 1415 1330 1440 morte,
1343 1415 1373 1437 ut
1383 1411 1466 1437 animi
1479 1409 1566 1436 sutura
1578 1415 1753 1445 augurentur.
1778 1411 1820 1436 65.
1834 1409 1875 1436 Ex

1079 1456 1133 1482 quo
1145 1452 1170 1474 et
1181 1447 1248 1474 illud
1265 1452 1304 1474 est
1315 1447 1407 1474 Calani
1415 1469 1421 1478 ,
1437 1447 1470 1474 de
1481 1455 1535 1482 quo
1546 1452 1606 1474 ante
1616 1447 1689 1478 dixi,
1705 1451 1731 1474 et
1741 1447 1875 1474 Homerici

1080 1485 1208 1516 Hectoris,
1217 1486 1264 1520 qui
1276 1486 1393 1512 moriens
1404 1485 1583 1520 propinquam
1590 1484 1690 1511 Achilli
1705 1489 1816 1511 mortem
1827 1483 1875 1511 de-

1081 1523 1194 1548 nuntiat.
1240 1522 1340 1548 XXXI.
1367 1523 1459 1557 Neque
1480 1523 1552 1548 enim
1568 1521 1637 1548 illud
1656 1521 1770 1548 verbum
1791 1527 1876 1549 teme-

1081 1567 1107 1585 re
1128 1559 1294 1586 consuetudo
1313 1559 1531 1594 approbavisset,
1556 1559 1579 1586 si
1598 1567 1628 1586 ea
1648 1567 1691 1585 res
1710 1559 1784 1586 nulla
1804 1564 1875 1586 esset

1080 1605 1204 1623 omnino:

1117 1642 1325 1676 Praesagibat
1338 1645 1452 1672 animus,
1467 1645 1567 1675 [nistra
1577 1651 1616 1668 me
1625 1645 1676 1673 ire,
1689 1651 1767 1676 quum
1777 1645 1876 1669 exirem

1489 1681 1571 1705 domo.

1079 1724 1172 1759 Sagire
1182 1724 1254 1750 enim
1265 1725 1364 1750 sentire
1374 1729 1449 1750 acute
1459 1729 1513 1750 est:
1526 1732 1560 1750 ex
1570 1733 1624 1759 quo
1634 1732 1714 1760 sagae
1725 1732 1802 1754 anus,
1810 1725 1874 1760 quia

1081 1761 1163 1788 multa
1173 1762 1242 1787 scire
1253 1760 1360 1792 volunt,
1377 1766 1402 1787 et
1416 1769 1525 1797 sagaces
1539 1761 1604 1788 dicti
1615 1770 1705 1788 canes.
1744 1762 1769 1788 12
1781 1762 1872 1797 igitur,

1079 1799 1128 1833 qui
1139 1803 1199 1825 ante
1209 1798 1287 1834 sagit,
1296 1806 1378 1833 quam
1388 1798 1476 1825 oblata
1488 1807 1530 1825 res
1540 1804 1588 1830 est,
1601 1798 1701 1825 dicitur
1709 1799 1872 1835 praesagire,

1081 1835 1108 1861 id
1118 1840 1167 1865 est,
1179 1834 1267 1862 sutura
1279 1840 1339 1861 ante
1350 1835 1458 1861 sentire.

1135 1874 1177 1899 66.
1199 1873 1269 1899 Inest
1284 1873 1366 1908 igitur
1381 1873 1409 1898 in
1425 1873 1523 1899 animis
1534 1873 1695 1908 praesagitio
1706 1873 1875 1899 extrinsecus

1081 1910 1176 1936 iniecta
1188 1915 1267 1945 atque
1279 1909 1383 1936 inclusa
1394 1909 1538 1936 divinitus.
1577 1910 1615 1936 Ea
1629 1911 1654 1936 si
1664 1911 1764 1937 exarsit
1774 1911 1872 1941 acrius,

1059 1960 1060 1965 =
1081 1947 1154 1973 furor
1169 1946 1331 1982 appellatur,
1353 1955 1438 1982 quum
1454 1955 1467 1973 a
1483 1955 1592 1982 corpore
1607 1949 1714 1974 animus
1725 1947 1874 1974 abstractus

1080 1984 1174 2011 divino
1188 1985 1316 2011 instinctu
1327 1984 1484 2011 concitatur.

1117 2031 1150 2056 H.
1166 2030 1216 2057 Se'd
1229 2032 1291 2064 quid
1306 2031 1387 2057 oculis
1400 2031 1492 2057 retbere
1505 2038 1562 2086 mea
1572 2034 1608 2056 est
1618 2032 1750 2063 derepente
1758 2031 1875 2057 arderici·-

1119 2103 1176 2130 U'bi
1186 2105 1233 2130 illa
1239 2105 1329 2138 paullo
1339 2107 1399 2130 ante
1408 2069 1655 2138 sapterl'gsoirqinau
1664 2103 1807 2131 nwdelstia?

1119 2141 1144 2167 G.
1156 2141 1250 2171 Mater,
1265 2145 1422 2174 optumatum
1435 2143 1515 2168 multo
1524 2142 1616 2167 mulier
1625 2143 1715 2168 melior
1724 2143 1859 2168 mulierum
1865 2152 1873 2173 ,-

1115 2181 1193 2205 missa
1203 2187 1259 2205 sum
1268 2181 1452 2211 superstitiosis
1462 2180 1689 2211 adnotationibus,-

1116 2218 1175 2242 nam
1182 2215 1194 2228 *
1205 2224 1243 2241 me
1253 2217 1342 2248 Apollo
1351 2218 1414 2249 satis
1422 2218 1510 2249 [andis
1519 2218 1654 2242 clementem
1665 2217 1772 2242 invitam
1781 2217 1836 2242 ciet.

1122 2253 1235 2286 Virqines
1249 2261 1309 2279 vero
1319 2255 1450 2287 aequaIes,
1462 2253 1542 2287 patri*
1553 2255 1602 2279 me'i
1607 2273 1614 2283 ,
1629 2254 1710 2279 meam
1718 2255 1815 2286 sactum
1823 2260 1874 2286 pu-

1116 2329 1203 2360 optimi
1214 2329 1279 2353 riri.-
1290 2336 1346 2354 mea
1355 2332 1445 2357 mater,
1458 2292 1544 2354 ιάῗῗιέ
1553 2329 1662 2357 miseret,
1673 2329 1722 2352 me'i
1728 2329 1804 2360 piget.

1117 2364 1254 2397 'Optumum
1263 2367 1409 2398 proqe'niem
1421 2365 1522 2391 Priamo
1530 2366 1653 2398 peperisti
1665 2368 1743 2390 extra
1756 2372 1809 2390 me:
1826 2365 1873 2390 Mc

1115 2441 1170 2465 rne'd
1180 2440 1271 2469 obesse,
1283 2440 1342 2465 illos
1349 2441 1476 2472 prodesse.
1486 2403 1642 2468 megistum,
1653 2439 1712 2463 illos
1722 2439 1834 2471 absequi.

1078 2483 1100 2509 O
1111 2491 1205 2518 poema
1221 2488 1342 2510 tenerum
1357 2488 1383 2510 et
1397 2488 1529 2511 moratum
1544 2487 1624 2518 atque
1639 2481 1732 2509 molle!
1754 2482 1807 2509 Sed
1822 2483 1872 2509 hoc

1048 2525 1052 2558 ξ
1079 2521 1170 2547 minus
1180 2520 1214 2547 ad
1225 2529 1291 2548 rem.
1321 2522 1363 2548 67.
1378 2520 1461 2552 Illud,
1476 2520 1549 2556 quod
1559 2519 1699 2550 volumus,
1711 2528 1871 2555 expressum

1049 2563 1052 2593 Ι
1078 2562 1127 2589 est,
1145 2563 1174 2584 ut
1185 2559 1326 2585 vaticinari
1337 2557 1410 2584 furor
1420 2566 1484 2584 vera
1492 2557 1585 2584 soleat.

1048 2598 1052 2641 l
1114 2600 1201 2631 mest,
1212 2603 1285 2627 adest
1294 2603 1343 2634 saa:
1352 2601 1471 2627 obvoluta
1479 2602 1604 2633 sanquine
1612 2604 1690 2633 atque
1698 2600 1829 2642 incendio:

1048 2644 1058 2667 t.
1115 2639 1207 2665 multos
1216 2647 1298 2665 annos
1307 2639 1398 2665 latuit:
1409 2639 1483 2668 cives,
1493 2639 1556 2670 [έν-ιε
1565 2645 1642 2670 opem,
1654 2641 1678 2663 et
1686 2638 1842 2670 restinquite.
