1941 3052
234 133 293 157 1:00
795 129 849 154 ¹49.
885 127 919 153 M.
954 127 984 153 Τ.

229 201 421 227 adolescentiae
437 205 574 228 senceum,
597 207 677 233 qutun
695 199 825 233 pucritiae
841 197 1019 224 adolescentia

228 240 351 273 obrepit?
375 237 482 266 Deinde,
496 240 542 271 qul
557 237 646 262 minus
657 237 748 270 gravis
760 241 829 261 esset
841 236 873 262 iis
885 239 1018 276 senectus,

228 278 250 303 si
265 276 516 308 octingentesimum
533 282 632 299 aunum
649 278 770 307 agerent,
792 282 873 307 quam
889 277 1021 306 octogesi-

229 315 320 340 mum'?
351 313 488 338 Praeterita
504 312 575 336 enim
592 316 676 340 aetas,
694 311 819 345 quamvis
832 310 922 343 longa,
935 317 1020 343 quum

227 350 383 378 effluxisset,
399 349 470 375 nullu
485 347 665 374 consolatione
677 347 842 382 permulcere
854 351 942 381 posawt
952 345 1020 372 stul·
1048 374 1050 379 ,

228 394 279 414 tam
300 391 470 412 senectutem.
510 386 534 410 ti.
557 385 685 415 Quocirca
709 385 731 410 si
753 385 911 418 sapientiam
934 392 1019 409 meam

227 424 352 450 admirari
371 423 475 451 soletis,
496 423 574 456 (quae
594 423 696 447 utinam
711 422 792 455 digna
809 426 879 447 esset
893 422 1019 455 opinione

229 466 313 487 vestra
330 466 472 494 nostroque
488 459 673 493 cognominel)
701 460 726 485 in
744 459 793 485 boc
804 467 900 484 sumus
912 459 1020 492 sapien·
1048 464 1049 469 ¹

227 505 277 527 tes.
296 497 367 532 quod
384 501 504 523 naturam
515 497 643 531 optimam
655 496 766 526 ducem,
780 501 915 530 tamquam
927 495 1017 523 deum.

225 536 378 570 sequimur,
396 535 475 568 eique
490 542 628 568 paremus:
656 542 669 559 a
681 542 743 568 qua,
758 542 808 559 non
822 532 957 559 versimile
969 537 1017 561 est,

225 581 308 608 quum
325 576 426 597 ceterae
443 576 529 605 partes
548 572 641 597 aetatis
657 571 724 597 bene
735 570 884 605 descriptae
896 571 958 599 sint,
972 578 1020 595 ex-

227 616 339 636 tremum
360 613 448 634 actum
465 613 601 643 tamquam
618 608 651 634 ab
668 609 744 634 inerti
762 612 837 642 poeta
853 616 912 633 esse
928 607 1019 641 negle-

224 652 306 673 ctum.
336 646 387 672 Sed
400 651 486 672 tamen
500 654 608 671 necesse
620 645 670 671 fuit
681 654 739 671 esse
751 645 856 680 aliquid
868 650 1018 671 extremum

224 689 262 714 et,
282 688 418 718 tamquam
436 683 462 709 in
479 683 604 709 arborum
621 682 710 708 baccis
727 687 865 717 terraeque
882 681 1016 716 frugibuS,

225 721 374 747 maturitate
406 721 564 755 tempestiva
590 720 667 755 quasi
695 720 796 746 vietum
823 725 848 745 et
874 719 1016 748 caducum,

223 758 295 793 quod
312 757 451 784 ferendum
469 762 509 783 est
521 757 635 783 molliter
645 757 769 792 sapienti.
809 756 880 789 Quid
892 761 932 782 est
945 757 1017 782 enim

223 795 306 825 aliud,
325 795 471 831 Gigantum
487 794 565 821 modo
581 794 680 820 bellare
691 803 752 820 cum
764 793 830 824 diis,
845 794 897 820 nisi
910 798 1018 820 naturae

225 831 391 868 repugnare?
421 834 445 858 6.
467 832 608 858 Laeuus.
629 832 720 867 Aequi,
738 831 814 862 Cato,
831 831 1016 866 gratissimum

225 870 311 900 nobis,
335 874 363 896 ut
383 870 462 896 etiam
484 878 531 904 pro
551 868 677 903 Scipione
693 868 833 903 pollicear,
857 868 964 898 feceris,
983 869 1015 899 si,

223 908 351 942 quoniam
363 915 516 941 speramus,
531 906 656 933 volumus
667 905 777 941 quidem
789 910 866 936 certe,
880 914 958 931 senes
971 905 1017 931 fic-

224 945 259 975 ri,
278 944 362 971 multo
378 948 437 970 ante
451 952 464 970 a
480 949 504 971 te
515 943 704 974 didicerimus,
723 943 824 978 quibus
837 943 963 969 facillime
975 951 1017 968 ra-

224 980 343 1008 tionibus
374 982 604 1017 ingravescentem
638 985 750 1007 aetatem
776 980 843 1006 ferre
868 981 1014 1015 possimus.

223 1019 291 1045 Car.
318 1019 423 1045 Faciam
441 1027 516 1049 vero,
533 1018 619 1044 Laeli:
647 1018 802 1053 praesertim
814 1018 838 1043 si
850 1019 957 1052 utrique
971 1025 1016 1043 vc-

222 1061 322 1086 strum,
340 1061 369 1082 ut
384 1055 466 1086 dicis,
483 1060 589 1091 gratum
606 1055 724 1082 futurum
737 1060 786 1081 est.
828 1055 918 1081 LAer.
935 1054 1015 1080 Volu-

222 1102 283 1120 mus
294 1101 372 1124 sane.
387 1094 439 1119 nisi
455 1093 597 1119 molestum
609 1097 661 1122 est,
675 1092 746 1122 Cato,
761 1097 896 1126 tamquam
911 1090 1016 1126 longam

222 1130 341 1165 aliquam
358 1130 429 1156 viam
445 1129 606 1160 confeceris,
623 1138 705 1164 quam
718 1129 795 1155 nobis
806 1137 914 1164 quoque
927 1129 1017 1164 ingre-

222 1168 352 1194 diendum
367 1168 415 1197 sit.
430 1168 512 1197 istuc,
530 1176 584 1202 quo
594 1167 749 1201 pervenisti,
765 1166 865 1196 videre,
879 1165 959 1200 quale
971 1167 1014 1192 sit.

277 1206 319 1231 ΙΙΙ.
344 1205 369 1231 7.
392 1204 479 1231 CAro.
501 1205 620 1235 Faciam,
641 1208 669 1230 ut
685 1209 788 1238 potero.
806 1203 888 1229 Laeli.
930 1203 1015 1237 Saepe

221 1243 292 1268 enim
310 1241 417 1268 interfui
428 1241 546 1276 querelis
557 1249 676 1267 meorum
689 1241 856 1276 aequalium,
870 1241 957 1275 (pares
967 1249 1015 1266 au-

222 1285 273 1305 tem
291 1288 345 1305 cum
362 1281 482 1312 paribus,
500 1283 588 1305 vetere
600 1278 755 1313 proverbio,
771 1280 894 1311 facillime
910 1286 1015 1311 conqre-

219 1316 335 1350 qurum-,J
351 1324 419 1351 quae
435 1316 464 1343 C.
482 1315 626 1346 Salinator,
644 1324 713 1350 quae
728 1315 774 1350 Sp.
788 1315 913 1346 Albinus,
927 1315 1015 1341 homi-

221 1362 267 1380 nes
283 1353 451 1384 consulares,
470 1354 552 1380 nostri
570 1352 622 1379 fere
638 1352 777 1388 aequales,
795 1352 933 1387 deplorare
945 1351 1015 1379 sole-

220 1391 296 1417 bant:
324 1395 380 1417 tum
397 1390 469 1425 quod
485 1390 669 1425 voluptatibus
684 1394 817 1421 carerent,
837 1390 896 1416 sine
913 1389 1015 1425 quibus

220 1429 302 1454 vitam
323 1427 425 1454 nullam
446 1432 583 1463 putarent;
616 1432 672 1454 tum
689 1427 762 1462 quod
777 1432 967 1462 spernerentur
981 1427 1015 1453 ab

219 1466 261 1496 iis,
275 1474 289 1491 a
300 1465 402 1500 quibus
412 1470 502 1491 essent
512 1464 564 1491 coli
575 1464 657 1491 soliti.
692 1464 743 1497 Qui
755 1465 822 1491 mihi
834 1473 885 1491 non
899 1464 926 1490 id
938 1464 1015 1491 vide-

219 1503 316 1529 bantur
327 1511 461 1533 accusare,
474 1502 546 1537 quod
558 1507 629 1529 esset
639 1502 831 1528 accusandum.
872 1502 940 1528 Nam
951 1503 975 1528 si
987 1501 1014 1528 id

218 1539 296 1574 culpa
313 1540 460 1566 senectutis
475 1539 620 1570 accideret,
641 1539 734 1566 eadem
748 1539 817 1566 mihi
828 1547 880 1565 usu
892 1540 1015 1566 venirent

218 1577 385 1612 reliquisque
404 1577 531 1604 omnibus
553 1577 700 1603 maioribus
721 1581 798 1609 natu;
830 1585 945 1612 quorum
965 1585 1015 1612 ego

219 1614 364 1640 multorum
383 1615 497 1650 cognovi
511 1619 676 1641 senectutem
695 1615 753 1641 sine
769 1614 892 1649 querela:
919 1614 967 1649 qui
985 1622 1013 1640 se

217 1656 243 1678 et
264 1651 409 1678 libidinum
430 1651 548 1678 vinculis
570 1651 670 1678 laxatos
690 1660 748 1678 esse
768 1660 820 1678 non
836 1650 946 1678 moleste
962 1651 1015 1677 fer-

219 1693 289 1719 rent,
308 1697 356 1715 nec
370 1697 383 1715 a
398 1689 456 1715 suis
468 1688 680 1724 despicerentur.
721 1689 774 1715 Sed
785 1689 908 1716 omnium
919 1689 1014 1715 istius-

218 1725 291 1752 modi
302 1725 473 1761 querelarum
485 1726 512 1753 in
524 1726 645 1753 moribus
656 1731 696 1753 est
706 1726 800 1761 culpa,
815 1727 906 1752 nonin
918 1730 1011 1752 aetate.

217 1763 345 1790 Moderati
365 1763 437 1789 enim
457 1768 482 1790 et
503 1772 552 1790 nec
571 1763 697 1790 difficiles
713 1772 761 1790 nec
778 1763 919 1790 inhumani
935 1771 1013 1789 senes

218 1799 383 1827 tolerabilem
394 1805 559 1827 senectutem
570 1806 665 1836 agunt:
688 1801 876 1836 importunitas
887 1805 976 1827 autem
987 1805 1014 1826 et

217 1837 400 1864 inhumanitas
411 1838 484 1865 omni
495 1839 574 1864 aetati
586 1838 695 1865 molesta
707 1843 756 1864 est.
798 1840 822 1864 8.
843 1838 932 1864 Lam..
954 1837 1010 1867 Est.

217 1879 246 1901 ut
256 1874 334 1905 dicis,
348 1875 424 1905 Cato;
438 1874 486 1901 sed
498 1874 608 1902 fortasse
619 1875 719 1901 dixerit
729 1876 875 1910 quispiam,
889 1875 939 1901 tibi
950 1883 1012 1910 pro-

217 1916 275 1946 pter
289 1919 353 1947 opes
369 1917 394 1938 et
408 1912 500 1947 copias
515 1917 542 1938 et
552 1912 708 1948 dignitatem
721 1917 794 1938 tuam
804 1911 1011 1938 tolerabiliorem
1034 1936 1042 1952 ,4
1063 1948 1079 1974 d

1041 1954 1042 1970 ἰ
1082 1954 1169 1975 entur.

217 1953 380 1975 senectutem
393 1949 493 1981 videri3
510 1948 539 1975 id
549 1954 638 1975 autem
649 1958 701 1976 non
713 1957 791 1984 posse
804 1949 896 1975 multis
907 1949 1012 1976 contin-

216 1993 288 2021 gere.
329 1985 417 2012 (ΞΑ-ιο.
439 1986 487 2012 Est
497 1986 567 2012 istuc
580 1985 706 2021 quidem,
724 1986 809 2013 Laeli.
827 1986 944 2021 aliquid:
963 1986 1011 2013 sed

216 2031 387 2057 nequaquam
399 2023 426 2049 in
438 2023 489 2049 isto
499 2027 562 2049 sunt
572 2024 675 2049 omnia:
690 2023 917 2050 utThemistocles
929 2023 1012 2050 fertur

217 2059 341 2094 Seriphio
352 2059 460 2086 cuidam
472 2060 499 2086 in
511 2060 599 2096 iurgio
610 2060 795 2095 respondisse.
811 2069 896 2096 quum
913 2061 957 2087 ille
968 2061 1011 2087 di-

217 2098 313 2127 xisset,
333 2105 384 2123 non
400 2105 463 2123 eum
478 2105 541 2128 sua,
563 2097 610 2124 sed
626 2099 726 2132 patriae
741 2097 826 2134 gloria
839 2098 1010 2133 splendorem

215 2138 383 2160 assecutum:
402 2143 447 2160 nec
457 2136 567 2166 hercule,
580 2135 677 2170 inquit,
690 2137 714 2161 si
723 2144 767 2169 eqo
778 2135 913 2169 Seriphius
922 2145 1008 2162 essem.

216 2173 315 2201 nobilis,
327 2180 372 2198 nec
383 2176 418 2201 tu,
429 2174 452 2198 si
462 2172 620 2198 Atheniensis
630 2181 703 2201 esses,
717 2174 803 2199 clar-us
814 2182 934 2207 umquam
944 2176 1011 2207 suis-

214 2217 262 2235 ses.
296 2208 373 2241 Quod
383 2208 477 2235 eodem
488 2209 567 2235 modo
577 2209 611 2235 de
621 2214 757 2236 senectute
768 2215 855 2244 potest
865 2210 930 2237 dici.
957 2211 1011 2236 Ne-

213 2254 267 2280 que
282 2246 355 2272 enim
371 2246 398 2272 in
409 2254 515 2272 summa
527 2247 616 2281 inopia
628 2246 696 2272 levis
707 2255 766 2274 esse
776 2253 902 2274 senectus
912 2252 1007 2283 potest,

214 2291 247 2309 ne
261 2283 375 2318 sapienti
391 2283 516 2318 quidem:
539 2292 587 2310 nec
602 2284 742 2319 insipienti
757 2285 839 2311 etiam
854 2285 881 2311 in
902 2293 1009 2311 summa

213 2321 289 2355 copia
299 2329 351 2346 non
361 2321 462 2356 gravis.
503 2322 527 2347 9.
546 2321 694 2356 Aptissima
705 2322 814 2348 omnino
825 2326 901 2353 sunt,
918 2322 1009 2357 Scipio

213 2362 238 2383 et
249 2357 335 2389 Laeli,
352 2366 425 2384 arma
440 2358 586 2384 senectutis
597 2363 666 2385 artes
680 2359 938 2394 exercitationesque
953 2361 1010 2386 vir—

213 2399 314 2425 tutum,
337 2403 420 2429 quae,
437 2396 465 2421 in
480 2396 553 2421 omni
569 2400 653 2422 aetate
667 2396 768 2427 cultae,
790 2404 876 2431 quum
891 2396 1007 2423 multum

213 2430 315 2466 diuque
329 2432 442 2463 vixeris,
458 2432 586 2459 mirificos
597 2433 711 2460 efferunt
722 2433 838 2463 fructus,
857 2442 909 2460 non
920 2433 1008 2460 solum

213 2468 277 2502 quia
288 2477 437 2504 numquam
448 2469 588 2500 deserunt,
602 2478 634 2496 ne
646 2470 674 2497 in
685 2475 806 2497 extremo
816 2470 928 2505 quidem
940 2476 1008 2497 tem-

213 2513 276 2539 pore
295 2507 386 2532 aetatis
395 2527 401 2536 ,
423 2507 598 2542 (quamquam
618 2507 646 2533 id
657 2509 808 2534 maximum
831 2508 892 2542 est,)
911 2516 1007 2534 verum

213 2541 303 2572 etiam.
311 2543 374 2577 quia
385 2545 548 2571 conscientia
559 2544 628 2570 bene
639 2549 712 2571 actae
723 2545 794 2571 vitae
805 2544 1006 2580 multorumque

212 2578 412 2605 benefactorum
424 2581 570 2608 recordatio
581 2581 780 2608 iucundissima
791 2586 840 2608 est.

267 2616 310 2641 1v.
327 2617 365 2642 to.
380 2616 437 2652 Ego
447 2617 478 2649 Q.
490 2618 650 2650 Maximum,
663 2627 735 2650 eum,
748 2619 797 2654 qui
808 2619 951 2646 Tarentum
963 2628 1007 2646 re-

211 2653 291 2687 cepit,
305 2652 457 2681 adolescens
468 2655 504 2681 ita
513 2655 597 2683 dilexi
609 2664 710 2688 senem,
723 2661 754 2683 ut
764 2656 913 2692 aequalem.
943 2657 1006 2684 Erat

1048 506 1050 554 l

1040 586 1049 625 ·l

1019 126 1293 153 (ttCEnoNtS

1048 197 1051 215 ἶ
1072 199 1143 223 enim
1161 199 1186 223 in
1205 198 1249 224 illo
1262 199 1318 224 viro
1329 198 1453 224 comitate
1465 198 1569 225 condita
1581 201 1711 234 gravitas.
1730 209 1778 227 nec
1789 209 1866 227 sene—

1071 240 1131 260 ctus
1148 243 1233 260 mores
1247 240 1410 261 mutaverat.-
1433 243 1596 271 quamquam
1613 246 1673 263 eum
1689 238 1775 264 colere
1790 240 1866 274 coepi

1073 280 1123 297 non
1141 272 1285 298 admodum
1301 273 1431 307 grandem
1449 278 1524 301 natu,
1548 274 1594 300 sed
1611 279 1697 301 tamen
1716 276 1766 301 iam
1783 282 1866 302 aetate

1073 314 1237 343 provectum.
1280 310 1356 336 Anno
1371 311 1445 335 enim
1463 315 1521 344 post
1536 311 1629 337 consul
1641 313 1758 346 primum
1771 313 1864 343 fuerat.

1071 355 1152 380 qiiarn
1173 355 1222 380 ego
1244 351 1320 372 natus
1337 355 1412 372 sum.
1435 355 1552 381 cumque
1568 357 1598 374 eo
1613 358 1622 372 ‹
1635 355 1738 376 uartum
1757 351 1866 377 consule

1072 383 1287 409 adolescentulus
1304 384 1381 409 miles
1393 383 1426 408 nd
1439 385 1556 419 Capuam
1569 358 1703 419 profectus
1714 396 1773 413 sum
1785 390 1866 423 quin·

1073 426 1151 455 toque
1163 430 1232 447 anno
1243 426 1300 455 post
1312 421 1344 446 ad
1356 421 1510 447 Tarentum.
1552 423 1680 454 Quaestor
1691 424 1787 451 deinde
1799 434 1866 460 qua-

1071 457 1194 484 driennio
1215 463 1274 493 post
1295 457 1379 484 tactus
1394 466 1470 484 sum:
1493 468 1573 494 quem
1591 463 1775 494 magistratum
1794 464 1865 495 gessi

1071 495 1230 521 consulibus
1245 495 1376 522 Tuditano
1390 500 1416 521 et
1431 496 1560 531 Cethego.
1582 506 1666 532 quum
1682 494 1864 533 quidem‘ille.

1071 532 1216 558 admodum
1228 541 1319 560 senex.
1333 540 1429 558 suasor
1441 533 1508 568 legis
1519 535 1627 560 Cinciae
1638 535 1671 560 de
1682 536 1760 562 donis
1770 542 1795 562 et
1807 545 1867 562 mu—

1072 570 1182 595 neribus
1195 570 1252 598 fuit,
1267 570 1309 595 bic
1320 575 1344 596 ct
1355 569 1424 596 bella
1437 571 1554 605 gerebat,
1564 577 1591 598 ut
1603 572 1766 603 adolescens,
1780 582 1865 608 quum

1072 607 1148 641 plane
1159 607 1270 643 grandis
1283 612 1365 638 esset,
1381 612 1408 633 et
1420 608 1594 635 Hannibalem
1611 611 1764 636 iuveniliter
1773 611 1866 637 exsul-

1071 649 1168 670 tantem
1185 646 1310 679 patientia
1327 653 1375 670 sua
1391 645 1542 672 molliebat:
1563 646 1596 673 de
1612 656 1666 682 quo
1682 648 1815 682 praeclare
1827 647 1866 674 fa-

1072 682 1184 707 miliaris
1199 687 1287 708 noster
1299 682 1416 708 Ennius:

1110 720 1180 745 l'nits
1191 721 1262 744 homo
1273 721 1344 744 nobis
1355 722 1499 745 cunctando
1510 723 1620 746 restituit
1632 730 1693 747 rem.

1108 757 1164 782 Non
1173 758 1280 789 ponebat
1291 759 1357 782 enim
1369 765 1484 783 rumores
1494 762 1553 783 unte
1563 760 1677 784 salutem.

1108 794 1175 825 Erqo
1184 798 1288 827 postque
1300 795 1430 827 mnyisquc
1441 795 1491 820 viri
1502 804 1569 821 nunc
1579 797 1662 828 qim-in
1674 797 1762 822 flaret.

1072 832 1108 856 Η.
1131 831 1274 856 Tarentum
1289 839 1352 856 vero
1365 839 1417 865 qua
1430 831 1584 866 vigilantia.
1603 841 1656 867 quo
1667 833 1780 859 consilio
1792 841 1865 860 rece-

1070 869 1120 902 pit!
1144 876 1229 902 quum
1250 867 1375 902 quidem,
1400 877 1442 894 me
1457 869 1596 900 audiente,
1625 870 1781 900 Salinatori,
1804 872 1861 906 qui.

1069 906 1168 931 amisso
1179 905 1292 939 oppido,
1311 905 1414 940 fugerat
1430 906 1456 932 in
1472 915 1574 937 arcem,
1591 907 1716 942 glorianti
1732 913 1812 943 atque
1829 909 1863 934 ita

1068 942 1182 969 dicenti:
1199 943 1257 968 Men
1268 951 1353 975 opera.
1369 943 1399 974 Q.
1412 943 1484 973 Fabi,
1501 945 1635 970 Tarentum
1643 948 1774 978 recepisti:
1786 945 1859 971 »Cer-

1068 985 1098 1008 te,
1113 980 1200 1014 inquit
1212 979 1315 1005 ridens:
1331 989 1387 1005 nam
1399 983 1449 1005 nisi
1460 985 1485 1006 tu
1497 984 1633 1011 amisisses,
1646 991 1783 1015 numquam
1795 991 1863 1009 rece-

1066 1019 1186 1050 pissem«
1220 1017 1274 1042 Nec
1289 1017 1389 1042 veroin
1401 1019 1482 1043 armis
1495 1020 1678 1052 praestantior,
1691 1028 1772 1054 quam
1785 1021 1812 1046 in
1825 1025 1864 1046 to·

1045 1075 1046 1078 ,
1067 1062 1113 1089 ga‘,
1127 1054 1175 1088 qui
1186 1053 1279 1080 consul
1293 1054 1403 1084 iterum,
1420 1054 1467 1089 Sp.
1480 1055 1597 1082 Carvilio
1607 1056 1708 1091 collega
1720 1058 1864 1092 quiescen-

1044 1098 1046 1103 ¹
1071 1096 1104 1120 te,
1118 1091 1148 1117 C.
1165 1091 1297 1117 Flaminio
1309 1091 1416 1117 tribuno
1428 1091 1530 1126 plebis,
1542 1093 1630 1127 quoad
1642 1095 1741 1128 potuit,
1756 1095 1861 1124 restitit,

1045 1131 1046 1136 ¹
1067 1137 1162 1164 agrum
1182 1129 1316 1154 Picentem
1332 1133 1357 1154 et
1373 1128 1507 1155 Gallicum
1528 1131 1629 1156 viritim
1645 1136 1735 1157 contra
1754 1137 1864 1158 senatus

1068 1166 1250 1192 auctoritatem
1262 1165 1408 1198 dividenti3
1426 1175 1567 1202 augurque
1578 1176 1662 1202 quum
1673 1174 1756 1197 esset,
1774 1169 1863 1195 dicere

1068 1211 1150 1229 ausus
1161 1208 1214 1233 est.
1232 1203 1342 1238 optimis
1353 1204 1482 1238 auspiciis
1494 1212 1523 1230 ea
1534 1206 1605 1240 geri,
1623 1214 1692 1240 quae
1709 1214 1756 1240 pro
1772 1207 1864 1241 reipu-

1044 1242 1046 1274 ξ
1069 1240 1154 1266 blicae
1173 1240 1259 1266 salute
1280 1245 1448 1275 gererentur:
1471 1250 1540 1276 quae
1561 1247 1650 1268 contra
1667 1243 1862 1278 rempublicam

1069 1277 1208 1308 ferrentur,
1222 1282 1311 1304 contra
1323 1279 1443 1312 auspicia
1456 1278 1528 1305 ferri.
1572 1281 1611 1305 42.
1628 1280 1708 1306 Multa
1723 1282 1748 1307 in
1760 1289 1791 1307 eo
1806 1282 1863 1307 viro

1068 1314 1201 1350 praeclara
1214 1315 1341 1351 cognovi:
1363 1315 1410 1342 sed
1423 1315 1492 1342 nihil
1507 1321 1546 1342 est
1561 1317 1763 1347 admirabilius.
1779 1327 1862 1353 quam

1067 1352 1202 1387 quomodo
1213 1352 1258 1378 ille
1270 1357 1381 1379 mortem
1394 1352 1442 1379 filii
1454 1353 1524 1384 tulit,
1532 1353 1655 1380 clariviri
1666 1359 1691 1381 et
1701 1356 1860 1382 consularis.

1067 1391 1113 1416 Est
1125 1391 1151 1416 in
1164 1390 1290 1416 manibus
1303 1389 1433 1416 laudatio:
1451 1399 1533 1425 quam
1542 1399 1628 1426 quum
1642 1391 1766 1428 legimus,
1779 1401 1862 1428 quem

1067 1427 1260 1462 philosophum
1273 1436 1323 1454 non
1335 1428 1547 1454 contemnimus!
1568 1429 1621 1455 Nec
1633 1438 1696 1456 vero
1707 1429 1752 1456 ille
1763 1431 1789 1457 in
1803 1430 1862 1456 luce

1037 1467 1039 1474 '
1068 1465 1145 1491 modo
1159 1469 1238 1499 atque
1250 1466 1276 1490 in
1288 1464 1374 1491 oculis
1385 1465 1488 1491 civium
1500 1466 1679 1502 magnus,sed
1691 1467 1763 1493 intus
1774 1467 1863 1494 domi-

1036 1502 1038 1507 '
1066 1511 1119 1537 que
1131 1502 1316 1537 praestantior.
1351 1502 1403 1534 Qui
1414 1503 1515 1530 sermo!
1529 1511 1598 1538 quae
1609 1505 1762 1539 praecepta!
1775 1513 1863 1540 quan-

1067 1544 1091 1565 ta
1112 1540 1203 1566 notitia
1224 1540 1405 1574 antiquitatis!
1427 1548 1497 1575 quae
1517 1541 1629 1567 scientia
1650 1542 1717 1567 iuris
1738 1542 1860 1577 augurii!

1067 1576 1165 1603 Multae
1177 1577 1267 1607 etiam,
1282 1577 1349 1603 utin
1362 1576 1470 1603 homine
1481 1578 1608 1609 Romano,
1623 1577 1735 1605 litterae.
1764 1579 1860 1606 Omnia

1067 1614 1194 1640 memoria
1208 1614 1323 1644 tenebat,
1333 1622 1385 1640 non
1395 1614 1541 1641 domestica
1552 1615 1650 1646 solum,
1663 1616 1710 1642 sed
1721 1617 1801 1643 etiam
1813 1625 1862 1644 ex-

1066 1656 1138 1678 terna
1151 1650 1230 1677 bella.
1271 1651 1356 1678 Cuius
1369 1659 1492 1678 sermone
1507 1653 1543 1678 ita
1559 1657 1615 1678 tum
1631 1653 1730 1687 cupide
1742 1652 1859 1685 fruebar,

1064 1689 1142 1723 quasi
1158 1689 1211 1715 iam
1226 1688 1391 1720 divinarem,
1414 1688 1442 1715 id
1457 1689 1529 1724 quod
1545 1690 1648 1720 evenit,
1668 1689 1715 1716 illo
1729 1691 1861 1718 exstincto

1065 1725 1132 1755 fore.
1162 1725 1234 1752 unde
1253 1725 1399 1756 discerem,
1423 1727 1568 1752 neminem.
1611 1727 1641 1753 V.
1665 1728 1704 1753 ⁴3.
1725 1727 1859 1759 Quorsum

1065 1763 1148 1798 igitur
1163 1762 1227 1789 haec
1243 1767 1296 1789 tam
1312 1762 1396 1789 multa
1411 1762 1444 1789 de
1456 1762 1592 1789 Maximo?
1605 1763 1673 1796 Quia
1689 1763 1806 1799 profecto
1817 1765 1861 1791 vi-

1064 1800 1144 1831 detis,
1157 1799 1232 1826 nefas
1243 1808 1302 1826 esse
1312 1799 1396 1830 dictu,
1413 1801 1538 1826 miseram
1550 1800 1634 1827 fuisse
1646 1801 1725 1827 talem
1735 1807 1860 1829 senectu-

1064 1842 1127 1863 tem.
1167 1837 1222 1863 Nec
1242 1841 1330 1863 tamen
1349 1845 1443 1864 omnes
1457 1842 1570 1872 possunt
1583 1846 1642 1864 esse
1658 1838 1799 1873 Scipiones
1814 1845 1860 1866 aut

1063 1874 1183 1904 Maximi.
1197 1879 1226 1900 ut
1236 1874 1346 1900 urbium
1357 1875 1580 1910 expugnationes,
1588 1880 1618 1901 ut
1629 1875 1766 1910 pedestres
1777 1885 1860 1903 nava-

1065 1911 1137 1937 lesve
1148 1920 1253 1947 pugnas
1261 1932 1267 1942 ,
1282 1917 1309 1937 ut
1321 1911 1390 1937 bella
1401 1920 1415 1937 a
1427 1920 1455 1938 se
1466 1917 1554 1948 gesta,
1568 1917 1597 1938 ut
1608 1913 1760 1947 triumphos
1771 1922 1859 1940 recor-

1210 1949 1257 1975 Est
1276 1949 1356 1975 etiam
1372 1949 1462 1983 quiete
1478 1954 1503 1975 et
1518 1957 1584 1984 pure
1599 1954 1626 1976 et
1640 1949 1775 1986 eleganter
1785 1955 1858 1978 actae

1063 1986 1155 2012 aetatis
1171 1985 1276 2020 placida
1292 1994 1321 2012 ac
1338 1986 1405 2012 lenis
1419 1991 1558 2012 senectus:
1580 1986 1687 2022 qualem
1703 1989 1858 2023 accepimus

1063 2023 1189 2054 Platonis,
1197 2024 1246 2058 qui
1257 2031 1310 2050 uno
1322 2028 1346 2049 et
1355 2024 1519 2059 octogesimo
1529 2024 1725 2051 annoscribens
1736 2030 1776 2051 est
1787 2033 1859 2052 mor·

1063 2066 1138 2088 tuus:
1152 2061 1260 2095 qualem
1272 2061 1403 2091 Isocratis,
1416 2061 1464 2095 qui
1475 2069 1536 2087 eum
1549 2060 1716 2096 librum,qui
1727 2062 1857 2089 Panathe-

1063 2098 1156 2124 naicus
1170 2098 1341 2128 inscribitur,
1364 2103 1460 2133 quarto
1474 2103 1500 2125 et
1516 2100 1690 2133 nonagesimo
1705 2107 1775 2126 anno
1789 2100 1858 2126 scri-

1062 2136 1149 2170 psisse
1160 2143 1189 2161 se
1198 2134 1278 2165 dicit,
1294 2136 1417 2170 vixitque
1427 2136 1645 2170 quinquennium
1656 2141 1761 2170 postea:
1777 2137 1857 2163 cuius

1062 2173 1342 2208 magisterLeontinus
1348 2172 1462 2208 Gorgias
1471 2177 1579 2199 centum
1589 2177 1615 2199 et
1623 2178 1726 2208 septem
1737 2173 1858 2209 eomple-

1062 2210 1207 2242 vitannos;
1230 2218 1318 2244 neque
1333 2218 1462 2245 umquam
1479 2211 1508 2236 in
1521 2218 1571 2236 suo
1581 2210 1671 2237 studio
1687 2216 1766 2246 atque
1776 2219 1856 2246 opere

1061 2247 1186 2273 cessavit.
1226 2246 1279 2279 Qui
1287 2267 1293 2277 ,
1310 2255 1396 2281 quum
1407 2255 1441 2273 ex
1451 2255 1482 2273 eo
1492 2252 1677 2282 quaereretur,
1694 2256 1743 2274 cur
1753 2247 1855 2274 tamdiu

1062 2284 1142 2310 vellet
1153 2292 1212 2310 esse
1223 2284 1251 2310 in
1263 2284 1331 2310 vita:
1354 2286 1419 2310 nihil
1429 2286 1519 2314 habeo,
1537 2285 1639 2319 inquit,
1661 2287 1728 2318 quod
1743 2287 1854 2312 iriensem

1060 2326 1220 2348 senectutem.
1259 2320 1426 2347 Praeclarum
1442 2330 1602 2356 responsum
1617 2326 1643 2348 et
1656 2321 1733 2348 docto
1747 2321 1855 2348 homine

1060 2358 1188 2394 dignum!
1218 2359 1257 2385 tt.
1277 2358 1331 2385 Sua
1342 2359 1415 2384 enim
1425 2359 1492 2385 vitia
1502 2359 1662 2393 insipientes
1672 2363 1698 2385 et
1707 2367 1784 2385 suam
1794 2358 1855 2385 cul—

1060 2404 1122 2430 pam
1133 2396 1161 2421 in
1172 2400 1337 2422 senectutem
1347 2395 1498 2422 conferunt.
1537 2395 1615 2428 Quod
1631 2404 1683 2423 non
1693 2395 1808 2422 faciebat
1819 2396 1850 2426 is,

1060 2433 1139 2459 cuius
1150 2432 1229 2459 modo
1240 2434 1402 2459 mentionem
1415 2432 1476 2464 feci,
1488 2433 1602 2459 Ennius.

1097 2470 1170 2496 Sicut
1179 2472 1255 2503 sortis
1264 2479 1351 2504 equus,
1362 2473 1446 2503 spatio
1457 2473 1502 2504 qui
1510 2478 1585 2503 saepe
1593 2478 1711 2503 supremo

1096 2510 1158 2534 vicit
1171 2507 1298 2541 Olympia,
1310 2516 1378 2533 nunc
1387 2510 1458 2533 senio
1468 2507 1588 2540 οοηῙεσίιι1
1599 2509 1712 2540 quiescit,

1058 2544 1129 2579 Equi
1153 2544 1229 2571 fortis
1253 2549 1280 2571 et
1303 2545 1413 2571 victoris
1439 2544 1570 2570 senectuti
1599 2548 1734 2578 comparat
1763 2552 1850 2570 suam.

1057 2581 1143 2614 Quam
1154 2581 1266 2617 quidem
1277 2582 1360 2616 probe
1371 2581 1527 2607 meminisse
1537 2581 1658 2615 potestis.
1691 2581 1769 2607 Anno
1779 2581 1851 2607 enim

1057 2618 1262 2645 undevicesimo
1271 2623 1332 2654 post
1341 2619 1401 2645 eius
1411 2623 1523 2644 mortem
1533 2617 1562 2643 hi
1571 2617 1705 2648 consules,
1714 2618 1744 2644 T.
1751 2618 1771 2644 F
1774 2617 1852 2644 lami-

1058 2656 1140 2683 ninus
1154 2660 1181 2683 et
1194 2656 1238 2682 Μ’.
1250 2655 1368 2687 Acilius,
1385 2655 1447 2682 facti
1457 2659 1533 2682 sunt:
1551 2654 1597 2682 ille
1607 2660 1696 2682 autem
1707 2655 1849 2690 Caepione,
