1941 3052
232 138 275 161 22⁸
803 137 843 162 36.
879 136 913 162 M.

228 208 280 233 nite
292 212 384 241 atquo,
401 207 475 233 obliti
488 206 582 232 salutis
594 214 679 236 nicae,
697 205 730 231 (le
747 206 822 232 vobis
837 215 867 231 ac
883 206 916 232 dc
928 205 1019 232 liberis
1040 207 1041 212 ¹

229 246 322 271 vomu-iu
333 249 455 277 rogitate.
488 244 551 269 Mihi
563 243 672 277 quidem
686 243 708 268 si
721 243 784 269 haec
795 243 911 269 conditio
921 251 1019 269 consu·
1039 254 1041 283 ᾖ

229 283 296 307 lutus
313 282 371 306 «luta
387 286 439 310 cst,
464 286 491 306 ut
507 290 598 306 omnin-t
615 281 783 309 nvorbitutes,
806 289 898 306 omnes
914 280 1018 306 dolores
1039 292 1041 307 ι

226 320 414 352 cruciatusque·
427 318 582 352 perivi-mn:
597 317 677 342 serum
691 327 741 343 non
754 317 840 343 solum
854 317 962 346 fortiter.
972 317 1018 343 sed
1038 313 1041 365 ἱ

225 358 303 382 etiam
318 356 441 384 libs-uter,
459 354 606 380 ‹lumuimlo
618 354 683 379 uicis
696 354 832 380 latioribus
845 355 920 380 vobis
933 363 1018 389 popu-

228 394 304 427 Ιιιιμιι-
314 393 428 418 ltomano
439 392 554 424 dignitas
565 391 693 425 salusque
706 392 831 425 pariatur.
854 394 877 418 2.
892 392 947 425 Ego
957 401 1017 417 sum

226 430 270 456 ἰΙΙι-
286 430 392 458 =·on.·-ul,
411 434 496 463 patros
511 429 668 463 conscripti.
685 429 728 454 cui
744 438 794 455 non
808 429 908 457 forum,
927 429 1019 464 inquo

225 468 311 492 omnis
323 467 442 500 aequitas
453 466 616 495 continetur.
631 475 681 491 non
693 475 804 500 campus
813 487 818 496 ,
831 466 1018 492 consularibus

225 504 352 538 auspiciis
363 507 545 533 ‹·0n.-w‹·rutus‚
565 512 615 529 non
627 503 714 533 curia,
731 512 869 529 summum
885 503 1017 529 auxilium
1038 524 1047 538 „

225 541 343 566 munium
356 541 490 573 gentium,
509 549 559 566 non
571 540 680 571 domus,
697 550 839 567 commune
852 541 1015 575 perfugium,
1038 550 1047 578 Ὶ1

1038 583 1039 587 ’
1069 579 1198 605 consulis.
1229 579 1285 613 Ego
1296 588 1424 614 magnum
1437 580 1464 606 in
1476 580 1612 615 republica
1630 582 1729 607 versari
1747 580 1863 608 furorem

227 588 276 604 non
291 578 381 606 lectus.
395 578 426 603 ad
439 579 556 612 quictem
568 577 656 608 «latus,
671 587 721 604 non
733 578 850 613 (lenique
865 578 929 604 haec
940 578 1017 604 sedes

226 616 340 645 lionoris,
350 615 414 640 sella
431 615 542 644 curulis.
557 624 685 650 umquam
699 624 780 641 vacua
794 616 886 641 mortis
899 615 1018 650 periculo
1045 639 1046 643 ,

224 658 302 687 atque
314 652 420 678 insidiis
433 652 492 678 fuit.
534 653 588 687 Ego
605 653 687 679 multa
706 654 788 683 tacui,
807 653 890 679 multu
907 653 1014 687 pertuli,

225 690 306 715 multa
319 690 452 721 concessi,
471 689 554 716 multa
565 699 624 716 meo
634 690 750 725 quodam
765 690 869 720 dolore.
886 691 913 716 in
930 695 1016 716 vestro
1037 707 1045 727 ¹}

225 728 326 757 timore,
340 728 441 753 sanavi.
468 728 552 757 Nunc,
566 727 588 753 si
601 728 672 754 hunc
683 729 784 754 exitum
796 727 952 754 consulatus
964 729 1016 754 mei
1036 726 1045 755 Η

1036 764 1038 779 ³
1068 766 1222 796 sententiae.
1235 766 1406 792 statuendum
1420 766 1495 793 vobis
1506 771 1567 793 ante
1578 771 1681 793 noctem
1693 772 1742 793 est.
1772 767 1864 800 Quan-

223 765 260 790 ‹lii
274 765 436 791 immortales
448 773 507 791 esse
519 765 672 795 voluerunt,
691 770 719 791 ut
731 774 786 795 vos,
801 770 887 800 patres
899 766 1016 791 conscri-

223 803 275 836 pti,
289 802 473 837 populumque
486 803 632 828 Romanum
644 811 677 828 ex
687 802 766 828 car-de
778 803 940 833 miserrima.
953 811 1016 829 con-

223 840 298 872 iuges
312 839 462 874 liberosque
475 844 575 866 vestros
587 840 759 875 virginesque
771 840 890 866 Vestales
901 848 933 866 ex
944 848 1017 866 acer-

223 877 334 902 bissima
351 877 501 907 vexatione,
521 877 618 912 templa
635 882 714 912 atque
729 877 854 906 delubra,
873 878 939 903 lianc
955 877 1017 912 pul-

221 914 381 940 cherrimam
403 915 514 948 patriam
535 915 655 941 omnium
677 920 796 941 nostrum
812 924 845 941 ex
861 914 1015 941 foedissima

208 950 341 981 Alaunma,
361 956 439 978 totam
452 952 552 978 ltaliam
569 960 601 978 ex
616 952 687 978 bello
701 957 725 978 et
738 953 857 978 vastitate
868 953 1013 986 eriperem:

221 997 408 1023 quaecumque
424 990 489 1015 milii
502 990 547 1015 uni
563 994 724 1024 proponetur
740 989 858 1020 fortuna,
875 990 1014 1015 subeatur.

223 1026 340 1056 Etenim,
354 1027 376 1052 si
389 1027 416 1052 Ρ.
431 1026 560 1053 Lentulus
571 1035 651 1053 suum
665 1036 770 1058 nomen,
784 1027 910 1053 inductus
922 1036 936 1052 a
948 1027 1015 1053 vati-

222 1064 286 1094 bus,
305 1063 381 1089 fatale
393 1063 425 1090 ad
437 1065 581 1098 perniciem
594 1064 756 1099 reipublicae
769 1064 823 1091 fore
835 1064 952 1099 putavit,
967 1072 1015 1090 cur

221 1109 270 1134 ego
282 1110 332 1127 non
345 1101 438 1131 laeter.
456 1109 545 1127 meum
561 1101 729 1128 consulatum
745 1102 778 1128 ad
795 1101 909 1128 salutem
923 1102 1015 1136 reipu-

221 1138 306 1164 blicae
318 1147 398 1173 prope
411 1137 516 1165 fatalem
533 1138 687 1165 exstitisse?
707 1140 737 1165 11.
755 1141 780 1165 3.
802 1138 903 1171 Quare,
925 1143 1014 1174 patres

220 1176 376 1210 conscripti,
390 1176 520 1202 consulite
531 1176 616 1206 vobis,
631 1177 774 1211 prospicite
786 1177 894 1211 patriae,
907 1185 1014 1203 conser-

222 1218 279 1239 vate
291 1221 351 1244 vos,
369 1214 510 1248 coniuges,
528 1213 625 1240 liberos
642 1213 816 1249 fortunasque
827 1218 942 1244 vestras,
966 1222 1014 1248 po-

221 1250 276 1284 puli
290 1251 399 1277 Romani
413 1259 507 1277 nomen
519 1250 688 1285 salutemque
699 1251 847 1278 defendite:
870 1251 936 1277 mihi
953 1260 1014 1285 par-

219 1296 277 1313 cere
288 1296 317 1313 ac
328 1287 360 1314 de
372 1296 413 1313 me
424 1288 538 1321 cogitare
549 1288 671 1314 desinite.
712 1289 778 1315 Nam
794 1289 914 1324 primum
929 1288 1014 1315 debeo

219 1333 338 1359 sperare,
352 1334 444 1351 omnes
455 1326 532 1356 deos,
545 1325 592 1360 qui
605 1325 668 1352 huic
679 1326 739 1352 urbi
751 1326 911 1361 praesident,
926 1334 973 1360 pro
983 1334 1014 1352 eo

220 1362 299 1393 mihi,
317 1371 346 1388 ac
358 1371 471 1394 mereor,
490 1362 618 1389 relaturos
629 1363 741 1399 gratiam
753 1372 822 1390 esse.
862 1362 976 1394 Deinde,
989 1363 1013 1389 si

218 1399 284 1434 quid
295 1399 428 1435 obtigerit,
443 1408 527 1435 aequo
537 1401 626 1426 animo
637 1405 781 1435 paratoque
792 1401 898 1427 moriar.
921 1401 1013 1435 Neque

218 1437 289 1463 enim
301 1437 387 1471 turpis
399 1445 470 1464 mors
482 1437 542 1464 forti
553 1438 611 1464 viro
622 1443 708 1472 potest
718 1438 845 1469 accidere,
862 1446 950 1473 neque
961 1438 1013 1464 im-

217 1479 320 1501 matura
331 1474 473 1505 consulari.
488 1483 536 1501 nec
547 1475 644 1501 misera
655 1476 778 1510 sapienti.
801 1476 855 1502 Nec
866 1480 953 1502 tamen
964 1484 1013 1511 ego

217 1520 277 1538 sum
290 1511 335 1538 ille
346 1511 457 1543 ferreus,
465 1513 512 1547 qui
525 1512 612 1538 fratris
623 1513 757 1540 carissimi
767 1518 848 1548 atque
858 1513 1013 1539 amantissi-

217 1549 252 1574 mi
263 1549 409 1583 praesentis
420 1558 537 1576 maerore
547 1558 599 1576 non
610 1559 717 1577 movear
730 1550 881 1585 horumque
891 1550 1011 1577 omnium

218 1585 347 1617 lacrimis,
365 1595 379 1613 a
394 1587 495 1621 quibus
512 1596 553 1613 me
568 1588 778 1614 circumsessum
789 1588 902 1614 videtis:
925 1596 1012 1622 neque

217 1632 303 1650 nwam
319 1628 435 1650 mentem
452 1633 504 1650 non
519 1625 630 1651 domum
647 1634 727 1660 saepe
742 1630 847 1652 revocat
861 1625 1012 1651 exanimata

217 1669 296 1691 uxor,
310 1661 410 1687 abiecta
422 1666 494 1687 metu
506 1661 560 1688 filia
571 1666 596 1688 et
607 1662 737 1697 parvulus
749 1662 834 1693 lilius,
850 1671 932 1697 quem
944 1662 1011 1688 mihi

220 1698 324 1724 videtur
344 1698 468 1733 amplecti
487 1699 639 1734 respublica
659 1704 795 1735 tamquam
811 1699 932 1726 obsidem
948 1708 1012 1726 con-

216 1735 321 1761 sulatus
333 1736 394 1766 mei,
408 1744 495 1770 neque
507 1736 560 1767 ille,
573 1737 630 1772 qui,
644 1741 802 1772 exspectans
814 1737 896 1763 huius
907 1737 1010 1763 exitum

216 1772 278 1802 diei,
287 1772 372 1799 adstat
382 1773 409 1799 in
421 1778 565 1807 conspectu
576 1782 636 1800 meo
645 1782 736 1810 gener.
759 1775 866 1801 Moveor
877 1774 919 1800 his
930 1774 1011 1800 rebus

215 1809 355 1841 omnibus,
373 1809 420 1836 sed
432 1810 459 1836 in
471 1818 528 1837 eam
540 1815 655 1845 partem,
674 1816 703 1838 ut
717 1811 786 1838 salvi
801 1812 855 1838 sint
870 1811 1010 1838 vobiscum

215 1855 320 1875 omnes.
347 1847 453 1874 etiamsi
472 1848 514 1874 vis
534 1847 624 1884 aliqua
645 1857 687 1875 me
709 1849 884 1884 oppresserit.
909 1849 1008 1883 potius,

215 1892 296 1919 quam
317 1888 343 1910 et
359 1884 398 1910 illi
415 1889 440 1911 et
456 1893 503 1911 nos
519 1893 571 1911 una
588 1885 751 1921 reipublicae
767 1891 841 1921 peste
857 1894 1008 1921 pereamus.

216 1922 240 1948 AE.
258 1920 357 1953 Quare,
375 1927 462 1956 patres
473 1923 630 1957 conscripti,
644 1923 792 1950 incumbite
803 1923 835 1950 ad
847 1922 1010 1958 reipublicae

215 1958 343 1985 salutem:
360 1959 558 1994 circumspicite
569 1968 661 1987 omnes
672 1960 811 1996 procellas,
824 1969 894 1997 quae
905 1961 1011 1996 impen-

215 1995 290 2027 dent,
305 1996 357 2022 nisi
369 1996 524 2031 providetis.
566 1998 622 2024 Non
635 1998 675 2024 Ti.
689 1998 840 2029 Gracchus,
853 1999 900 2034 qui
912 1999 1009 2026 iterum

216 2033 341 2059 tribunus
362 2033 449 2068 plebis
471 2034 527 2060 fieri
547 2034 645 2066 voluit,
669 2044 720 2062 non
741 2036 770 2063 C.
787 2036 939 2068 Gracchus,
962 2037 1009 2072 qui

214 2071 331 2106 agrarios
342 2071 474 2098 concitare
484 2076 594 2098 conatus
606 2077 657 2103 est,
672 2082 723 2099 non
736 2074 765 2100 L.
777 2073 948 2105 Saturninus,
961 2075 1009 2109 qui

214 2108 244 2134 C.
257 2108 414 2134 Memmium
426 2109 535 2140 occidit,
559 2109 586 2136 in
602 2109 746 2137 discrimen
761 2110 871 2146 aliquod
887 2116 966 2146 atque
981 2113 1009 2138 in

214 2149 317 2171 vestrae
337 2146 486 2172 severitatis
507 2146 638 2173 iudicium
659 2147 814 2175 adducitur:
837 2153 960 2175 tenentur
979 2149 1007 2180 ii,

214 2183 262 2217 qui
274 2182 306 2209 ad
318 2182 396 2209 Urbis
408 2183 571 2216 incendium,
585 2184 617 2210 ad
631 2190 744 2211 vestram
756 2185 878 2212 omnium
889 2186 1007 2217 caedem,

213 2219 246 2245 ad
258 2219 400 2246 Catilinam
412 2221 598 2255 accipiendum
614 2222 712 2249 Romae
726 2223 893 2250 restiterunt:
916 2228 1010 2250 tenen-

214 2261 256 2283 tur
273 2257 386 2287 litterae,
408 2258 498 2294 signa,
520 2267 628 2290 manus,
646 2259 762 2295 denique
778 2261 860 2287 unius
875 2261 1009 2296 cuiusque

213 2293 359 2321 confessio:
377 2295 554 2322 sollicitantur
569 2296 739 2333 Allobroges:
762 2298 870 2324 servitia
890 2298 1009 2324 excitan-

216 2336 270 2358 tur.-
293 2331 406 2358 Catilina
417 2334 574 2360 arcessitur:
597 2334 624 2360 id
635 2339 675 2360 est
687 2335 784 2361 initum
795 2335 953 2366 consilium,
967 2340 1006 2367 ut,

214 2368 358 2395 interfectis
369 2370 504 2401 omnibus,
517 2379 596 2397 nemo
606 2379 638 2398 ne
648 2371 681 2398 ad
692 2371 886 2407 deplorandum
897 2372 1008 2408 quidem

213 2406 422 2440 populiRomani
434 2416 530 2434 nomen
542 2413 621 2443 atque
632 2409 665 2435 ad
676 2408 871 2436 lamentandam
882 2410 946 2436 tanti
957 2410 1009 2436 im-

215 2443 280 2476 perii
292 2443 467 2471 calamitatem
479 2445 656 2481 relinquatur.
687 2447 730 2473 111.
743 2448 768 2473 5.
786 2447 855 2473 Haec
864 2448 954 2473 omnia
965 2447 1008 2473 in-

213 2479 286 2505 dices
297 2480 457 2513 detulerunt,
472 2483 509 2508 rei
520 2482 635 2509 confessi
647 2488 722 2515 sunt,
736 2492 784 2510 vos
796 2484 889 2510 multis
900 2484 953 2510 iam
964 2484 1007 2510 iu-

213 2516 290 2542 diciis
302 2517 454 2544 iudicastis:
477 2520 609 2553 primum,
626 2521 700 2555 quod
715 2521 783 2547 mihi
798 2521 896 2557 gratias
911 2522 1006 2557 egistis

213 2553 397 2588 singularibus
413 2556 515 2587 verbis,
539 2562 565 2583 et
580 2566 638 2583 mea
653 2558 752 2584 virtute
767 2562 846 2593 atque
865 2558 1006 2594 diligentia

213 2590 376 2624 perditorum
393 2591 532 2620 homiuum
549 2594 705 2629 patefactam
721 2603 780 2621 esse
795 2596 1005 2622 coniurationem

213 2627 383 2654 decrevistis:
395 2628 501 2660 deinde,
509 2631 581 2665 quod
588 2631 617 2657 P.
625 2631 779 2664 Lentulum,
792 2637 822 2658 ut
832 2641 860 2658 se
871 2632 1005 2659 abdicaret

213 2669 342 2698 praetura,
355 2666 494 2702 coegistis:
509 2672 575 2699 tum,
587 2669 662 2703 quod
671 2677 734 2696 euni
745 2674 772 2696 et
781 2674 890 2702 ceteros²
899 2669 932 2696 de
943 2670 1005 2706 qui-

947 135 1282 162 T.(:11:13n0N18

1072 205 1122 232 bun
1135 205 1281 236 iudicastis,
1295 206 1322 232 in
1333 206 1481 234 custodiam
1493 206 1595 234 dandos
1605 209 1764 234 censuistis:
1778 209 1864 236 maxi-

1071 251 1176 277 meque,
1189 243 1262 278 quod
1273 252 1333 269 meo
1343 244 1450 270 nomine
1461 245 1684 280 supplicationem
1695 245 1862 277 decrevistis,

1070 281 1116 315 qui
1130 280 1213 307 bonos
1225 285 1312 315 togato
1323 280 1430 307 habitus
1441 286 1501 308 ante
1517 291 1559 308 me
1573 287 1614 308 eat
1629 283 1744 309 nemini:
1763 288 1865 317 postre-

1071 326 1114 344 mo
1131 317 1255 344 hesterno
1269 317 1312 344 (lie
1328 319 1443 352 praemi·
1460 318 1553 353 tegatis
1567 319 1739 355 Allobrogum
1752 320 1865 355 Titoque

1072 354 1209 381 Vulturcio
1219 355 1332 381 dedistis
1344 355 1520 390 amplissima.
1535 356 1608 388 Quae
1618 362 1681 384 sunt
1692 358 1781 384 omnia
1793 358 1865 384 eius-

1071 392 1152 422 modi.
1166 397 1194 418 ut
1206 392 1237 422 ii,
1250 392 1298 427 qui
1310 393 1336 418 in
1347 393 1496 419 custodiam
1509 394 1664 420 nominatim
1676 394 1729 421 dati
1741 400 1814 425 sunt,
1826 395 1865 422 si-

1071 438 1102 455 ne
1115 429 1168 455 ulla
1179 429 1344 456 dubitatione
1354 438 1368 455 a
1381 430 1457 456 vobis
1467 430 1585 457 damnati
1597 440 1655 457 esse
1668 431 1816 458 videantur.

1126 469 1150 493 6.
1173 467 1225 493 Sed
1237 475 1286 502 ego
1298 467 1400 493 institui
1413 467 1511 494 referre
1521 467 1554 494 ad
1570 477 1630 499 vos.
1648 474 1735 503 patrea
1746 469 1865 496 conscri-

1071 504 1121 538 pti.
1135 509 1270 539 tamquam
1284 505 1430 539 integrum,
1444 505 1513 531 etde
1525 504 1601 535 facto,
1614 505 1680 540 quid
1692 506 1825 536 iudicetis.
1838 511 1865 533 et

1069 541 1101 567 de
1114 550 1210 576 poena,
1227 541 1294 576 quid
1305 542 1450 569 censeatis:
1474 542 1518 568 illa
1534 542 1699 577 praedicam,
1716 552 1785 578 quae
1800 548 1865 570 aunt

1069 621 1095 642 et
1109 625 1176 642 nova
1191 616 1322 651 quaedam
1335 617 1442 643 misceri
1452 621 1478 643 et
1487 618 1613 643 concitari
1625 617 1693 644 mala
1705 618 1862 653 iampridem

1070 654 1207 680 videbam:
1220 654 1268 680 sed
1280 654 1348 680 lianc
1359 658 1468 685 tantam,
1482 659 1534 680 tam
1546 655 1686 681 exitiosam
1699 655 1789 682 haberi
1801 664 1865 682 oon—

1069 691 1225 717 iurationem
1238 700 1251 717 a
1263 691 1379 721 civibus,
1392 700 1541 727 numquam
1554 693 1655 726 putavi.
1685 693 1770 723 Nunc,
1783 692 1864 728 quid-

1067 728 1134 763 quid
1150 733 1203 759 est,
1220 737 1392 764 quocumque
1408 733 1511 755 vestrae
1527 734 1629 756 mentes
1644 729 1773 757 inclinant
1783 735 1863 765 atque

1069 807 1125 830 tum
1137 803 1241 830 facinus
1252 803 1286 829 ad
1298 812 1344 830 vos
1355 803 1474 830 delatum
1486 804 1529 834 sit,
1544 804 1651 831 videtis.
1683 805 1750 831 nuic
1761 805 1783 831 si
1796 813 1864 839 pau-

1067 849 1112 867 cos
1124 841 1224 875 putatis
1239 840 1333 867 aflines
1349 849 1422 871 esse,
1440 841 1612 868 vehementer
1626 842 1729 868 erratis.
1770 842 1862 869 Latius

1066 878 1192 913 opinione
1207 877 1413 904 disseminatum
1430 883 1470 905 est
1482 878 1531 905 hoc
1542 878 1656 906 malum:
1680 880 1799 906 manavit
1809 888 1862 906 non

1067 915 1154 942 solum
1166 924 1213 950 per
1224 915 1340 945 ltaliam,
1359 924 1453 942 verum
1469 916 1548 942 etiam
1565 916 1728 943 transcendit
1739 916 1821 951 Alpes
1836 921 1863 943 et

1067 952 1180 979 obscure
1190 961 1302 988 serpens
1314 952 1412 979 multas
1425 953 1476 979 iam
1488 954 1640 988 provincias
1650 954 1801 988 occupavit.
1833 953 1862 980 ld

1067 991 1183 1025 opprimi
1197 990 1374 1016 sustentando
1384 999 1414 1016 ac
1425 990 1580 1025 prolatando
1590 990 1666 1017 nullo
1677 996 1753 1026 pacto
1764 995 1861 1026 potest.

1066 1027 1242 1063 Quacumque
1257 1028 1356 1054 ratione
1372 1027 1471 1062 placet,
1493 1027 1614 1055 celeriter
1629 1028 1706 1055 vobis
1724 1028 1862 1055 vindican-

1065 1065 1131 1091 dum
1143 1069 1192 1091 est.
1233 1065 1276 1092 1v.
1292 1065 1318 1091 7.
1342 1065 1424 1092 Video
1439 1064 1507 1092 duas
1523 1065 1611 1092 adhuc
1625 1074 1684 1092 esse
1699 1066 1860 1092 sententias:

1066 1111 1147 1129 unam
1158 1103 1188 1129 D.
1201 1101 1296 1133 Silani,
1308 1102 1356 1137 qui
1367 1107 1466 1133 censet.
1479 1103 1589 1138 eosqui
1601 1103 1666 1129 haec
1675 1102 1764 1129 delere
1774 1103 1861 1129 conati

1065 1145 1138 1170 sunt,
1151 1144 1235 1166 morte
1245 1147 1305 1166 esse
1316 1139 1498 1167 mulctandos:
1511 1139 1621 1167 alteram
1633 1140 1800 1171 C.Caesaris,
1812 1140 1861 1176 qui

1066 1177 1159 1204 mortis
1187 1185 1300 1212 poenam
1328 1181 1460 1207 removet,
1488 1182 1636 1204 ceterorum
1664 1177 1860 1212 suppliciorum

1065 1223 1158 1241 omnes
1169 1214 1326 1241 acerbitates
1337 1214 1516 1249 amplectitur.
1538 1214 1654 1250 Uterque
1665 1219 1690 1241 et
1702 1223 1749 1249 pro
1759 1223 1808 1241 sua
1819 1214 1861 1241 di-

1064 1252 1165 1287 gnitate
1175 1256 1202 1278 et
1212 1260 1259 1287 pro
1270 1260 1358 1278 rerum
1370 1251 1555 1287 magnitudine
1566 1252 1593 1278 in
1604 1260 1710 1278 summa
1722 1253 1861 1279 severitate

1066 1294 1195 1316 versatur.
1224 1289 1298 1315 Alter
1308 1297 1363 1320 eos,
1375 1290 1423 1324 qui
1435 1297 1482 1315 nos
1493 1297 1596 1320 omnes,
1607 1290 1655 1324 qui
1667 1289 1799 1324 populum
1810 1289 1863 1317 Ro—

1065 1335 1175 1353 manum
1187 1326 1241 1353 vita
1253 1327 1358 1361 privare
1368 1326 1454 1353 conati
1465 1330 1537 1357 sunt.
1545 1327 1593 1362 qui
1604 1326 1694 1353 delere
1705 1327 1859 1362 imperium,

1064 1364 1113 1399 qui
1124 1363 1217 1399 populi
1227 1364 1338 1390 Romani
1350 1372 1446 1390 nomen
1458 1365 1638 1400 exstinguere,
1651 1368 1782 1399 punctum
1794 1369 1863 1391 tem-

1065 1402 1137 1437 poris
1149 1401 1202 1428 frui
1214 1402 1266 1428 vita
1279 1405 1306 1427 et
1317 1401 1366 1428 hoc
1376 1401 1513 1428 communi
1524 1402 1622 1436 spiritu
1634 1409 1686 1428 non
1697 1406 1773 1437 putat
1783 1410 1862 1437 opor-

1065 1444 1132 1471 tere,
1150 1443 1230 1474 atque
1241 1438 1291 1465 hoc
1301 1447 1388 1474 genus
1399 1447 1500 1474 poenae
1510 1447 1590 1474 saepe
1600 1439 1628 1466 in
1639 1439 1776 1474 improbos
1787 1440 1861 1466 cives

1063 1477 1092 1503 in
1104 1476 1153 1503 hac
1163 1475 1300 1511 republica
1311 1484 1370 1503 esse
1381 1481 1541 1511 usurpatum
1553 1475 1713 1503 recordatur.
1735 1475 1809 1503 Alter
1819 1476 1862 1503 in-

1064 1513 1170 1550 telligit,
1178 1518 1289 1541 mortem
1301 1522 1315 1540 a
1326 1513 1379 1540 diis
1391 1513 1587 1540 immortalibus
1599 1522 1651 1540 non
1662 1522 1722 1540 esse
1731 1513 1861 1549 supplicii

1063 1559 1159 1578 caussa
1169 1551 1356 1582 constitutam,
1373 1550 1421 1577 sed
1437 1555 1484 1578 aut
1498 1551 1683 1578 necessitatem
1695 1555 1804 1578 naturae
1814 1555 1862 1578 aut

1065 1588 1186 1616 laborum
1197 1597 1228 1615 ac
1238 1588 1408 1614 miseriarum
1419 1589 1538 1623 quietem
1549 1597 1618 1615 esse.
1645 1589 1737 1624 Itaque
1747 1597 1806 1615 eam
1817 1597 1861 1614 sa-

1063 1626 1168 1661 pientes
1182 1634 1330 1660 numquam
1346 1625 1438 1656 inviti,
1461 1625 1542 1652 fortes
1556 1626 1637 1652 etiam
1652 1634 1732 1660 saepe
1747 1625 1860 1652 libenter

1063 1663 1260 1698 oppetiverunt.
1282 1662 1395 1689 vincula
1406 1671 1477 1694 vero,
1490 1667 1516 1689 et
1525 1671 1555 1689 ea
1566 1663 1737 1698 sempiterna,
1745 1667 1815 1690 certe
1825 1662 1859 1689 ad

1062 1700 1226 1736 singularem
1239 1708 1351 1735 poenam
1363 1699 1456 1726 nefarii
1467 1699 1575 1726 sceleris
1586 1701 1694 1726 inventa
1704 1704 1778 1726 sunt.
1799 1700 1860 1726 Mu-

1063 1738 1171 1772 nicipiis
1182 1737 1318 1772 dispertiri
1330 1737 1412 1764 iubet.
1452 1737 1555 1764 Habere
1570 1737 1677 1763 videtur
1691 1737 1741 1764 ista
1753 1745 1795 1764 res
1807 1737 1860 1764 ini-

1062 1775 1205 1810 quitatem,
1222 1775 1247 1801 si
1257 1775 1389 1809 imperare
1401 1773 1481 1805 velis,
1498 1774 1698 1805 difficultatem.
1714 1775 1739 1801 si
1754 1783 1857 1810 rogare.

1062 1813 1223 1839 Decernatur
1233 1816 1331 1843 tamen,
1344 1812 1368 1838 si
1379 1811 1475 1847 placet.
1506 1813 1532 1838 8.
1548 1811 1606 1848 Ego
1615 1812 1687 1838 enim
1698 1812 1856 1847 suscipiam,

1061 1854 1100 1881 et,
1117 1853 1147 1876 ut
1158 1858 1249 1885 spero,
1267 1849 1411 1884 reperiam,
1427 1849 1476 1884 qui
1487 1848 1528 1880 id,
1545 1848 1618 1884 quod
1629 1848 1725 1876 salutis
1735 1849 1857 1876 omnium

1061 1895 1156 1914 caussa
1167 1886 1312 1913 statueritis
1320 1907 1326 1918 ,
1344 1895 1397 1914 non
1412 1891 1507 1922 putent
1521 1894 1581 1913 esse
1591 1894 1656 1913 suae
1666 1885 1806 1922 dignitatis
1816 1894 1859 1913 re-

1061 1933 1164 1951 cusare.
1204 1924 1336 1960 Adiungit
1349 1932 1459 1960 gravem
1479 1932 1592 1959 poenam
1613 1923 1812 1958 municipibus,
1833 1923 1858 1950 si

1061 1962 1124 1997 quis
1135 1970 1227 1988 eorum
1239 1961 1346 1988 vincula
1358 1961 1474 1996 ruperit:
1497 1960 1640 1988 horribiles
1655 1960 1791 1987 custodias
1805 1961 1859 1988 cir-

1060 1999 1169 2026 cumdat
1184 2003 1210 2025 et
1224 1998 1305 2035 digna
1320 1998 1420 2025 scelere
1431 1998 1572 2025 hominum
1583 1997 1748 2033 perditorum
1760 1998 1855 2029 sancit,

1061 2045 1093 2063 ne
1104 2037 1166 2072 quis
1178 2045 1270 2063 eorum
1281 2044 1480 2071 poenam,quos
1490 2035 1711 2065 condemnat,aut
1721 2043 1770 2071 per
1779 2043 1858 2062 sena·

1061 2079 1117 2101 tum
1129 2079 1175 2100 aut
1185 2082 1232 2109 per
1241 2073 1374 2108 populum
1384 2073 1472 2100 levare
1481 2073 1580 2108 possit:
1593 2073 1672 2107 eripit
1681 2073 1760 2099 etiam
1769 2080 1855 2108 spem,

1060 2120 1129 2146 quae
1144 2111 1200 2138 sola
1216 2111 1351 2138 hominem
1367 2111 1394 2137 in
1410 2111 1528 2137 miseriis
1542 2109 1673 2137 consolari
1684 2109 1766 2137 solet:
1787 2110 1857 2137 bona

1060 2153 1195 2184 praeterea
1207 2147 1338 2183 publicari
1349 2148 1437 2175 iubet:
1454 2148 1537 2174 vitam
1547 2147 1632 2174 solam
1643 2146 1771 2182 relinquit
1782 2146 1857 2174 nefa-

1060 2186 1107 2213 riis
1120 2186 1290 2212 hominibus:
1303 2194 1386 2221 quam
1397 2186 1421 2212 si
1434 2185 1592 2220 eripuisset,
1605 2183 1705 2211 multos
1717 2192 1771 2211 uno
1781 2183 1857 2211 dolo-

1060 2232 1088 2250 re
1103 2223 1207 2250 dolores
1220 2222 1231 2235 ‘
1247 2223 1331 2250 animi
1345 2227 1425 2258 atque
1440 2222 1559 2258 corporis
1573 2226 1600 2248 et
1613 2229 1707 2248 omnes
1722 2221 1855 2248 scelerum

1061 2269 1158 2296 poenas
1170 2260 1324 2287 ademisset.
1365 2261 1470 2295 Itaque,
1489 2263 1517 2286 ut
1532 2258 1622 2294 aliqua
1637 2259 1664 2285 in
1676 2259 1731 2285 vita
1741 2257 1856 2286 formido

1059 2298 1189 2333 improbis
1201 2302 1272 2324 esset
1282 2297 1377 2333 posita,
1385 2296 1457 2332 apud
1469 2296 1568 2323 inferos
1578 2295 1712 2322 eiusmodi
1722 2295 1855 2331 quaedam

1059 2335 1099 2361 illi
1111 2335 1214 2370 antiqui
1225 2334 1358 2370 supplicia
1369 2335 1462 2369 impiis
1471 2334 1614 2361 constituta
1625 2341 1684 2359 esse
1695 2332 1853 2359 voluerunt:

1059 2372 1133 2407 quod
1153 2372 1278 2399 videlicet
1299 2371 1490 2407 intelligebant,
1513 2371 1556 2397 his
1576 2370 1698 2401 remotis,
1721 2378 1775 2397 non
1795 2377 1854 2397 esse

1060 2414 1171 2436 mortem
1183 2410 1270 2444 ipsam
1281 2408 1531 2444 pertimescendam.

1114 2447 1145 2473 V.
1166 2448 1191 2473 9.
1213 2447 1290 2473 Nunc
1299 2467 1305 2477 ‚
1327 2450 1416 2481 patres
1431 2445 1587 2479 conscripti,
1609 2452 1659 2480 ego
1673 2452 1741 2475 mea,
1764 2443 1852 2475 video,

1057 2484 1125 2519 quid
1136 2484 1249 2510 intersit.
1281 2483 1310 2510 Si
1321 2483 1396 2510 eritis
1406 2483 1491 2509 secuti
1503 2482 1662 2508 sententiam
1674 2481 1703 2508 C.
1716 2481 1851 2513 Caesaris;

1057 2521 1185 2556 quoniam
1201 2521 1270 2547 banc
1283 2521 1307 2547 is
1323 2521 1351 2547 in
1366 2519 1504 2555 republica
1520 2519 1605 2548 viam.
1629 2527 1699 2554 quae
1713 2517 1853 2553 popularis

1057 2558 1178 2589 habetur,
1191 2563 1300 2585 secutus
1311 2562 1364 2584 est:
1378 2557 1488 2584 fortasse
1498 2556 1589 2583 minus
1600 2559 1688 2587 erunt,
1701 2555 1752 2582 hoc
1762 2559 1853 2582 aucto-

1056 2604 1084 2622 re
1094 2600 1120 2622 et
1129 2596 1265 2631 cognitore
1275 2595 1389 2622 huiusce
1399 2594 1554 2625 sententiae,
1567 2593 1634 2619 mihi
1645 2592 1790 2628 populares
1800 2592 1853 2619 im-

1055 2637 1134 2667 petus
1155 2631 1374 2667 pertimescendi:
1397 2631 1440 2658 sin
1459 2630 1535 2658 illam
1554 2629 1673 2662 alteram,
1696 2630 1796 2661 nescio,
1817 2638 1851 2656 an

1055 2669 1173 2705 amplius
1184 2669 1251 2696 mihi
1262 2669 1361 2706 negotii
1371 2668 1551 2696 contrahatur.
1565 2667 1619 2694 Sed
1630 2671 1720 2694 tamen
1730 2674 1850 2694 meorum
