1941 3052
245 121 306 144 0006
803 118 811 141 t
820 117 827 141 l
835 117 858 142 27..

893 115 927 141 M.
961 115 991 140 Τ.
1025 114 1297 140 Cl‘lssssONlS

241 195 292 215 tem
305 188 417 218 ‹toton-t«,
437 186 520 214 utillo
536 186 610 215 lacit,
627 187 688 220 qui.
704 185 770 220 quid
787 185 870 215 dicat,
890 184 1032 219 intelligit?
1059 186 1061 214 ἶ
1081 193 1219 211 nummum
1232 184 1331 211 bonum
1343 185 1435 211 statuit
1446 193 1496 211 non
1508 184 1610 215 dolere,
1629 184 1773 220 voluptatis
1784 186 1870 212 nomi-

240 227 286 252 sin
299 231 386 251 nun-¹11
401 225 561 258 voluptutem
574 227 647 257 putat
658 222 857 257 adiungendam
871 232 929 249 earn
939 244 944 252 ,
961 231 1031 257 quae

240 264 275 289 sit
288 264 312 289 iu
326 268 412 288 motu.-
429 262 478 286 (sic
493 261 564 286 enirn
580 259 696 294 appellat
708 260 774 286 hanc
785 260 931 290 dulcem,in
947 264 1028 289 motu,

241 300 313 326 illum
327 299 393 325 nihil
406 298 556 326 doit-inimi
569 296 738 331 stabilitum)
751 297 818 332 quid
831 297 927 327 tendit,
945 305 1030 331 quum
1052 294 1054 319 l

240 336 344 362 el'licere
361 345 410 361 non
429 335 525 368 possit,
544 338 572 359 ut
587 335 728 368 cuiquam,
749 335 795 368 qui
814 335 870 368 ipse
887 339 964 360 notun
977 334 1030 359 eibi

239 375 282 402 sit,
302 374 349 398 hoc
360 376 412 401 est,
430 372 476 405 qui
489 379 565 396 sunm
578 376 698 396 naturam
710 379 875 405 sensumque
887 379 1031 406 perspexe-
1052 385 1054 404 ⁴.

240 411 286 438 rit,
307 410 425 434 vacuitas
441 408 540 433 doloris.
557 413 582 434 et
600 407 721 442 voluptas
739 408 808 434 idem
823 417 881 434 esse
898 407 1035 434 videatur?
1053 423 1055 431 ·

240 448 291 472 11οι·ι
303 451 343 472 cst
360 446 414 471 vim
430 445 535 475 atu-tre,
553 445 697 479 Torquate.
715 446 855 471 sensibus:
873 450 1031 480 extorquere

238 492 271 509 cx
287 483 385 509 animis
400 483 566 517 cognitiones
582 482 738 512 verborum,
756 483 857 517 quibus
873 482 970 508 imbuti
984 490 1031 508 su-

240 529 309 546 mus.
341 520 407 552 Quis
419 524 459 545 est
469 521 551 549 enim,
564 520 611 554 qui
625 528 674 545 non
687 520 784 549 videat,
799 520 863 545 haec
874 528 933 545 csse
945 520 971 545 in
984 528 1031 545 na—
1052 542 1061 551 „

239 562 296 584 tura
317 565 406 583 rerum
423 556 489 582 trin?
509 565 606 586 unum,
623 565 708 591 quum
725 558 751 582 iu
769 556 903 591 voluptate
918 565 1028 582 sumus:
1052 557 1054 611 b

238 595 365 625 altorum,
383 602 468 628 quum
481 594 506 619 in
523 593 626 620 dolore:
646 594 752 620 tertium
769 594 831 624 hoc.
849 595 875 620 in
891 602 944 628 quo
960 602 1030 620 nunc

238 631 348 666 quidem
365 640 473 661 sumus,
491 631 579 665 (credo
592 631 662 656 idem
676 632 732 665 vos)
744 640 791 657 nec
804 632 829 657 in
841 630 931 657 dolore
943 639 991 657 nec
1003 631 1029 656 in

240 669 374 703 voluptate
390 676 462 694 csse:
486 673 515 694 ut
530 669 556 694 in
574 668 708 702 voluptate
723 669 771 699 sit,
789 669 836 703 qui
849 668 985 703 epuletur,
1003 668 1030 694 in

238 705 342 736 dolore,
359 706 407 740 qui
422 710 584 740 torqueatur.
625 706 664 731 Tu
677 710 764 732 nutem
778 706 845 732 inter
856 706 919 731 haec
931 710 1029 732 tantam

239 742 440 769 multitudinem
457 742 596 768 hominum
617 743 782 769 interiectam
797 751 849 769 non
870 743 959 773 vides,
982 751 1031 769 nec

239 779 394 806 laetantium
407 788 454 806 nec
466 779 632 806 dolentium?
654 781 692 806 17.
706 781 776 810 Non,
790 788 913 814 prorsus,
927 780 1028 814 inquit:

237 825 398 852 omnesque,
421 817 468 851 qui
483 817 541 843 sine
557 816 645 843 dolore
661 818 727 848 sint,
749 818 775 843 in
792 817 940 852 voluptate,
961 822 986 843 et
1000 825 1030 843 eu

238 854 348 889 quidem
361 862 475 882 summa,
492 862 550 879 csse
562 854 632 880 dico.
672 855 742 889 Ergo
752 855 779 880 in
791 854 882 880 eadem
896 854 1030 889 voluptate

239 900 315 922 cum,
332 893 379 926 qui
391 891 466 917 alteri
479 892 588 917 misceat
600 890 732 922 mulsum,
751 892 808 926 ipse
820 900 871 918 non
883 892 992 922 sitiens,
1006 896 1031 918 et

238 937 310 957 eum.
324 929 371 963 qui
383 928 450 954 illud
462 929 556 954 sitiens
569 928 660 954 bibat‘?

294 966 337 992 vt.
359 966 426 991 Tum
439 965 497 992 ille.
512 966 618 995 Finem,
632 966 733 1000 inquit,
747 965 941 998 interrogandi,
953 966 977 992 si
989 966 1031 991 vi-

239 1003 330 1029 detur:
348 1002 420 1037 quod
436 1002 546 1037 quidem
561 1011 610 1037 ego
625 1011 639 1028 a
651 1003 784 1037 principio
798 1004 832 1029 ita
845 999 886 1029 ine
898 1002 978 1029 malle
988 1003 1031 1028 di-

240 1048 343 1069 xeram,
364 1040 413 1066 hoc
430 1041 519 1074 ipsum
535 1039 693 1074 providens,
715 1040 869 1066 dialecticas
883 1041 1029 1075 captiones.

239 1077 378 1103 Rhetorice
390 1078 481 1112 igitur,
494 1078 614 1111 inquam,
627 1086 674 1103 nos
687 1078 785 1107 mavis.
799 1086 880 1112 quam
892 1077 1031 1103 dialectice

238 1114 395 1149 disputare?
414 1114 496 1146 Quasi
512 1122 586 1144 vcro,
608 1115 708 1148 inquit,
726 1119 854 1148 perpetua
869 1116 952 1141 oratio
970 1114 1032 1140 rhe-

239 1156 327 1178 torum
338 1151 435 1181 solum,
452 1160 503 1178 non
515 1152 594 1177 etiam
607 1151 828 1186 philosophorum
839 1153 884 1178 sit.
918 1152 1031 1178 Zenonis

238 1193 287 1219 est,
302 1189 421 1223 inquam,
436 1189 484 1215 hoc
496 1188 587 1219 Stoici,
600 1197 707 1214 omnem
719 1189 775 1214 vim
787 1188 924 1223 loquendi,
938 1194 967 1215 ut
978 1189 1031 1215 iam

239 1230 298 1252 ante
309 1225 477 1256 Aristoteles,
496 1226 523 1251 in
535 1226 602 1251 duas
614 1225 741 1252 tributam
752 1234 811 1252 esse
822 1231 921 1260 partes.
960 1226 1032 1252 Rhe-

239 1263 349 1289 toricam
365 1262 476 1297 palmae,
485 1262 651 1289 dialecticam
664 1264 748 1298 pugni
760 1263 877 1289 similem
888 1272 948 1289 esse
957 1263 1032 1289 dice-

240 1300 292 1330 bat,
306 1300 377 1334 quod
390 1299 468 1326 latius
481 1299 653 1334 loquerentur
663 1300 790 1330 rhetores,
798 1300 931 1327 dialectici
942 1305 1031 1327 autem

238 1337 430 1371 compressius.
456 1336 596 1372 Obsequar
607 1337 689 1373 igitur
700 1337 831 1364 voluntati
842 1342 915 1364 tuae:
929 1337 1032 1364 dicam-

239 1382 305 1409 que,
323 1375 346 1400 si
362 1379 465 1408 potero,
483 1374 626 1405 rhetorice,
643 1374 691 1400 sed
707 1374 755 1401 hac
771 1374 901 1401 rhetorica
911 1375 1032 1410 philoso-

239 1411 369 1446 phorum,
392 1420 442 1437 non
460 1416 547 1438 nostra
564 1411 608 1438 illa
623 1411 735 1445 forensi;
758 1420 840 1447 quam
856 1421 964 1439 necesse
980 1417 1029 1443 est,

239 1457 324 1483 quum
335 1448 500 1483 populariter
510 1448 646 1484 loquatur,
663 1457 722 1475 esse
736 1449 871 1475 interdum
882 1449 973 1484 paullo
984 1449 1032 1476 he-

240 1486 378 1512 betiorem.
422 1487 460 1512 18.
483 1486 535 1512 Sed
547 1486 612 1512 dum
623 1485 800 1517 dialecticam,
814 1487 955 1521 Torquate,
968 1495 1033 1513 con-

239 1523 334 1550 temnit
344 1522 487 1557 EpicuruS,
503 1531 572 1557 quae
583 1532 635 1549 una
647 1524 763 1550 continet
773 1532 880 1550 omnem
891 1528 917 1550 et
927 1525 1032 1559 perspi-

239 1560 342 1590 ciendi,
355 1560 421 1594 quid
434 1560 460 1586 in
472 1568 579 1595 quaque
591 1569 617 1586 re
629 1561 677 1591 sit,
694 1561 833 1586 scientiam
845 1566 871 1587 et
880 1561 1030 1591 iudicandi,

239 1597 318 1632 quale
329 1596 450 1632 quidque
461 1598 505 1628 sit,
514 1602 539 1623 et
550 1598 649 1623 ratione
661 1606 691 1623 ac
702 1598 745 1624 via
755 1597 927 1632 disputandi:
940 1599 994 1625 ruit
1004 1599 1031 1624 in

239 1634 362 1665 dicendo,
376 1638 406 1660 ut
416 1634 483 1660 mihi
495 1634 606 1668 quidem
617 1634 733 1665 videtur,
747 1643 795 1661 nec
806 1643 845 1666 ea,
857 1644 927 1670 quae
937 1635 1032 1662 docere

240 1671 306 1701 vult,
321 1671 376 1697 ulla
386 1676 440 1697 arte
451 1671 607 1706 distinguit:
623 1676 653 1698 ut
664 1671 729 1698 haec
741 1672 808 1706 ipsa,
823 1681 892 1707 quae
903 1672 983 1699 modo
994 1672 1033 1699 lo·-

239 1708 400 1743 quebamur.
441 1708 584 1734 Summum
595 1717 609 1734 a
625 1708 702 1734 vobis
715 1709 815 1735 bonum
829 1709 953 1744 voluptas
963 1709 1033 1736 dici—

240 1750 292 1771 tur.
332 1745 515 1779 Aperiendum
526 1750 566 1772 est
576 1746 668 1781 igitur⁷
681 1746 748 1780 quid
759 1747 794 1772 sit
805 1746 942 1781 voluptas:
955 1745 1032 1772 aliter

240 1783 312 1809 enim
324 1782 462 1816 explicari,
476 1782 548 1817 quod
559 1783 704 1817 quaeritur,
718 1791 770 1809 non
781 1787 877 1817 potest.
911 1783 996 1815 Quam
1007 1784 1031 1809 si

240 1819 440 1854 explicavisset,
454 1828 505 1845 non
517 1824 569 1846 tam
582 1819 733 1846 haesitaret.
768 1820 821 1846 Aut
831 1821 903 1846 enim
915 1829 973 1846 eam
984 1829 1032 1847 vo-

242 1856 369 1891 luptatem
381 1861 512 1887 tueretur,
525 1865 608 1891 quam
618 1856 785 1891 Aristippus,
803 1856 831 1883 id
841 1862 894 1887 est,
907 1866 959 1892 qua
970 1865 1033 1884 sen-

241 1901 288 1919 sus
303 1893 418 1919 dulciter
432 1902 462 1920 ac
477 1893 594 1920 iucunde
609 1898 744 1926 movetur;
761 1902 842 1928 quam
858 1895 938 1920 etiam
948 1903 1033 1929 pecu-

239 1930 297 1960 des,
309 1930 333 1956 si
344 1930 418 1965 loqui
428 1935 545 1964 possent,
561 1929 727 1964 appellarent
735 1931 914 1966 voluptatem:
932 1936 990 1961 aut,
1008 1933 1032 1958 si

241 1967 327 2003 magis
337 1967 454 2002 placeret
463 1976 512 1994 suo
523 1975 595 1993 more
607 1967 690 2002 loqui,
702 1976 784 2007 quam
795 1973 824 1994 ut

315 2008 398 2030 onme's
412 2004 498 2030 Danai
510 2009 586 2038 alque
598 2005 767 2038 Mycenenses,

314 2042 399 2067 Attica
409 2043 494 2074 pubes.

241 2077 393 2113 reliquique
410 2078 519 2109 Graeci,
541 2079 589 2113 qui
605 2078 655 2105 hoc
670 2083 812 2114 anapaesto
831 2080 961 2106 citantur:
982 2079 1033 2106 hoc

240 2124 291 2142 non
305 2117 389 2141 dolere
404 2115 492 2142 solum
508 2115 651 2150 voluptatis
666 2117 773 2142 nomine
787 2117 946 2151 appellaret,
964 2116 1032 2143 illud

240 2153 424 2187 Aristippeum
435 2157 628 2179 contemneret:
641 2158 695 2183 aut,
708 2154 732 2179 si
743 2158 888 2188 utrumque
898 2153 1030 2189 probaret,

240 2194 270 2216 ut
281 2190 387 2224 prohat,
403 2190 578 2225 coniungeret
592 2189 691 2216 doloris
706 2192 866 2217 vacuitatem
881 2199 944 2217 cum
955 2191 1034 2218 volu-

241 2232 312 2261 ptate
327 2231 352 2253 et
367 2226 474 2253 duobus
489 2228 593 2253 ultimis
606 2232 734 2254 uteretur.
777 2229 816 2254 19.
835 2228 913 2254 Multi
924 2229 996 2255 enim
1008 2233 1033 2255 et

241 2265 334 2300 magni
349 2264 504 2299 philosophi
520 2264 584 2291 haec
599 2264 694 2290 ultima
709 2265 840 2291 bonorum
857 2265 947 2292 iuncta
962 2265 1034 2292 fece—

241 2306 313 2332 runt,
325 2306 355 2327 ut
365 2301 533 2332 Aristoteles⁷
549 2302 597 2336 qui
610 2302 717 2328 virtutis
727 2310 808 2328 usum
819 2311 881 2329 cum
893 2303 962 2329 vitae
972 2311 1034 2338 per—

242 2337 325 2364 fectae
340 2339 515 2373 prosperitate
529 2339 679 2365 coniunxit.
719 2339 842 2374 Callipho
856 2339 981 2366 adiunxit
1000 2339 1033 2366 ad

243 2375 407 2402 honestatem
424 2375 601 2410 voluptatem:
621 2375 751 2402 Diodorus
766 2376 800 2402 ad
814 2376 937 2403 eamdem
950 2377 1034 2403 hone-

242 2417 337 2438 statem
348 2412 453 2439 addidit
463 2414 623 2440 vacuitatem
637 2412 746 2439 doloris.
766 2413 839 2439 Idem
852 2413 1034 2448 fecissetEpi-

242 2456 323 2475 curus
331 2470 337 2479 ,
354 2450 377 2476 si
388 2451 547 2476 sententiam
558 2450 639 2480 hanc,
656 2458 724 2484 quae
736 2458 807 2476 nunc
817 2451 972 2486 Hieronymi
983 2455 1032 2482 est.

244 2486 429 2513 coniunxisset
439 2496 500 2513 cum
511 2487 642 2522 Aristippi
652 2491 740 2513 vetere
751 2488 892 2514 sententia.
909 2487 951 2514 llli
961 2489 1034 2514 enim
1054 2476 1057 2527 l

244 2522 313 2547 inter
327 2531 356 2548 se
371 2523 546 2555 dissentiunt;
563 2529 700 2559 propterea
711 2524 828 2559 singulis
840 2524 940 2551 finibus
953 2530 1036 2552 utun—

245 2562 302 2584 tur:
321 2563 347 2585 et
360 2568 445 2593 quum
460 2566 572 2596 uterque
587 2561 687 2588 Graece
702 2561 811 2596 egregie
826 2561 962 2596 loquatur;
986 2570 1035 2588 nec

245 2595 409 2629 Aristippus,
421 2598 469 2631 qui
480 2598 645 2632 voluptatem
655 2605 793 2624 summum
804 2597 905 2625 bonum
915 2598 990 2629 dicit,
1007 2599 1035 2624 in

247 2631 381 2666 voluptate
396 2634 470 2667 ponit
484 2643 536 2661 non
552 2634 654 2665 dole‘re,
677 2642 764 2669 neque
778 2635 970 2671 Hieronymus,
987 2636 1036 2670 qui

1083 232 1115 248 ne
1131 230 1259 256 :inaquam
1277 223 1360 247 utitur
1375 230 1422 256 pro
1434 222 1478 248 illu
1491 222 1648 248 indolentia:
1665 223 1767 257 quippe
1778 223 1826 257 qui
1838 231 1871 249 ne

1083 260 1109 285 in
1131 259 1288 293 expetendis
1309 259 1419 293 quidem
1444 259 1524 285 rebus
1549 264 1670 286 numeret
1696 259 1869 294 voluptatem.

1084 296 1136 322 vu.
1160 298 1199 322 20.
1222 296 1292 322 Duae
1304 301 1367 322 sunt
1377 296 1448 322 enim
1461 304 1502 321 res
1512 304 1630 331 quoque.
1647 305 1679 322 ne
1691 302 1718 323 tu
1732 296 1811 322 verba
1827 305 1870 322 so-

1084 333 1138 358 lum
1150 338 1237 367 putes.
1279 333 1365 359 Unum
1376 334 1484 359 estsine
1495 332 1584 359 dolore
1595 342 1666 359 esse:
1684 333 1797 359 alterum
1808 342 1870 359 cum

1084 370 1227 405 voluptate.
1251 370 1301 396 Vos
1311 378 1345 396 ex
1357 370 1399 396 his
1411 375 1463 396 tam
1474 369 1742 396 dissimilibuarebuu
1750 379 1801 396 non
1814 379 1871 396 mo-

1081 407 1116 433 do
1127 416 1223 433 nornen
1235 415 1333 436 unum,
1350 408 1421 439 (nain
1435 407 1460 433 id
1477 407 1583 433 facilius
1596 409 1719 441 paterer.)
1732 407 1870 434 sedetiam

1082 453 1136 470 rem
1151 453 1230 470 unam
1241 453 1274 470 ex
1285 444 1392 470 duabus
1403 444 1488 470 Iacere
1498 445 1644 471 conamini:
1658 445 1730 479 quod
1742 445 1798 471 sieri
1810 444 1872 471 nul-

1083 480 1107 507 lo
1118 481 1195 507 modo
1207 486 1301 515 potest.
1342 481 1398 511 llic.
1411 482 1458 516 qui
1471 486 1611 516 utramque
1623 481 1724 516 pmbat.
1739 482 1872 508 ambobus

1081 518 1175 544 debuit
1187 519 1239 548 uti,
1251 519 1321 544 sicut
1333 518 1395 544 facit
1406 528 1446 548 re,
1464 527 1549 553 neque
1561 523 1647 544 tamen
1659 518 1758 545 dividit
1770 519 1869 545 verbis.

1081 556 1170 587 Quum
1181 555 1252 582 enirn
1264 564 1322 581 eam
1335 556 1420 590 ipsam
1434 555 1595 590 voluptatem
1607 576 1611 584 .
1627 564 1708 590 quam
1720 555 1812 582 eodem
1824 565 1871 582 no-

1083 593 1154 619 mine
1164 601 1257 619 omnes
1268 592 1449 627 appellamus.
1467 592 1555 619 laudnt
1567 592 1631 618 locis
1641 592 1780 627 plurimis,
1793 592 1873 619 nudet

1081 629 1183 660 dicere,
1200 639 1232 656 ne
1248 631 1379 664 suspicari
1393 629 1503 664 quidem
1520 638 1548 655 se
1565 629 1650 655 ullum
1666 629 1766 656 bonum
1780 630 1872 656 seiun-

1081 672 1153 693 ctum
1169 667 1203 693 ab
1220 666 1265 693 illo
1280 668 1432 702 Aristippeo
1446 675 1542 702 genere
1559 666 1715 701 voluptatis:
1739 672 1818 701 atque
1834 666 1872 692 ibi

1083 704 1131 731 boc
1146 704 1225 735 dicit,
1243 704 1289 730 ubi
1305 705 1393 731 omnis
1409 704 1468 730 eius
1483 709 1523 730 est
1537 704 1620 730 oratio
1631 703 1663 730 de
1675 712 1781 730 summo
1793 704 1870 730 bono.

1082 742 1108 768 ln
1125 741 1177 767 alio
1193 750 1254 768 vero
1271 741 1351 772 libro,
1368 742 1395 768 in
1407 750 1460 776 quo
1472 741 1588 767 breviter
1599 741 1800 775 comprehensis
1811 749 1873 776 gra-

1083 779 1203 805 vissimis
1218 779 1358 805 sententiis
1371 779 1449 814 quasi
1464 778 1569 805 oracula
1589 778 1707 804 edidisse
1727 779 1872 813 sapientiae

1081 815 1193 846 dicitur.
1215 816 1310 842 scribit
1329 816 1372 842 his
1393 815 1497 842 verbis:
1519 823 1588 850 quae
1605 821 1664 842 nota
1680 815 1729 842 tibi
1746 815 1870 850 protecto,

1081 853 1225 888 Torquate,
1243 858 1319 885 sunt,
1336 854 1399 888 quis
1409 853 1481 879 enim
1494 858 1612 879 vestrum
1624 861 1675 879 non
1687 852 1798 879 edidicit
1808 853 1873 886 Epi-

1081 891 1139 917 curi
1154 892 1243 926 κυρίας
1257 890 1350 921 ῦόξας,
1376 889 1403 916 id
1418 894 1458 916 est
1477 890 1554 924 quasi
1575 891 1691 916 maxime
1708 895 1789 919 ratas,
1809 890 1873 924 quia

1081 928 1258 963 gravissimae
1268 929 1323 954 sint
1333 927 1366 954 ad
1378 927 1453 953 beate
1465 926 1612 953 vivendum
1623 927 1739 953 breviter
1749 927 1874 953 enuntia-

1083 970 1122 991 tae
1133 964 1298 991 sententiae‘?
1312 964 1501 991 Animadverte
1514 965 1604 999 igitur,
1618 969 1721 991 rectene
1734 964 1801 990 hanc
1811 971 1873 990 sen-

1082 1002 1191 1028 tentiam
1203 1003 1371 1037 interpreter.
1410 1003 1453 1028 21.
1467 1001 1511 1027 ”Si
1522 1010 1561 1029 ea.
1574 1010 1643 1036 quae
1654 1006 1716 1027 sunt
1727 1000 1873 1027 luxuriosis

1082 1038 1242 1065 »efficientia
1250 1039 1427 1074 voluptatum,
1437 1038 1579 1065 liberarent
1589 1048 1634 1065 eos
1645 1038 1755 1064 deorum
1767 1043 1793 1064 et
1803 1046 1874 1064 mor-

1083 1077 1134 1102 ntis
1145 1081 1171 1102 et
1180 1076 1280 1103 doloris
1292 1081 1374 1106 metu,
1386 1076 1574 1110 docerentque.
1590 1077 1637 1110 qui
1648 1081 1738 1102 essent
1749 1075 1814 1101 lines
1825 1083 1874 1101 cu-

1083 1113 1257 1148 »piditatumz
1280 1113 1348 1140 nibil
1371 1113 1544 1141 haberemus.
1569 1112 1642 1148 quod
1665 1112 1874 1147 reprehendere—

1083 1159 1170 1180 nmus.
1183 1159 1269 1185 quum
1281 1150 1401 1185 undique
1412 1149 1609 1184 complerentur
1620 1149 1812 1184 voluptatibus.
1825 1157 1874 1175 nec

1083 1187 1230 1214 »haberent
1240 1187 1295 1214 ulla
1305 1196 1340 1214 ex
1350 1192 1423 1222 parve
1435 1186 1538 1222 aliquid
1548 1192 1594 1213 aut
1603 1186 1696 1213 dolens
1702 1192 1872 1222 autaegrum.

1082 1235 1094 1249 ι)
1101 1225 1128 1251 id
1139 1229 1179 1251 est
1189 1229 1278 1251 autem
1289 1224 1401 1251 malum.
1409 1235 1420 1249 α

1138 1262 1192 1288 Hoc
1208 1261 1264 1289 loco
1278 1267 1367 1288 tenere
1378 1270 1406 1288 se
1417 1262 1536 1288 Triarius
1547 1269 1599 1287 non
1611 1261 1707 1295 potuit.
1746 1259 1872 1290 Obsecro,

1083 1300 1185 1334 inquit,
1208 1299 1352 1334 Torquate:
1375 1299 1441 1325 haec
1459 1298 1526 1325 dicit
1540 1297 1691 1333 Epicurus?
1709 1296 1786 1330 Quod
1807 1297 1875 1323 mihi

1082 1336 1194 1372 quidem
1205 1337 1282 1363 visus
1295 1341 1348 1367 est,
1365 1345 1450 1371 quum
1461 1337 1553 1365 sciret,
1568 1334 1636 1361 velle
1648 1340 1735 1361 tamen
1746 1334 1875 1361 confiten-

1083 1379 1136 1401 tem
1147 1373 1240 1400 audire
1250 1374 1425 1409 Torquatum.
1464 1373 1498 1399 At
1511 1372 1556 1399 ille
1567 1380 1619 1399 non
1630 1372 1781 1406 pertimuit;
1797 1379 1875 1397 sane-

1083 1419 1136 1446 que
1151 1410 1276 1442 fidenter,
1293 1411 1354 1437 Istis
1370 1410 1481 1445 quidem
1498 1410 1566 1444 ipsis
1581 1409 1685 1440 verbis,
1702 1409 1804 1444 inquit:
1827 1408 1875 1434 sed

1082 1448 1149 1483 quid
1161 1449 1266 1479 sentiat,
1279 1456 1332 1474 non
1343 1448 1451 1474 videtis.
1485 1447 1514 1473 Si
1524 1446 1576 1473 alia
1587 1447 1676 1476 sentit.
1689 1447 1810 1481 inquam,
1822 1445 1875 1471 alia

1084 1485 1211 1520 loquitur,
1223 1493 1373 1520 numquam
1384 1484 1543 1520 intelligam,
1555 1483 1622 1518 quid
1634 1484 1742 1510 sentiat:
1759 1482 1806 1509 sed
1817 1481 1876 1517 pla-

1083 1531 1116 1549 ne
1127 1522 1201 1553 dicit,
1215 1522 1287 1557 quod
1299 1522 1459 1558 intelligam.
1490 1521 1573 1556 quue
1583 1522 1607 1547 si
1617 1521 1652 1547 ita
1663 1520 1737 1550 dicit.
1752 1528 1804 1546 non
1815 1528 1875 1546 esse

1083 1559 1317 1594 reprehendendos
1328 1559 1490 1588 luxuriosos.
1498 1559 1522 1585 si
1532 1558 1667 1592 sapientes
1677 1558 1740 1587 sint,
1752 1557 1819 1583 dicit
1827 1556 1876 1582 ab·

1083 1596 1178 1623 surde:
1191 1596 1317 1623 similiter
1327 1601 1352 1623 et
1362 1597 1386 1623 si
1396 1596 1476 1626 dicat,
1485 1604 1537 1622 non
1544 1594 1778 1630 reprehendendos
1789 1594 1876 1629 parri-

1083 1633 1158 1660 cidas
1166 1654 1172 1664 ,
1185 1634 1209 1660 si
1221 1642 1269 1660 nec
1279 1633 1373 1668 cupidi
1383 1634 1437 1659 siut
1445 1654 1451 1663 ,
1464 1641 1513 1659 nec
1523 1632 1588 1658 deos
1599 1636 1731 1661 metuant,
1745 1639 1793 1657 nec
1804 1639 1876 1657 mor·

1083 1675 1136 1698 tem
1148 1679 1197 1697 nec
1208 1670 1337 1697 dolorem.
1376 1671 1410 1697 Et
1420 1675 1522 1700 tamen,
1539 1668 1606 1704 quid
1621 1669 1714 1695 attinet
1728 1668 1875 1694 luxuriosis

1084 1707 1167 1734 ullam
1186 1708 1371 1742 exceptionem
1391 1707 1467 1738 dare,
1489 1711 1535 1732 aut
1554 1706 1654 1741 tingere
1674 1704 1793 1740 aliquos,
1815 1706 1873 1740 qui,

1083 1753 1168 1780 quum
1187 1744 1324 1771 luxuriose
1339 1744 1474 1774 viverent,
1496 1752 1510 1770 a
1525 1751 1632 1769 summo
1646 1741 1808 1777 philosopho
1823 1750 1874 1768 non

1084 1781 1343 1816 reprehenderentur
1357 1789 1388 1808 eo
1402 1781 1524 1811 nomine.
1543 1779 1683 1806 dumtaxat
1696 1784 1782 1805 cetera
1796 1787 1876 1805 cave-

1084 1818 1159 1845 rent?
1182 1820 1224 1845 22.
1244 1818 1297 1845 Sed
1308 1823 1397 1845 tamen
1409 1826 1496 1845 nonne
1507 1816 1730 1852 reprehenderes,
1748 1816 1873 1850 Epicure,

1084 1856 1237 1882 luxuriosos
1247 1856 1282 1882 ob
1292 1864 1351 1882 eam
1363 1856 1450 1890 ipsam
1460 1862 1582 1881 caussam
1591 1875 1597 1884 ,
1612 1853 1685 1888 quod
1697 1854 1731 1880 ita
1744 1854 1873 1882 viverent,

1084 1898 1113 1920 ut
1128 1897 1354 1928 persequerentur
1367 1894 1500 1927 cuiusque
1515 1891 1589 1918 modi
1604 1890 1767 1925 voluptates3
1790 1897 1875 1925 quum

1083 1935 1153 1957 esset
1164 1931 1330 1965 praesertim,
1348 1934 1377 1956 ut
1387 1930 1426 1956 ais
1436 1934 1478 1959 tu,
1494 1936 1600 1955 summa
1611 1927 1735 1962 voluptas
1746 1927 1814 1953 nihil
1827 1926 1876 1953 do-

1084 1967 1156 1994 lere‘?
1175 1968 1257 2002 Atqui
1278 1967 1443 2001 reperiemus
1459 1970 1545 1993 asotos
1560 1966 1679 2000 primum
1694 1965 1730 1991 ita
1745 1973 1797 1991 non
1813 1963 1877 1990 reli·

1083 2005 1182 2040 giosos,
1199 2009 1228 2031 ut
1238 2003 1319 2031 edant
1328 2003 1361 2030 de
1372 2003 1482 2039 patella:
1499 2002 1597 2030 deinde
1609 2003 1645 2029 ita
1656 2007 1768 2028 mortem
1779 2009 1830 2028 non
1842 2001 1876 2027 ti-

1083 2046 1186 2069 mentes
1194 2062 1200 2072 ,
1216 2046 1246 2068 ut
1255 2041 1324 2068 illud
1335 2042 1363 2067 in
1372 2049 1418 2068 ore
1428 2040 1543 2067 habeant
1553 2048 1588 2066 ex
1598 2038 1740 2075 Hymnide,

1159 2079 1223 2106 Mihi
1241 2087 1289 2105 sea:
1303 2087 1400 2105 menses
1412 2079 1470 2105 suti'
1485 2082 1545 2104 sunt
1558 2079 1640 2109 vitem
1661 2079 1794 2110 septenum
1809 2075 1876 2102 Orco

1528 2115 1648 2147 spondeo.

1084 2153 1138 2179 lam
1152 2152 1252 2179 doloris
1267 2152 1462 2179 medicamenta
1477 2150 1524 2178 illa
1538 2151 1672 2186 Epicurea
1690 2154 1826 2184 tamquam
1841 2147 1875 2174 de

1084 2189 1220 2217 narthecio
1231 2194 1367 2225 promant:
1388 2191 1412 2215 si
1421 2191 1522 2222 gravis,
1536 2190 1633 2215 brevis:
1651 2190 1675 2213 si
1685 2188 1787 2219 lotique,
1802 2187 1873 2212 levio.

1084 2228 1173 2254 Unum
1183 2228 1282 2258 nescio,
1295 2235 1350 2261 quo
1360 2225 1440 2253 modo
1448 2226 1542 2260 possit,
1555 2225 1580 2251 si
1591 2224 1746 2251 luxuriosus
1757 2223 1801 2253 sit,
1814 2222 1875 2249 fini-

1084 2269 1124 2291 tas
1144 2264 1306 2299 cupiditates
1321 2263 1430 2290 habere.
1469 2262 1537 2289 vm.
1558 2263 1600 2288 23.
1621 2260 1692 2293 Quid
1705 2268 1769 2295 ergo
1782 2260 1876 2286 attinet

1084 2301 1183 2332 dicere,
1196 2302 1260 2328 nihil
1269 2301 1468 2334 haberem,quod
1478 2300 1691 2332 reprehenderem,
1700 2300 1724 2324 si
1733 2299 1819 2330 finitas
1829 2305 1875 2323 cu—

1081 2341 1203 2372 piditates
1212 2337 1351 2365 haberent?
1370 2337 1424 2364 noc
1434 2341 1475 2363 est
1483 2336 1585 2366 dicere,
1605 2343 1657 2361 non
1670 2335 1876 2368 reprehenderem

1084 2380 1181 2407 asotos,
1205 2378 1229 2401 ει·
1244 2383 1295 2401 non
1311 2379 1392 2401 essent
1407 2376 1483 2400 asoti.
1522 2373 1575 2399 Isto
1589 2371 1668 2398 modo
1687 2379 1720 2398 ne
1737 2370 1875 2405 improbos

1084 2412 1205 2447 quidem,
1218 2413 1242 2438 si
1252 2416 1342 2439 essent
1351 2411 1416 2438 boni
1427 2411 1489 2437 viri.
1521 2410 1571 2436 Hic
1581 2409 1660 2435 homo
1670 2416 1782 2434 severus
1793 2407 1876 2434 luxu-

1084 2450 1151 2476 riam
1163 2450 1249 2484 ipsam
1261 2457 1308 2484 per
1318 2457 1347 2475 se
1358 2446 1604 2483 reprehendendam
1614 2453 1665 2472 non
1677 2445 1764 2480 putat!
1777 2449 1803 2471 et
1814 2444 1876 2470 her-¹

1083 2486 1157 2517 cula,
1170 2487 1315 2521 Torquate,
1327 2490 1358 2512 ut
1367 2493 1462 2512 verum
1473 2484 1627 2519 loquamur,
1643 2482 1667 2508 si
1677 2490 1816 2508 summum
1826 2481 1876 2508 bo-

1084 2532 1150 2550 num
1161 2523 1284 2558 voluptas
1294 2527 1343 2553 est,
1356 2522 1504 2549 rectissime
1515 2528 1567 2547 non
1577 2524 1662 2554 putat.
1701 2518 1790 2545 Nolim
1801 2519 1874 2545 enim

1084 2561 1153 2587 mihi
1165 2560 1265 2596 fingere
1275 2565 1371 2589 asotos,
1379 2564 1409 2585 ut
1418 2558 1518 2588 soletis,
1525 2557 1574 2592 qui
1583 2557 1612 2582 in
1623 2564 1744 2582 mensam
1754 2560 1872 2586 vomant,

1085 2603 1111 2624 et
1125 2599 1173 2632 qui
1189 2598 1222 2624 de
1236 2597 1372 2624 conviviis
1386 2595 1541 2622 auferantur
1554 2593 1685 2628 crudique
1700 2592 1830 2628 postridie
1844 2600 1874 2623 se

1085 2643 1180 2662 rursus
1189 2634 1368 2671 ingurgitent:
1380 2633 1429 2667 qui
1439 2630 1523 2659 solem
1531 2651 1537 2662 ‚
1550 2635 1579 2658 ut
1588 2631 1676 2661 aiunt,
1689 2638 1738 2657 nec
1748 2628 1875 2657 occiden-
