1941 3052
244 139 306 165 0352

241 254 380 272 novarum.
422 246 475 270 vu.
491 246 528 269 tss.
545 243 576 268 At
587 247 757 277 posteaquam
771 247 874 276 praetor
885 242 970 268 sactus
981 247 1029 272 cst,

241 283 358 309 modesti·
370 292 398 308 xe
408 282 504 315 gessit.
523 285 548 306 et
558 280 730 305 abstinenter.
773 280 864 305 Nonne
878 280 910 305 ita
922 280 1032 313 provin—

239 321 307 346 ciam
322 320 441 346 vastavit.
457 323 484 343 ut
495 317 561 343 nihil
576 325 662 351 neque
674 317 746 351 passi
757 317 823 346 sint,
838 325 923 351 neque
935 324 1032 351 exspe-

239 358 335 383 ctariut
347 357 456 388 gravius
469 355 533 380 socii
546 355 626 379 nostri
641 355 665 379 in
679 353 956 388 hello.quamexperti
969 358 1032 379 sunt

242 395 267 420 in
281 402 352 428 pace.
367 394 414 419 hoc
426 391 541 418 Africam
555 392 705 417 interiorem
718 390 872 416 obtinente?
893 390 962 416 unde
973 396 1031 416 tan-

240 437 294 457 tum
309 431 351 456 hic
363 430 501 459 exhausit,
522 433 652 463 quantum
669 428 755 462 potuit
769 433 814 454 aut
827 427 878 454 fide
891 428 1029 454 nominum

240 468 334 496 nativi,
347 472 391 492 aut
405 468 429 492 in
443 474 523 492 naves
534 465 670 491 contrudi:
684 469 796 496 tantum,
810 466 929 500 inquam,
944 470 1030 499 patres

239 505 396 538 conscripti,
418 503 556 532 exhausit.
574 507 704 537 quantum
722 502 815 528 voluit,
857 503 894 528 Ne
907 511 1029 528 caussam

238 542 350 571 diceret,
373 541 494 567 sestertio
510 540 654 566 duodecies
669 548 730 565 cum
748 541 858 566 Caesare
875 540 1028 574 paciscitur.

238 578 313 611 Quod
325 579 348 604 si
359 578 499 613 quidpiam
515 586 604 603 eorum
619 576 715 602 falsum
727 581 779 607 est=
799 577 841 603 hic
852 576 938 611 palam
952 576 1030 602 resel-

240 617 275 646 le.
295 615 365 641 unde
381 620 422 645 tu,
444 615 491 649 qui
508 614 586 640 modo
602 622 633 640 ne
650 618 785 648 paternam
798 614 908 649 quidem
919 614 1028 639 domum

239 652 368 679 redimere
384 652 515 687 potueris.
539 656 646 686 repente
663 656 798 686 tamquam
809 652 913 677 somnio
925 651 1027 681 beatus,

239 690 326 716 hortos
339 689 560 724 pretiosissimos,
575 688 666 714 villam
679 688 798 719 Tiburti,
813 689 842 715 C.
856 688 976 714 Caesaris
988 697 1029 714 re-

239 727 326 762 liquas
351 727 534 761 possessiones
565 727 710 760 paraveris.
751 727 792 752 20.
820 726 912 760 Neque
943 726 1029 761 piguit
1050 711 1052 756 l

237 772 378 799 quaerere,
395 772 443 790 cur
458 772 507 799 ego
518 764 546 789 P.
559 763 647 789 Crassi
661 763 770 789 domum
787 763 927 793 emissem,
943 771 1027 797 quum

237 807 265 828 tu
278 802 375 828 veteris
387 800 466 827 villae
477 800 603 827 dominus
614 801 666 831 sis,
683 801 762 826 cuius
774 800 864 835 paullo
873 805 932 826 ante
945 799 1029 826 suerat

237 839 342 865 Caesar.
383 838 468 868 Modo,
483 839 602 873 inquam,
619 838 778 872 patrimonio
790 846 840 864 non
852 846 967 868 comeso,
980 837 1027 863 sed

236 876 375 906 devorato,
397 875 498 910 quibus
513 874 660 901 rationibus
672 880 778 909 repente
791 875 874 901 sactus
885 883 914 901 es
926 879 978 901 tam
989 874 1028 900 af-

237 912 322 939 fluens
338 918 364 939 et
379 917 430 939 tam
447 912 559 938 beatus?
579 913 645 938 Nam
660 913 723 947 quis
740 917 764 939 te
779 911 875 939 faceret
891 911 1026 941 heredem,

210 970 214 976 .
236 959 317 985 quem
334 959 366 976 ne
382 950 497 976 amicum
510 949 620 985 quidem
632 958 712 976 suum
723 951 788 976 satis
799 950 940 976 honestum
952 950 1028 984 quis-

236 996 317 1022 quam
330 988 383 1014 sibi
394 987 477 1018 ducit,
486 988 538 1013 nisi
550 987 649 1013 similis
659 995 689 1013 ac
701 986 815 1022 partui?
836 987 900 1013 Vlll.
913 987 953 1016 At.
969 986 1029 1012 her—

235 1025 304 1056 cule,
313 1026 420 1061 egregia
433 1024 498 1051 sacta
511 1025 642 1050 maiorum
653 1029 758 1051 tuorum
770 1029 794 1050 te
805 1024 948 1050 extollunt:
961 1032 1029 1058 quo-

236 1071 295 1089 rum
307 1064 366 1089 sive
378 1067 405 1088 tu
417 1071 446 1088 es
456 1061 568 1092 similis,
591 1062 649 1087 sive
661 1061 700 1087 illi
713 1063 765 1091 tui,
783 1061 850 1087 nihil
863 1061 895 1088 ad
907 1062 1027 1088 omnium

235 1099 324 1126 scelus
335 1108 365 1126 ac
378 1100 524 1134 nequitiam
537 1098 598 1125 addi
611 1103 706 1133 potest.
746 1100 788 1125 2⁴.
810 1099 917 1129 Verum.
931 1103 960 1124 ut
969 1099 1028 1133 opi-

235 1145 296 1168 nor,
316 1137 428 1163 honores
443 1137 481 1162 tui
497 1141 520 1162 te
538 1135 639 1162 faciunt
654 1135 821 1163 insolentem.
862 1136 915 1166 Tu,
935 1136 1028 1170 Crispe

235 1174 350 1203 Salusti.
373 1173 500 1200 tantidem
522 1178 599 1207 putas
620 1181 692 1204 esse,
715 1173 757 1199 bis
776 1178 925 1199 senatorem
944 1177 970 1199 et
985 1172 1028 1198 bis

235 1216 402 1246 quaestorem
418 1211 488 1240 lieri,
505 1211 598 1244 quanti
611 1210 652 1236 bis
663 1210 831 1237 consularem
843 1215 868 1236 et
879 1210 921 1236 bis
933 1210 1028 1237 trium-

234 1248 361 1283 phalem‘?
381 1248 475 1274 Carere
486 1247 566 1273 debet
576 1248 649 1273 omni
662 1248 740 1277 vitio,
758 1249 806 1282 qui
818 1248 844 1274 in
857 1247 969 1274 alterum
981 1256 1028 1282 pa-

234 1290 306 1312 ratus
318 1290 357 1311 est
368 1285 466 1311 dicere.
506 1285 530 1310 Is
542 1284 650 1310 demum
663 1284 807 1315 maledicit,
820 1285 867 1319 qui
880 1293 930 1311 non
943 1289 1029 1319 potest

235 1331 329 1349 verum
341 1322 374 1349 ab
386 1321 467 1348 altero
478 1321 581 1348 audire.
622 1322 673 1348 Sed
686 1327 726 1352 tu,
739 1323 861 1349 omnium
874 1330 1027 1348 mensarum

233 1360 348 1390 assecla,
370 1360 491 1386 omnium
508 1358 694 1386 cubiculorum
711 1360 737 1385 in
756 1358 862 1396 [prima]
875 1364 958 1386 aetate
970 1359 1028 1394 pel·
1049 1371 1051 1379 ι

235 1398 290 1427 lex,
310 1402 336 1423 et
347 1397 418 1423 idem
433 1402 523 1431 postea
535 1396 652 1427 adulter,
669 1398 758 1423 omnis
773 1397 875 1423 ordinis
889 1397 1027 1431 turpitudo
1049 1393 1051 1416 ἶ

232 1442 270 1465 es,
284 1439 309 1461 et
319 1434 409 1460 civilis
420 1434 484 1460 belli
497 1435 633 1460 memoria.
665 1434 736 1466 Quid
748 1435 819 1460 enim
833 1433 903 1470 [hoc]
916 1435 1026 1469 gravius

233 1472 287 1506 pati
299 1472 445 1506 potuimus,
454 1471 612 1506 quamquod
626 1476 649 1497 te
661 1471 822 1497 incolumem
835 1473 862 1498 in
875 1472 923 1498 hoc
934 1471 1027 1498 ordine

234 1508 416 1545 vide[a]mus‘?
445 1510 487 1535 ⁶22.
503 1509 598 1535 Desine
613 1508 696 1535 bonos
708 1509 922 1543 petulantissima
933 1517 1027 1535 conse-

232 1547 297 1573 ctari
311 1546 415 1581 lingua:
438 1546 531 1572 desine
543 1546 635 1572 morbo
647 1547 814 1580 procacitatis
826 1547 876 1573 isto
887 1547 940 1573 uti:
953 1546 1027 1572 desi-

232 1592 265 1610 ne
276 1592 361 1609 unum
373 1591 508 1618 quemque
521 1583 641 1609 moribus
656 1584 710 1610 tuis
721 1584 871 1610 aestimare.
912 1584 958 1610 uis
969 1592 1027 1610 mo-

232 1621 308 1647 ribus
320 1621 437 1647 amicum
447 1621 496 1646 tibi
509 1620 594 1647 facere
607 1629 657 1646 non
670 1625 758 1655 potes:
781 1621 882 1647 videris
894 1620 963 1647 velle
974 1622 1027 1647 ini—

232 1658 333 1684 micum
350 1657 458 1684 habere.
499 1658 592 1684 Finem
609 1657 716 1684 dicendi
733 1658 842 1689 faciam⁷
861 1663 948 1693 patres
962 1667 1027 1685 con-
1049 1689 1051 1694 y

231 1695 335 1729 scripti.
376 1694 460 1729 Saepe
475 1695 546 1721 enim
562 1696 673 1730 gravius
692 1695 749 1721 vidi
769 1695 902 1722 offendere
922 1696 1027 1722 animos

239 209 332 235 miris
344 209 407 242 apti¹
422 208 473 234 nisi
486 206 590 232 licentia
603 205 738 234 vitiorum.
751 209 776 231 et
785 204 931 239 cupiditate
943 213 1030 231 rerum

232 1732 385 1758 auditorum
405 1740 463 1762 eos,
493 1733 541 1767 qui
557 1732 642 1758 aliena
662 1731 761 1768 flagitia
777 1737 866 1767 aperte
887 1732 1024 1764 dixerunt,
1056 1726 1059 1764 l

231 1777 313 1804 quam
325 1777 382 1800 eos,
401 1770 448 1804 qui
459 1770 661 1796 commiserunt.
701 1770 768 1796 Mihi
779 1769 890 1805 quidem
901 1771 966 1796 ratio
978 1770 1027 1796 ha-

232 1806 319 1832 benda
335 1811 388 1834 est.
414 1815 466 1832 non
481 1806 549 1841 quid
560 1806 694 1833 Salustius
710 1807 804 1833 merito
815 1807 911 1834 debeat
922 1807 1023 1838 audire,

232 1843 278 1870 sed
292 1842 340 1879 [ut]
353 1852 383 1870 ea
394 1843 492 1874 dicam,
505 1845 529 1870 si
540 1852 592 1879 qua
605 1852 654 1879 ego
666 1844 776 1871 honeste
787 1844 860 1870 effari
871 1853 992 1879 possum.

524 1912 642 1922 ———n··

598 1990 656 2014 289..

491 2052 766 2080 CICERONIS

308 2099 436 2141 CUIUS
464 2118 574 2141 0L1M
601 2119 844 2142 INSCRlPTA
874 2120 954 2143 EST

500 2188 610 2205 nonum:
633 2189 754 2206 mutem

439 2244 501 2270 AD
545 2244 813 2271 POPULUM

602 2305 648 2323 Εἰ·

377 2347 593 2380 EQUITES
642 2348 877 2375 ROMANOS

247 2410 511 2446 ANTEQUAM
543 2413 652 2442 IRET
691 2413 735 2441 IN
774 2412 1006 2442 EXSILIUM

500 2482 522 2507 Ο
546 2482 568 2507 R
591 2483 612 2506 A
635 2483 659 2507 Τ
681 2483 691 2507 1
717 2483 748 2507 0.

283 2580 302 2605 1.
327 2582 349 2606 t.
372 2577 405 2608 Si
416 2583 525 2617 quando
536 2583 709 2609 inimicorum
721 2583 853 2618 impetum
864 2583 1021 2619 propulsare

226 2623 256 2641 ac
267 2617 414 2657 propellere
425 2620 548 2654 cupistis.
562 2620 698 2647 defendite
709 2629 780 2647 nunc
790 2621 912 2647 universi
924 2630 1018 2652 unum,

226 2660 283 2687 qui,
296 2662 329 2680 ne
339 2662 433 2683 omnes
443 2657 619 2684 concideretis
631 2657 778 2693 ardoreque
789 2657 911 2685 flammae
921 2658 1021 2685 confla-

801 136 858 161 282.
891 134 923 160 M.
956 134 986 160 Τ.
1017 133 1290 161 ΟΙΕΕΠΟΝΙΞ

1083 205 1208 237 pri-aretis.
1223 205 1275 231 mei
1287 205 1382 239 capitis
1393 204 1512 240 periculo
1524 214 1575 232 non
1586 205 1709 233 dubitavi
1721 206 1872 242 providere.

1085 242 1163 270 Nam,
1181 250 1262 276 quem
1280 243 1385 268 virtutis
1396 242 1479 277 gloria
1490 252 1551 269 cum
1563 252 1668 270 summa
1681 244 1759 271 laude
1770 244 1803 271 ad
1814 253 1875 271 cae-

1085 278 1138 304 lum
1152 279 1260 308 extulit,
1276 279 1401 305 cumdem
1419 280 1588 306 inimicorum
1601 281 1702 308 invidia
1715 281 1876 314 indignissi-

1085 324 1125 341 me
1141 324 1299 349 oppressum
1315 315 1443 350 deprimit
1458 317 1490 343 ad
1502 317 1678 352 supplicium.
1719 319 1745 345 Si
1759 318 1874 345 liberam

1083 357 1237 386 conceptam
1261 352 1432 379 dulcedinem
1456 355 1546 380 animo
1566 354 1696 382 inclusam
1720 357 1873 386 continetis,

1084 389 1164 415 nolite
1177 398 1208 415 eo
1225 389 1291 415 velle
1307 398 1409 420 carere.
1434 392 1482 425 qui
1497 392 1664 418 carissimam
1682 398 1796 419 vestram
1813 402 1874 428 pro-

1083 427 1242 453 creationem
1254 427 1307 453 sibi
1317 436 1375 453 esse
1387 427 1474 455 duxit.
1506 430 1531 455 2.
1554 429 1600 455 Est
1611 430 1682 456 enim
1696 429 1804 456 liberale
1814 430 1874 456 offi-

1082 464 1169 493 cium,
1188 472 1274 490 serere
1291 464 1465 495 beneficium,
1487 470 1515 492 ut
1530 471 1627 492 metere
1643 468 1730 501 possis
1746 467 1873 494 [ructum.

1084 501 1158 527 Fidei
1169 501 1303 531 conducit.
1313 502 1338 528 in
1352 501 1416 532 loco.
1428 502 1550 529 debitum
1562 504 1718 530 retribuere.
1735 504 1791 530 ulie
1801 505 1874 530 enirn

1083 538 1165 564 animi
1179 538 1301 565 voluntas
1316 547 1445 573 propensa
1460 541 1661 574 comprobatur:
1685 541 1729 567 hic
1746 542 1873 568 memoria

1082 575 1258 602 collaudatur.
1299 577 1398 611 ltaque.
1419 578 1443 603 si
1454 577 1580 603 omnibus
1590 586 1672 613 grave
1682 579 1820 604 servitutis
1833 580 1875 605 iu-

1082 621 1145 647 gum
1158 621 1216 638 esse
1227 613 1307 639 debet
1319 614 1344 640 in
1357 613 1476 641 libertate
1487 614 1619 641 educatis:
1633 616 1669 641 sit
1679 616 1702 642 is
1714 616 1875 642 vestrissni-

1083 651 1134 675 mis
1146 651 1363 684 acceptissimus,
1381 652 1428 686 qui
1444 661 1457 678 a
1474 656 1561 678 vestro
1571 661 1680 687 corpore
1696 653 1788 688 iugum
1801 661 1874 679 scer-

1083 687 1226 713 bissimum
1239 687 1337 722 repulit
1347 689 1496 715 servitutis.
1536 691 1560 716 3.
1576 690 1617 720 Et.
1632 690 1656 716 si
1667 690 1780 717 maiores
1792 691 1873 717 vestri

1082 734 1127 751 eos
1139 725 1324 759 imperatores,
1341 727 1389 760 qui
1407 725 1523 752 militum
1539 727 1636 754 virtute
1653 727 1770 754 hostium
1787 727 1874 763 frege-

1083 766 1143 788 runt
1155 761 1284 792 furorem.
1303 762 1500 790 iucundissimo
1515 763 1602 790 fructu
1615 765 1744 791 libertatis
1755 765 1874 791 reconci-

1083 799 1152 829 liato,
1163 808 1213 825 non
1225 799 1312 826 solum
1324 801 1418 826 statuis
1429 800 1526 836 dignos
1536 801 1727 836 putarunt,sed
1739 803 1817 828 etiam
1829 809 1875 828 ae-

1082 841 1153 863 terua
1166 836 1296 871 triumphi
1309 836 1385 863 laude
1397 837 1568 865 decorarunt:
1582 843 1638 865 tum
1651 847 1698 865 vos
1708 847 1874 866 eumconsu-

1083 873 1148 903 lem,
1166 875 1214 908 qui
1231 882 1281 900 non
1299 875 1415 901 militum
1432 876 1564 909 praesenti
1581 875 1749 906 fortitudine,
1766 875 1813 902 sed
1824 884 1873 902 sua

1081 911 1180 937 eximia
1191 911 1274 937 animi
1287 912 1384 938 virtute
1396 912 1519 939 hostilem
1531 913 1633 939 civium
1641 919 1757 940 mentem
1765 918 1873 939 senatus

1081 949 1234 974 auctoritate
1246 948 1402 980 vindicavit.
1410 950 1561 976 existimate
1576 950 1653 976 vobis
1665 950 1833 977 retinendum
1846 950 1873 976 in

1081 986 1188 1012 civitate
1199 994 1267 1011 esse.
1308 986 1338 1012 u.
1362 987 1385 1012 ⁴.
1401 986 1438 1016 Si.
1456 995 1525 1021 quae
1536 986 1665 1013 beneficia
1676 987 1793 1023 singulis
1804 987 1873 1014 civi-

1082 1022 1132 1049 bus
1144 1023 1324 1058 privatimque
1335 1023 1441 1054 dantur,
1454 1032 1483 1050 ea
1495 1024 1581 1050 solent
1592 1025 1625 1050 iis
1637 1032 1696 1051 esse
1706 1024 1872 1055 sructuoss,a

1080 1060 1182 1094 quibus
1198 1065 1261 1086 sunt
1276 1060 1405 1094 profecta:
1429 1061 1487 1087 iure
1502 1066 1528 1088 et
1539 1062 1633 1088 merito
1644 1070 1753 1096 possum
1765 1070 1814 1097 ego
1825 1070 1873 1088 vos

1081 1097 1113 1123 ad
1125 1096 1308 1123 defensionem
1323 1106 1396 1124 meae
1411 1097 1505 1124 salutis
1521 1098 1667 1129 adhortari,
1683 1107 1751 1134 quos
1765 1106 1876 1125 conser-

1082 1135 1143 1160 vavi
1164 1135 1315 1161 universos.
1357 1135 1423 1161 Nam
1443 1143 1530 1170 neque
1546 1136 1634 1162 maius
1653 1141 1706 1167 est,
1729 1135 1873 1162 defendere

1081 1180 1176 1202 unum.
1184 1180 1264 1206 quam
1272 1171 1416 1207 populum:
1430 1181 1517 1207 neque
1528 1173 1628 1204 verius,
1636 1172 1872 1209 asingulis,quam

1081 1209 1114 1235 ab
1125 1209 1252 1235 omnibus
1259 1214 1376 1244 repetere
1382 1209 1463 1236 officii
1471 1210 1620 1244 praemium
1631 1215 1657 1236 et
1668 1209 1798 1236 fructum:
1811 1218 1873 1244 pro-

1058 1247 1059 1250 ’
1082 1251 1169 1281 pterea
1184 1246 1257 1280 quod
1273 1248 1300 1273 in
1317 1248 1398 1273 unius
1413 1246 1535 1282 periculo
1549 1255 1628 1282 saepe
1643 1248 1777 1274 contentio
1791 1255 1872 1282 parva

1081 1288 1134 1314 est,
1152 1288 1181 1310 ut
1197 1283 1265 1310 levis
1280 1285 1316 1310 sit
1331 1283 1405 1311 labor
1419 1283 1553 1311 defensori
1567 1284 1756 1311 sustinendus:
1779 1285 1806 1311 in
1821 1285 1874 1311 rei-

1082 1320 1206 1355 publicae
1218 1321 1334 1351 insidiis.
1343 1330 1396 1356 quo
1408 1321 1512 1348 firmius
1523 1321 1644 1357 estquod
1654 1326 1834 1358 oppugnatur,
1842 1329 1874 1348 eo

1082 1359 1226 1393 paratiores
1237 1364 1300 1385 sunt
1311 1359 1428 1389 inimici.
1446 1364 1476 1385 ut
1488 1359 1522 1385 iis
1535 1360 1593 1385 sine
1605 1367 1700 1394 magna
1711 1358 1873 1386 sollicitudi-

1081 1403 1122 1425 ne,
1136 1395 1277 1426 industria,
1290 1397 1388 1422 virtute
1400 1404 1451 1422 non
1461 1401 1541 1431 queat
1552 1397 1650 1423 resisti.
1689 1398 1714 1422 5.
1735 1396 1767 1422 Et
1777 1397 1874 1431 singu-

1082 1432 1167 1459 lorum
1177 1441 1241 1467 opes
1253 1441 1332 1468 saepe
1343 1438 1406 1460 sunt
1417 1438 1510 1460 tenues
1518 1454 1524 1463 ,
1546 1438 1572 1460 et
1585 1433 1706 1460 infirmae
1716 1433 1750 1460 ad
1759 1434 1872 1469 gratiam

1081 1469 1256 1500 referendam,
1265 1475 1294 1496 ut
1303 1470 1430 1505 opitulari
1444 1470 1512 1497 bene
1523 1471 1689 1497 merentibus
1700 1479 1750 1497 non
1762 1475 1871 1505 queant,

1081 1508 1104 1533 si
1116 1508 1232 1534 maxime
1247 1509 1370 1542 cupiant:
1393 1508 1581 1534 universorum
1597 1508 1731 1534 auxilium
1745 1516 1776 1534 eo
1786 1507 1873 1542 pluri-

1081 1553 1155 1571 mum
1175 1545 1296 1580 prodest,
1319 1544 1391 1580 quod
1412 1544 1576 1572 firmioribus
1591 1545 1690 1580 opibus
1707 1550 1748 1571 est
1765 1546 1871 1571 nixum.

1080 1583 1138 1608 lure
1150 1583 1242 1618 igitur,
1250 1583 1378 1617 quoniam
1389 1587 1414 1608 et
1425 1583 1509 1609 maior
1518 1583 1640 1617 impensa
1650 1583 1678 1609 in
1689 1583 1803 1617 patriam
1812 1581 1873 1608 offi-

1080 1620 1114 1645 cii
1128 1619 1193 1646 sacta
1205 1624 1259 1650 est,
1275 1628 1358 1654 quam
1370 1620 1397 1645 in
1408 1620 1512 1654 privata
1524 1619 1552 1646 fit
1563 1619 1732 1649 defensione,
1749 1624 1776 1646 et
1785 1618 1848 1654 plus
1858 1627 1872 1645 a

1080 1657 1157 1683 vobis
1169 1656 1306 1691 praesidii,
1322 1665 1404 1692 quam
1415 1665 1429 1683 a
1440 1658 1536 1684 ceteris
1545 1658 1606 1692 opis
1617 1656 1650 1683 ad
1661 1656 1775 1683 salutem
1786 1661 1873 1691 potest

1079 1693 1180 1720 afferri:
1197 1702 1245 1720 vos
1255 1694 1384 1725 obtestor,
1402 1702 1470 1729 quos
1483 1694 1552 1720 mihi
1562 1699 1588 1721 et
1597 1693 1695 1721 debere
1705 1699 1731 1721 et
1740 1701 1818 1729 posse
1829 1694 1873 1720 in-

1080 1731 1171 1767 telligo
1182 1731 1318 1766 opitulari.
1358 1732 1384 1757 6.
1405 1731 1463 1758 Non
1479 1732 1605 1758 convenit
1619 1732 1706 1762 enim,
1721 1739 1808 1766 quum
1822 1739 1872 1766 ego

1079 1768 1111 1795 ad
1129 1768 1335 1803 promerendum
1345 1767 1466 1795 officium
1479 1773 1531 1794 tam
1542 1767 1640 1794 fuerim
1650 1768 1807 1803 expeditus,
1823 1777 1872 1795 vos

1079 1805 1111 1832 ad
1123 1805 1289 1832 referendam
1299 1806 1412 1841 gratiam
1426 1813 1485 1832 esse
1496 1805 1639 1832 tardiores:
1660 1814 1706 1836 ne,
1722 1806 1801 1832 cuius
1814 1814 1872 1831 am-

1078 1842 1240 1878 plitudinem
1251 1851 1281 1868 ac
1291 1842 1404 1878 gloriam
1417 1841 1495 1869 laude
1505 1847 1584 1877 atque
1597 1842 1744 1869 honoribus
1754 1841 1872 1877 amplifi-

1078 1887 1138 1906 care
1148 1879 1278 1909 debeatis,
1291 1881 1350 1906 eius
1362 1879 1573 1906 incolumitatem
1584 1884 1611 1906 et
1620 1879 1734 1906 salutem
1745 1879 1872 1906 deseren-

1078 1917 1139 1943 dam
1151 1917 1321 1943 existimetis.
1361 1917 1404 1943 ul.
1426 1917 1532 1943 Etenim
1542 1922 1624 1948 errat=
1641 1918 1666 1943 si
1680 1917 1744 1952 quis
1759 1916 1872 1944 arbitra—

1077 1959 1133 1984 tur,
1151 1954 1186 1980 M.
1203 1953 1322 1980 Tullium
1338 1953 1438 1980 idcirco
1453 1955 1481 1980 in
1497 1955 1592 1989 capitis
1608 1953 1760 1989 perieulum
1771 1955 1869 1984 vocari.

1077 1990 1149 2026 quod
1161 1990 1306 2026 deliquerit
1316 1990 1434 2026 aliquid,
1452 1991 1524 2026 quod
1539 1992 1652 2026 patriam
1664 1990 1784 2022 laeserit.
1798 1991 1871 2026 quod

1078 2028 1200 2063 improbe
1210 2029 1319 2055 vixerit.
1359 2029 1417 2055 Non
1428 2029 1526 2055 citatur
1534 2036 1597 2055 reus
1607 2028 1748 2055 audaciae:
1762 2029 1871 2055 virtutis

1078 2074 1140 2092 reus
1154 2066 1260 2092 citatur.
1300 2066 1358 2092 Non
1373 2070 1528 2096 accusatur,
1545 2065 1618 2100 quod
1633 2065 1829 2100 rempublicam
1843 2065 1871 2092 vi

1077 2103 1253 2138 oppugnarit,
1266 2102 1314 2129 sed
1327 2102 1400 2137 quod
1411 2102 1491 2129 bomo
1502 2111 1589 2130 novus
1599 2103 1781 2137 perniciosum
1793 2102 1871 2129 nobi-

1078 2139 1145 2166 lium
1161 2140 1315 2166 restinxerit
1329 2139 1457 2166 furorem.
1496 2140 1555 2166 Non
1569 2139 1646 2166 obest
1660 2139 1729 2166 mihi
1743 2140 1830 2174 turpis
1844 2144 1871 2166 et

1078 2185 1189 2206 nocens,
1211 2176 1259 2203 sed
1274 2176 1464 2203 honestissime
1480 2176 1719 2212 laudatissimeque
1733 2181 1790 2203 acta
1803 2177 1868 2203 vita.

1077 2215 1134 2240 Non
1147 2214 1209 2241 odio
1220 2214 1351 2241 bonorum
1359 2234 1366 2245 ,
1379 2214 1427 2240 sed
1438 2214 1541 2240 invidia
1554 2222 1661 2249 premor
1670 2213 1812 2240 malorum.
1842 2215 1868 2240 7.

1028 2250 1033 2253 “
1076 2251 1233 2287 Intelligunt
1248 2251 1385 2282 homines,
1407 2256 1444 2278 tot
1453 2256 1480 2278 et
1490 2256 1544 2278 tam
1553 2251 1698 2286 praeclaris
1708 2251 1870 2278 testimoniis

1076 2289 1313 2323 monumentisque
1323 2289 1432 2315 virtutis
1442 2289 1616 2323 comparatis,
1632 2288 1668 2315 M.
1685 2287 1787 2320 Tullio,
1802 2287 1869 2314 dum

1075 2327 1111 2352 sit
1125 2325 1284 2357 incolumis,
1300 2325 1355 2352 fore
1370 2325 1511 2361 voluptati.
1551 2325 1653 2352 Idcirco
1667 2325 1751 2352 vitam
1765 2325 1868 2360 eripere

1075 2363 1202 2397 cupiunt,
1220 2367 1250 2389 ut
1263 2371 1327 2389 cum
1341 2363 1440 2397 spiritu
1451 2371 1561 2389 sensum
1572 2371 1681 2398 quoque
1691 2362 1811 2389 adimant
1824 2362 1868 2388 iu-

1075 2399 1231 2426 cunditatis.
1271 2400 1364 2426 Nonne
1376 2400 1460 2435 igitur
1468 2400 1612 2436 indignum
1622 2404 1671 2430 est,
1684 2408 1729 2426 eos
1739 2399 1868 2434 praemiis

1075 2437 1143 2463 meis
1157 2437 1293 2467 invidere,
1310 2437 1359 2472 qui
1374 2438 1473 2464 virtute
1487 2442 1587 2464 certare
1601 2435 1762 2464 noluerunt?
1780 2444 1825 2463 eos
1838 2437 1867 2463 in

1074 2475 1270 2501 contentionem
1286 2474 1394 2501 honoris
1410 2475 1516 2505 venire,
1533 2475 1581 2508 qui
1595 2473 1692 2501 officiis
1702 2481 1732 2499 se
1744 2474 1867 2508 superari

1073 2511 1239 2545 aequissimo
1250 2511 1340 2538 animo
1348 2510 1485 2538 tulerunt?
1498 2510 1868 2546 Sidulcisestgloria‚conse-

1073 2556 1156 2583 quere
1162 2549 1303 2575 virtutem:
1318 2548 1373 2575 noli
1379 2548 1495 2575 abiicere
1506 2548 1619 2579 labores,
1626 2552 1716 2582 petere
1722 2547 1864 2574 honorem.-

1074 2585 1201 2611 honorem
1212 2584 1291 2612 dico?
1303 2586 1386 2612 immo
1396 2594 1460 2612 vero
1470 2585 1578 2616 famam,
1586 2584 1713 2615 foi-tunm,
1723 2584 1862 2615 familiam,

1074 2621 1186 2653 liberos,
1202 2627 1297 2657 caput,
1309 2631 1421 2657 corpus,
1434 2623 1525 2657 ipsum
1537 2621 1656 2657 denique
1666 2622 1826 2657 sanguinem
1839 2626 1866 2648 et

1072 2660 1199 2685 animam.
1239 2659 1311 2686 Cedo
1321 2660 1424 2686 invitus
1434 2659 1468 2686 de
1478 2658 1630 2693 republica:
1643 2658 1709 2686 codo
1719 2667 1864 2694 oppressus
