1941 3052
428 147 613 175 ORATIO
646 146 735 174 PRO
767 148 797 174 L.
832 145 1035 174 FLACCO.
1069 146 1167 173 CAP.

67 219 134 246 ferre
145 219 226 250 dixit,
240 217 288 245 sed
300 217 433 245 levitatem
447 219 526 245 totius
538 219 616 245 Asiae
628 218 750 253 protulit,
765 218 797 245 de
809 227 862 253 qua

66 266 113 284 nos
124 261 150 283 et
161 256 273 283 libenter
283 260 309 282 et
319 255 397 282 facile
407 256 590 283 concedimus.
606 257 700 282 Nostra
711 257 794 292 igitur
805 255 863 281 lau-

65 295 144 326 datio,
153 303 234 329 quam
245 292 291 320 ille
302 294 430 328 temporis
441 302 536 320 caussa
547 294 624 320 nobis
636 293 723 320 datam
735 293 807 324 dicit,
815 293 863 319 da-

65 336 119 358 tam
130 331 240 367 quidem
252 331 400 362 confitetur,
408 331 561 367 consignata
573 336 642 357 creta
653 335 706 357 est:
719 332 746 357 in
759 331 804 357 illo
815 339 863 356 au-

65 374 118 396 tem
131 369 295 400 testimonio,
308 368 382 403 quod
394 369 539 395 accusatori
551 368 650 394 dicitur
659 368 761 399 datum,
774 376 862 394 ceram

65 415 125 433 esse
136 406 265 432 vidimus.
306 408 348 432 38.
366 406 413 432 Hic
424 414 481 442 ego,
495 406 607 437 iudices,
621 406 644 431 si
656 414 703 432 vos
713 406 863 432 Acmonen-

64 445 136 471 sium
152 444 279 475 decretis,
298 444 321 470 si
336 448 485 470 ceterorum
495 444 634 479 Phrygum
652 443 745 469 litteris
757 451 863 477 permo-

64 482 121 508 veri
132 485 268 516 putarem,
286 480 457 512 vociferarer,
475 485 514 512 et,
531 485 662 515 quantum
675 481 790 506 maxime
802 488 863 514 pos-

65 528 131 550 sem,
145 519 347 545 contenderem:
361 522 471 545 testarer
481 518 649 553 publicanos,
662 518 803 543 excitarem
817 525 863 543 ne-

64 557 220 593 gotiatores,
244 560 359 582 vestram
375 556 455 582 etiam
470 555 660 582 conscientiam
675 554 860 589 implorarem:

64 603 123 620 cera
140 593 319 629 deprehensa,
337 593 498 620 confiderem
515 593 596 619 totius
612 592 757 618 testimonii
774 592 861 617 fictam

65 631 203 658 audaciam
220 631 361 657 manifesto
376 630 596 665 comprehensam
613 634 691 664 atque
705 637 861 663 oppressam

64 669 157 695 teneri.
179 669 255 695 Nunc
268 677 329 695 vero
340 677 392 695 non
404 667 538 694 insultabo
550 667 746 697 vehementius,
756 675 804 692 nec
815 675 862 692 vo-

66 706 147 732 litabo
163 706 190 732 in
205 706 255 733 hoc
271 705 443 736 insolentius,
461 713 548 739 neque
559 705 587 731 in
598 705 682 730 istum
694 708 859 739 nugatorem,

64 747 202 779 tamquam
218 744 244 769 in
260 743 378 778 aliquem
395 747 502 773 testem,
521 742 645 773 invehar,
663 749 751 776 neque
766 741 792 767 in
809 745 862 767 toto

64 781 272 808 Acmonensium
286 780 451 810 testimonio,
469 780 527 806 sive
543 779 587 805 hic
601 779 745 805 confictum
761 782 814 810 est,
832 782 863 804 ut

65 822 185 853 apparet,
199 818 256 844 sive
267 819 380 844 missum
392 817 471 844 domo
482 821 535 848 est,
549 821 578 843 ut
589 816 696 847 dicitur,
709 824 862 842 commove-

64 856 121 882 bor.
162 856 281 886 Etenim,
300 855 401 890 quibus
417 863 467 890 ego
481 855 561 881 istam
577 853 758 880 laudationem
769 854 863 879 remit-

64 898 127 924 tam,
140 893 266 928 quoniam
278 897 341 919 sunt
351 892 391 928 (ut
401 891 573 927 Asclepiades
584 891 659 927 dicit)
669 891 751 923 leves,
765 891 861 918 horum

65 931 248 957 testimonium
259 938 311 957 non
322 931 517 965 pertimescam.

119 1005 201 1032 XVII.
219 1006 260 1031 39.
282 1005 366 1032 Venio
386 1014 459 1032 nunc
479 1004 512 1031 ad
532 1003 719 1040 Dorylensium
741 1003 862 1029 testimo-

64 1043 154 1070 nium:
177 1043 225 1078 qui
236 1043 368 1078 producti,
382 1042 487 1069 tabulas
499 1051 528 1068 se
539 1041 661 1077 publicas
673 1041 706 1067 ad
717 1040 861 1075 speluncas

63 1080 223 1116 perdidisse,
237 1081 373 1107 dixerunt.
414 1080 436 1107 O
447 1084 577 1115 pastores,
591 1080 682 1106 neseio
692 1087 770 1113 quos,
784 1078 862 1113 cupi-

63 1118 111 1144 dos
133 1118 294 1144 litterarum!
317 1118 453 1153 siquidem
474 1117 541 1145 nihil
562 1117 621 1143 istis
638 1121 740 1151 praeter
761 1115 861 1142 litteras

64 1155 242 1182 abstulerunt.
283 1156 336 1183 Sed
347 1155 421 1182 aliud
433 1164 492 1182 esse
503 1163 614 1181 caussae
625 1154 811 1188 suspicamur,
828 1161 861 1179 ne

64 1192 130 1220 forte
141 1194 185 1220 isti
197 1202 292 1228 parum
304 1194 406 1220 versuti
417 1202 476 1220 esse
488 1192 638 1220 videantur.
674 1192 758 1218 Poena
769 1195 818 1222 est,
832 1195 862 1217 ut

63 1231 166 1265 opinor,
180 1231 284 1267 Dorylai
296 1232 415 1267 gravior,
429 1240 511 1266 quam
523 1230 595 1264 apud
606 1229 681 1260 alios,
696 1228 824 1255 salsarum
837 1232 862 1254 et

63 1272 248 1302 corruptarum
262 1268 420 1295 litterarum.
442 1268 471 1295 Si
483 1276 560 1295 veras
572 1266 756 1302 protulissent,
769 1266 862 1292 crimi-

64 1307 106 1332 nis
118 1305 185 1332 nihil
197 1310 264 1332 erat:
278 1306 300 1332 si
314 1305 402 1337 falsas,
416 1310 470 1332 erat
482 1313 575 1341 poena.
616 1304 799 1330 Bellissimum
812 1312 863 1338 pu-

64 1347 195 1374 taverunt,
209 1343 296 1369 dicere
307 1344 430 1370 amissas.
463 1345 504 1370 40.
521 1342 666 1376 Quiescant
678 1342 768 1377 igitur,
782 1345 808 1367 et
820 1349 862 1367 me

64 1380 113 1407 hoc
125 1381 151 1407 in
165 1380 238 1407 lucro
249 1389 346 1415 ponere
358 1386 438 1416 atque
449 1381 523 1407 aliud
535 1388 613 1416 agere
625 1379 768 1414 patiantur.
804 1379 861 1404 Non

63 1418 165 1444 sinunt.
197 1418 311 1453 Supplet
322 1419 393 1444 enim
405 1418 449 1444 ille
461 1419 551 1445 nescio
562 1417 633 1453 quis,
646 1421 672 1443 et
684 1416 809 1451 privatim
820 1415 863 1442 di-

62 1456 99 1482 cit
110 1464 139 1482 se
150 1455 267 1482 dedisse.
299 1456 353 1482 Hoc
364 1464 426 1482 vero
439 1455 500 1482 ferri
513 1456 587 1482 nullo
598 1454 676 1481 modo
688 1458 783 1489 potest.
810 1453 861 1485 Qui

62 1493 96 1519 de
108 1493 206 1520 tabulis
218 1493 335 1528 publicis
347 1494 438 1520 recitat
449 1494 496 1525 iis,
514 1502 583 1528 quae
598 1492 626 1518 in
642 1491 803 1518 accusatoris
814 1499 862 1525 po-

63 1535 156 1557 testate
168 1530 284 1561 fuerunt,
294 1539 344 1557 non
356 1530 435 1557 debet
446 1530 542 1557 habere
554 1529 750 1557 auctoritatem:
764 1528 811 1555 sed
824 1533 863 1554 ta-

63 1577 124 1595 men
137 1568 267 1595 iudicium
280 1568 335 1594 fieri
347 1568 465 1600 videtur,
482 1577 568 1604 quum
585 1566 691 1594 tabulae
702 1566 763 1593 illae
776 1567 859 1601 ipsae,

62 1606 226 1632 cuicuimodi
238 1610 314 1637 sunt,
332 1605 512 1640 proferuntur.
554 1606 643 1638 Quum
656 1613 718 1631 vero
730 1604 765 1635 is,
779 1612 861 1639 quem

62 1652 141 1670 nemo
153 1647 271 1670 vestrum
283 1643 351 1669 vidit
362 1651 506 1678 umquam;
525 1652 611 1675 nemo,
629 1642 676 1676 qui
689 1641 807 1668 mortalis
819 1650 862 1667 es-

63 1685 114 1712 set,
133 1681 248 1714 audivit3
272 1685 374 1707 tantum
386 1681 463 1712 dicit,
482 1690 565 1708 neni:
583 1679 726 1710 dubitatis,
746 1679 859 1711 iudices,

62 1719 128 1754 quin
145 1719 177 1745 ab
194 1718 243 1745 hoc
258 1719 428 1754 ignotissimo
439 1718 544 1755 Phryge
560 1716 762 1745 nobilissimum
774 1717 860 1743 civem

62 1755 223 1783 vindicetis?
242 1756 330 1791 Atque
346 1756 408 1782 huic
424 1756 511 1783 eidem
529 1765 614 1791 nuper
630 1759 681 1781 tres
693 1755 798 1789 equites
810 1755 862 1781 Ro-

62 1794 134 1820 mani
147 1794 250 1820 honesti
263 1798 288 1820 et
298 1802 407 1830 graves,
424 1802 510 1829 quum
525 1794 552 1821 in
564 1802 658 1820 caussa
672 1792 774 1819 liberali
787 1801 859 1824 eum,

61 1831 109 1866 qui
120 1831 297 1863 asserebatur,
305 1835 448 1867 cognatum
460 1840 541 1858 suum
553 1840 613 1858 esse
624 1831 732 1862 diceret,
741 1839 792 1856 non
804 1839 862 1856 cre-

62 1869 196 1896 diderunt.
223 1868 274 1901 Qui
287 1869 336 1895 hoc
346 1869 443 1900 evenit,
458 1874 495 1900 ut,
508 1870 556 1905 qui
569 1869 688 1903 locuples
701 1869 774 1895 testis
786 1868 862 1895 dolo-

62 1907 99 1932 ris
110 1911 136 1932 et
146 1907 287 1942 sanguinis
298 1907 342 1933 sui
353 1915 406 1932 non
419 1906 510 1938 suerit,
529 1907 600 1933 idem
618 1907 653 1933 sit
667 1906 758 1940 gravis
770 1910 861 1932 auctor

61 1944 176 1970 iniuriae
198 1943 338 1978 publicae?
369 1945 409 1970 Μ.
433 1944 519 1979 Atque
541 1944 584 1970 hic
599 1944 754 1980 Dorylensis
776 1952 861 1978 nuper

61 1989 147 2016 quum
164 1980 300 2007 efferretur
316 1989 410 2016 magna
428 1980 591 2016 frequentia,
613 1990 798 2016 consessuque
815 1990 862 2007 ve-

62 2023 130 2045 stro:
154 2019 246 2045 mortis
267 2018 342 2044 illius
363 2018 493 2045 invidiam
515 2019 542 2045 in
564 2019 593 2045 L.
612 2019 736 2045 Flaccum
754 2018 861 2045 Laelius

61 2055 223 2083 conferebat.
251 2056 326 2082 Facis
338 2056 447 2087 iniuste,
461 2055 542 2087 Laeli,
556 2056 579 2082 si
591 2060 669 2091 putas
682 2057 801 2091 periculo
814 2066 861 2083 no-

62 2098 116 2120 stro
128 2094 218 2120 vivere
231 2097 289 2120 tuos
300 2093 520 2120 contubernales:
543 2094 697 2128 praesertim
714 2103 799 2128 quum
817 2099 860 2120 tua

63 2131 224 2167 negligentia
237 2130 335 2157 sactum
347 2130 517 2157 arbitremur.
548 2131 654 2157 Homini
666 2132 737 2157 enim
751 2132 858 2167 Phrygi,

61 2169 108 2204 qui
121 2169 241 2195 arborem
254 2176 402 2203 numquam
415 2168 540 2199 vidisset,
557 2168 677 2194 fiscinam
691 2169 800 2195 ficorum
813 2170 861 2195 ol)-

61 2205 162 2233 iecisti:
179 2206 258 2232 cuius
271 2214 342 2232 mors
355 2210 378 2231 te
390 2214 423 2232 ex
434 2205 523 2240 aliqua
536 2211 609 2240 parte
621 2206 759 2233 relevavit.
791 2206 861 2233 Eda-

61 2251 118 2270 cem
135 2243 206 2270 enim
223 2243 355 2278 hospitem
372 2243 495 2269 amisisti.
536 2243 630 2270 Flacco
646 2252 707 2270 vero
720 2244 786 2279 quid
800 2253 861 2279 pro-

62 2279 125 2312 fuit,
143 2281 191 2316 qui
208 2280 292 2307 valuit
308 2280 425 2312 tamdiu,
443 2280 508 2306 dum
521 2280 572 2307 huc
583 2281 714 2315 prodiret:
737 2286 860 2308 mortuus

61 2322 110 2350 est,
124 2318 216 2345 aculeo
226 2318 278 2344 iam
291 2318 417 2349 dimisso,
431 2326 460 2344 ac
471 2318 542 2344 dicto
554 2318 723 2345 testimonio?
743 2319 775 2345 At
787 2319 860 2345 istud

61 2355 185 2382 columen
196 2355 308 2382 actionis
321 2359 394 2387 tuae,
412 2355 592 2386 Mithridates,
611 2360 799 2391 posteaquam,
819 2357 860 2382 bi-

62 2391 147 2420 duum
168 2397 286 2420 retentus
308 2393 384 2419 testis
405 2401 418 2419 a
440 2392 526 2422 nobis,
549 2392 650 2423 effudit,
673 2402 742 2428 quae
764 2393 857 2424 voluit,

63 2431 164 2463 omnin,
187 2431 380 2466 reprehensus,
398 2431 538 2456 convietus
555 2429 708 2465 fractusque
724 2431 856 2462 discessit,

62 2467 181 2495 ambulat
191 2477 252 2494 cum
266 2468 359 2494 lorica:
383 2468 478 2494 metuit
494 2467 572 2493 homo
588 2467 682 2494 doctus
698 2472 724 2494 et
739 2469 856 2503 sapiens,

62 2512 95 2531 ne
110 2505 140 2532 L.
152 2505 263 2532 Flaccus
280 2514 351 2531 nunc
367 2514 395 2531 se
411 2505 510 2531 scelere
521 2504 626 2540 alliget.
648 2514 734 2540 quum
751 2506 803 2532 iam
821 2510 859 2532 te-

62 2545 130 2569 stem
141 2542 218 2569 illum
235 2543 351 2579 effugere
368 2551 419 2569 non
436 2543 534 2577 possit:
558 2547 599 2573 ut.
617 2543 664 2577 qui
681 2547 740 2569 nuto
755 2543 857 2569 dictum

62 2579 243 2607 testimonium
256 2581 308 2607 sibi
321 2580 486 2615 temperarit,
503 2588 588 2615 quum
602 2584 689 2606 tamen
701 2580 803 2615 aliquid
816 2589 859 2606 as-

62 2617 139 2652 sequi
151 2622 253 2652 posset,
271 2618 294 2644 is
305 2626 376 2644 nunc
392 2617 419 2643 id
435 2622 507 2652 agat,
526 2621 555 2643 ut
570 2617 601 2643 ud
619 2617 716 2643 salsum
733 2618 858 2644 avaritiae

62 2654 244 2681 testimonium
261 2663 354 2681 verum
372 2655 493 2681 maleficii
510 2655 609 2681 crimen
626 2655 764 2690 adiungat.
805 2655 857 2682 Sed

62 2689 95 2718 de
110 2691 159 2718 hoc
175 2696 254 2724 teste,
273 2696 379 2728 totoque
392 2692 571 2719 Mithridatico
586 2692 711 2724 crimine,
729 2693 858 2719 disseruit

1205 148 1233 173 ⁴3
1253 162 1290 166 —
1310 148 1352 174 20.
1659 149 1703 174 46¹

913 222 938 244 et
949 217 1083 244 subtiliter
1093 222 1119 244 et
1129 218 1235 253 copiose
1246 217 1277 250 Q.
1290 217 1461 244 Hortensius:
1479 225 1536 247 nos,
1550 221 1580 243 ut
1590 217 1708 244 institui-

913 264 984 286 mus,
998 255 1030 281 ad
1042 255 1144 290 reliqua
1157 264 1310 291 pergamus.

969 293 1063 319 XVIII.
1081 294 1122 319 42.
1146 293 1232 327 Caput
1246 297 1286 319 est
1301 292 1422 319 omnium
1439 291 1600 318 Graecorum
1621 293 1709 318 conci—

914 330 1070 361 tandorum,
1091 331 1140 365 qui
1155 339 1217 356 cum
1233 330 1432 356 accusatoribus
1448 329 1534 361 sedet,
1557 329 1709 355 Heraclides

914 368 959 394 ille
975 368 1123 398 Temnites,
1148 368 1227 394 homo
1242 368 1350 402 ineptus
1365 372 1390 394 et
1407 367 1517 402 loquax,
1541 366 1587 393 sed
1603 367 1642 402 (ut
1658 367 1708 393 sibi

915 405 1030 441 videtur)
1042 406 1076 431 ita
1089 405 1191 436 doctus,
1206 410 1235 431 ut
1246 406 1324 431 etiam
1337 405 1495 440 magistrum
1508 404 1615 431 illorum
1628 413 1657 430 se
1668 413 1711 430 es—

914 451 943 469 se
954 443 1037 469 dicat:
1051 447 1084 473 et,
1098 443 1144 477 qui
1158 443 1192 468 ita
1203 443 1239 468 sit
1250 443 1419 473 ambitiosus,
1433 447 1462 468 ut
1472 451 1565 468 omnes
1577 451 1634 473 vos,
1649 450 1709 468 nos-

913 489 967 515 que
978 480 1097 515 quotidie
1109 480 1263 514 persalutet.
1304 480 1398 506 Temni
1411 488 1497 514 usque
1508 479 1540 505 ad
1552 479 1625 506 illam
1641 484 1711 505 aeta-

914 522 967 543 tem
979 518 1006 543 in
1018 522 1141 543 senatum
1154 518 1244 543 venire
1256 526 1307 544 non
1319 518 1420 552 potuit:
1434 522 1467 547 et,
1476 518 1524 552 qui
1535 526 1564 543 se
1575 522 1657 543 artem
1669 517 1711 543 di-

913 555 991 581 cendi
1003 555 1162 581 traditurum
1175 555 1254 581 etiam
1266 555 1361 581 ceteris
1373 555 1540 589 profiteatur,
1554 555 1612 589 ipse
1623 555 1712 581 omni-

914 592 965 618 bus
978 592 1144 627 turpissimis
1155 592 1264 618 iudiciis
1275 593 1414 618 convictus
1425 596 1474 618 est.
1499 593 1538 618 43.
1554 592 1613 618 Pari
1627 592 1711 618 felici-

914 634 965 656 tate
976 638 1030 656 una
1042 629 1144 665 legatus
1157 630 1229 656 venit
1239 629 1411 660 Nicomedes,
1429 630 1476 664 qui
1492 638 1578 664 neque
1594 630 1621 656 in
1633 638 1711 655 sena-

914 672 971 693 tum
987 667 1042 693 ulla
1057 666 1208 693 conditione
1224 667 1363 701 pervenire
1382 667 1480 702 potuit,
1504 672 1529 693 et
1545 666 1607 693 furti
1623 672 1648 693 et
1664 675 1712 702 pro

913 705 985 731 socio
996 704 1137 730 damnatus
1149 709 1199 730 est.
1240 705 1306 730 Nam
1319 705 1443 739 princeps
1456 704 1609 740 legationis,
1628 705 1711 740 Lysa-

914 742 979 772 nias,
989 741 1101 776 adeptus
1113 746 1154 767 est
1164 742 1284 768 ordinem
1296 742 1458 768 senatorium
1468 752 1473 768 :
1487 742 1534 768 sed
1545 751 1630 777 quum
1641 750 1712 768 rem·

914 779 1050 814 publicam
1068 779 1181 805 nimium
1198 779 1416 814 amplecteretur,
1439 779 1580 814 peculatus
1600 780 1711 806 damna-

913 821 970 848 tus,
994 821 1019 843 et
1039 816 1107 842 bona
1128 821 1153 843 et
1173 817 1337 843 senatorium
1358 825 1455 843 nomen
1471 817 1569 843 amisit.
1610 818 1642 843 Hi
1660 822 1711 843 tres

913 855 993 880 etiam
1014 854 1107 880 aerarii
1133 855 1215 880 nostri
1241 853 1346 881 tabulas
1370 853 1451 880 falsas
1474 863 1533 880 esse
1557 854 1709 881 voluerunt.

913 892 980 918 Nam
996 900 1087 918 servos
1104 901 1200 918 novem
1221 900 1251 918 se
1271 891 1385 927 professi
1407 896 1470 918 sunt
1490 892 1601 923 habere,
1624 901 1710 927 quum

913 930 1022 956 omnino
1033 930 1090 955 sine
1102 931 1198 956 comite
1210 930 1355 956 venissent.
1387 930 1494 955 Decreto
1505 929 1646 956 scribendo
1658 930 1712 964 pri-

913 976 989 993 mum
1010 967 1088 993 video
1108 967 1217 993 affuisse
1238 968 1395 1003 Lysaniam:
1422 967 1500 993 cuius
1522 966 1610 993 fratris
1631 967 1709 994 bona.

913 1004 985 1040 quod
997 1004 1019 1030 is
1032 1004 1132 1039 populo
1144 1014 1195 1031 non
1207 1005 1336 1036 solvebat,
1350 1009 1468 1040 praetore
1480 1004 1587 1036 Flacco,
1603 1005 1712 1039 publice

914 1043 1064 1069 venierunt.
1105 1043 1242 1069 Praeterea
1252 1042 1396 1077 Philippus
1408 1046 1460 1073 est,
1478 1042 1608 1078 Lysaniae
1619 1051 1708 1078 gener.

913 1084 939 1106 et
959 1080 1132 1107 Hermobius:
1156 1081 1235 1106 cuius
1250 1079 1330 1106 frater
1345 1080 1421 1106 Poles
1437 1080 1500 1106 item
1517 1080 1645 1114 pecuniae
1662 1089 1712 1114 pu·
1753 1085 1755 1087 ’

913 1118 998 1144 blicae
1010 1122 1050 1144 est
1060 1118 1264 1144 condemnatus.
1286 1118 1464 1144 XIX.Dicunt
1475 1126 1503 1143 se
1515 1117 1616 1147 Flacco,
1631 1123 1656 1144 et
1667 1118 1709 1148 iis,

913 1156 960 1190 qui
972 1155 1053 1182 simul
1066 1160 1163 1187 essent,
1177 1155 1365 1182 drachmarum
1376 1163 1413 1180 xv
1425 1155 1508 1181 millia
1521 1155 1637 1181 dedisse.
1670 1156 1710 1182 vl-i.

914 1193 982 1220 Cum
993 1194 1100 1220 civitate
1111 1193 1178 1219 mihi
1191 1201 1233 1219 res
1245 1197 1285 1219 est
1296 1193 1432 1224 acerrima,
1441 1197 1465 1219 et
1477 1192 1711 1219 conficientissima

915 1230 1077 1257 litterarum:
1100 1231 1126 1257 in
1143 1239 1197 1266 qua
1209 1239 1338 1257 nummus
1348 1230 1509 1257 commoveri
1522 1230 1614 1256 nullus
1626 1235 1712 1265 potest

913 1269 972 1295 sine
987 1269 1108 1304 quinque
1121 1268 1301 1303 praetoribus,
1319 1268 1406 1294 tribus
1417 1268 1620 1303 quaestoribus,
1634 1273 1712 1303 quat-

914 1311 974 1333 tuor
984 1306 1135 1337 mensariis,
1148 1306 1194 1341 qui
1208 1306 1279 1340 apud
1291 1305 1351 1332 illos
1363 1314 1376 1331 a
1388 1305 1488 1340 populo
1499 1310 1630 1332 creantur.
1672 1306 1711 1332 Ex

915 1343 963 1369 hoc
975 1348 1046 1370 tanto
1058 1352 1169 1370 numero
1180 1343 1313 1369 deductus
1325 1348 1364 1369 est
1381 1352 1472 1369 nemo:
1495 1348 1520 1369 et
1535 1351 1620 1378 quum
1637 1342 1710 1369 illam

915 1382 1056 1415 pecuniam
1068 1381 1225 1407 nominatim
1239 1380 1331 1407 Flacco
1342 1380 1429 1406 datam
1442 1379 1570 1411 reserant,
1585 1381 1710 1406 maiorem

914 1419 993 1444 etiam
1005 1418 1122 1453 aliquam
1134 1427 1220 1453 quum
1234 1418 1297 1444 huic
1308 1418 1390 1444 iidem
1402 1418 1507 1448 darent,
1526 1418 1553 1444 in
1565 1418 1657 1444 aedem
1669 1427 1712 1443 sa—

913 1465 984 1482 cram
997 1455 1181 1486 reficiendam,
1200 1464 1229 1482 se
1245 1456 1435 1490 perscripsisse
1446 1455 1553 1481 dicunt:
1576 1455 1648 1490 quod
1661 1456 1712 1481 mi-

914 1494 986 1520 nime
997 1494 1131 1520 convenit.
1154 1494 1218 1519 Nam
1232 1498 1277 1519 aut
1287 1494 1376 1519 omnia
1388 1492 1491 1519 occulte
1503 1492 1639 1519 reserenda
1654 1492 1711 1519 sue-

914 1535 988 1562 runt,
1010 1536 1055 1557 aut
1066 1535 1155 1566 aperte
1167 1531 1265 1557 omnia.
1306 1530 1395 1562 Quum
1413 1531 1595 1565 perscribunt,
1620 1530 1712 1557 Flacco

915 1569 1084 1599 nominatim,
1100 1568 1166 1594 nihil
1179 1569 1286 1599 timent,
1300 1568 1367 1594 nihil
1381 1573 1519 1594 verentur:
1537 1577 1622 1603 quum
1639 1569 1711 1603 operi

914 1606 1023 1641 publico
1046 1606 1177 1637 referunt,
1208 1606 1290 1632 iidem
1315 1605 1436 1632 homines
1461 1606 1551 1632 subito
1575 1606 1709 1636 eumdem,

913 1652 994 1678 quem
1006 1649 1230 1678 contempserant,
1247 1643 1449 1678 pertimescunt.
1473 1643 1500 1669 Si
1513 1648 1616 1678 praetor
1627 1643 1709 1672 dedit,

914 1686 943 1707 ut
958 1686 998 1707 est
1013 1682 1158 1716 scriptum:
1180 1690 1194 1707 a
1209 1686 1349 1716 quaestore
1366 1682 1529 1707 numeravit:
1553 1685 1678 1716 quaestor
1698 1690 1711 1706 a

914 1728 1004 1745 mensa
1018 1719 1138 1754 publica:
1153 1727 1244 1745 mensa
1256 1723 1300 1745 aut
1311 1727 1344 1744 ex
1355 1718 1487 1753 vectigali,
1501 1723 1546 1745 aut
1558 1727 1589 1744 ex
1602 1718 1710 1745 tributo.

914 1757 1068 1792 Numquam
1081 1757 1129 1782 erit
1141 1757 1210 1782 istuc
1221 1756 1310 1782 simile
1325 1756 1459 1787 criminis,
1479 1756 1529 1782 uisi
1548 1756 1613 1782 mihi
1631 1761 1711 1782 totam

913 1794 1041 1820 rationem
1063 1794 1136 1821 omni
1157 1798 1183 1820 et
1199 1802 1372 1828 personarum
1388 1802 1498 1829 genere,
1523 1798 1548 1820 et
1564 1793 1710 1819 litterarum

913 1832 1066 1866 explicaris.
1109 1833 1149 1858 45.
1173 1831 1233 1863 Vol,
1251 1831 1324 1866 quod
1335 1832 1413 1857 estin
1426 1831 1518 1857 eodem
1530 1831 1635 1857 decreto
1646 1832 1712 1857 scri-

914 1874 999 1904 ptum,
1014 1869 1137 1896 homines
1148 1869 1313 1895 clarissimos
1324 1869 1450 1899 civitatis,
1459 1868 1635 1903 amplissimis
1648 1877 1711 1894 usos

914 1907 1060 1933 honoribus
1078 1907 1125 1933 hoc
1142 1912 1260 1941 praetore
1276 1907 1489 1933 circumventos:
1512 1915 1560 1932 cur
1581 1906 1608 1932 hi
1626 1914 1711 1941 neque

912 1945 939 1971 in
951 1945 1051 1971 iudicio
1063 1944 1173 1975 adsunt,
1193 1953 1280 1979 neque
1295 1945 1321 1970 in
1333 1944 1437 1970 decreto
1449 1944 1639 1971 nominantur?
1660 1953 1710 1970 uon

913 1983 984 2008 enim
1001 1982 1080 2008 credo
1095 1982 1239 2017 significari
1257 1982 1308 2008 isto
1324 1982 1380 2008 loco
1396 1981 1487 2012 illum,
1510 1982 1557 2016 qui
1574 1990 1602 2007 se
1623 1982 1708 2015 erigit,

913 2019 1088 2046 Heraclidem.
1110 2020 1203 2046 Utrum
1215 2020 1286 2046 enim
1300 2020 1326 2046 in
1338 2019 1496 2045 clarissimis
1508 2024 1547 2045 est
1558 2019 1664 2045 civibus
1678 2019 1708 2047 is,

912 2066 994 2092 quem
1019 2057 1166 2084 iudicatum
1193 2057 1236 2083 liic
1259 2057 1337 2083 duxit
1361 2056 1542 2092 Hermippus?
1568 2057 1614 2091 qui
1644 2056 1711 2082 lianc

912 2095 998 2129 ipsam
1013 2094 1184 2131 legationem,
1197 2103 1279 2129 quam
1293 2094 1384 2124 habet,
1405 2103 1455 2121 non
1468 2094 1568 2129 accepit
1579 2103 1592 2120 a
1604 2094 1661 2120 suis
1673 2095 1711 2120 ci-

913 2132 1006 2162 vibus,
1024 2133 1072 2158 sed
1088 2141 1176 2167 usquo
1188 2132 1280 2158 Tmolo
1295 2131 1408 2167 petivit?
1427 2133 1471 2158 cui
1484 2131 1576 2158 nullus
1589 2131 1671 2158 honos
1684 2132 1709 2157 in

912 2178 960 2196 sua
971 2170 1078 2196 civitate
1090 2169 1199 2196 habitus
1210 2174 1250 2195 est
1263 2178 1405 2204 umquam3
1429 2178 1470 2195 res
1482 2174 1570 2195 autem
1583 2177 1611 2194 ea
1620 2190 1626 2200 ‚
1642 2177 1710 2203 quae

913 2207 1080 2233 tenuissimis
1091 2207 1315 2237 committebatur,
1331 2207 1393 2232 huic
1405 2207 1451 2232 uni
1464 2207 1489 2232 in
1503 2207 1555 2232 vita
1567 2207 1709 2232 conuuissa

912 2244 967 2270 sola
979 2249 1028 2270 est.
1052 2244 1157 2274 Custos,
1171 2245 1201 2270 Τ.
1215 2244 1321 2270 Aufidio
1333 2248 1459 2278 praetore,
1475 2244 1501 2269 in
1515 2243 1648 2269 frumento
1660 2252 1710 2278 pu-

913 2281 982 2307 blico
993 2286 1033 2307 est
1045 2283 1158 2315 positus.
1191 2282 1240 2307 l‘ro
1254 2290 1309 2316 quo
1319 2289 1404 2316 (pium
1417 2290 1430 2306 a
1443 2281 1470 2307 Ρ.
1485 2281 1581 2307 Varino
1592 2287 1710 2315 praetore

913 2319 1053 2353 pecuniam
1066 2320 1225 2353 accepisset:
1248 2318 1418 2344 celavitsuos
1430 2319 1516 2349 cives,
1536 2318 1659 2353 ultroque
1677 2319 1710 2344 iis

912 2361 1051 2390 sumptum
1064 2356 1164 2382 intulit.
1196 2356 1273 2388 Quod
1286 2360 1458 2390 posteaquam
1471 2356 1573 2384 Temni.
1590 2355 1683 2381 litteris
1695 2364 1709 2381 a

912 2394 939 2419 l‘.
967 2394 1063 2419 Varino
1087 2394 1191 2423 missis,
1216 2394 1353 2428 cognitum
1375 2398 1454 2427 atque
1476 2392 1636 2427 patefactum
1658 2398 1706 2424 cst,

911 2439 1052 2465 ‹pmmque
1063 2431 1155 2456 eadem
1168 2430 1200 2456 ‹le
1218 2439 1244 2456 re
1256 2431 1301 2456 (In.
1316 2430 1460 2459 Lentulus,
1477 2430 1524 2465 qui
1541 2439 1635 2456 censor
1648 2430 1706 2459 l'uit.

911 2469 1093 2494 'l'etunitarum
1112 2473 1251 2502 patronus,
1276 2468 1376 2493 litteras
1392 2467 1520 2497 misisset,
1543 2467 1708 2494 Heraclidem

911 2506 993 2531 istum
1006 2506 1099 2531 'l'eumi
1112 2514 1190 2531 nemo
1202 2510 1290 2540 postca
1304 2505 1380 2531 vidit.
1423 2506 1463 2531 ts).
1487 2505 1586 2540 Atque,
1606 2511 1634 2532 ut
1649 2506 1708 2532 eius

912 2542 1105 2577 impudentiam
1118 2544 1268 2578 perspicere
1281 2543 1397 2577 possitis,
1405 2551 1528 2568 caussam
1537 2543 1630 2577 ipsam,
1639 2552 1707 2578 quae

912 2580 1042 2606 levissimi
1055 2580 1171 2607 hominis
1182 2581 1301 2606 auinuuu
1314 2581 1340 2606 iu
1349 2579 1470 2606 Flaccum
1484 2580 1611 2610 incitavit.
1624 2589 1708 2615 quae—

910 2626 948 2649 so,
961 2619 1123 2653 cognoscite.
1155 2618 1216 2643 XX.
1236 2617 1358 2644 Fuudum
1372 2618 1517 2654 Cymaeum
1530 2618 1626 2644 Romae
1638 2627 1708 2644 mer—

910 2660 985 2681 catus
997 2660 1037 2682 est
1048 2655 1080 2681 de
1093 2655 1197 2690 pupillo
1210 2655 1367 2681 Meculonio.
1389 2655 1479 2687 Quum
1492 2655 1581 2681 verbis
1593 2664 1621 2681 se
1634 2655 1707 2681 locu-

910 2692 1008 2728 pletem
1026 2692 1135 2725 laceret,
1159 2693 1267 2720 haberet
1284 2692 1350 2719 nihil
1363 2697 1465 2728 praeter
1476 2692 1549 2719 illam
1563 2693 1706 2728 impuden—
