1941 3052
479 132 529 158 DE
560 130 868 158 DIVINATIONE
900 131 980 157 LIB.

77 206 146 231 Deus
162 203 284 230 inclusus
299 210 407 237 corpore
425 202 542 230 humano
564 204 630 233 iam,
654 211 705 229 non
722 202 870 230 Cassandra

77 241 207 276 quuitur:

150 279 255 312 Iamque
266 280 334 304 mari
342 279 434 310 mayno
446 279 535 304 classis
546 280 597 304 cita

150 318 260 341 texitur:
272 317 381 341 eaeitidm
391 318 498 341 examen
509 317 593 348 rapit:

150 355 260 381 advenit,
273 357 295 379 et
305 355 361 386 sera
371 353 565 378 velivolantibus

149 391 251 416 navitae
264 392 395 423 complevit
406 391 490 415 τπαηιι1
503 391 601 416 littora.

76 427 188 454 XXXII.
212 429 253 453 68.
275 426 436 462 Tragoedias
453 426 527 461 loqui
545 426 636 453 videor
647 431 672 453 et
684 426 798 452 fabulas.
839 426 873 452 At

75 474 110 492 ex
121 470 144 491 tc
157 466 214 499 ipso
227 474 278 491 non
292 465 502 491 commentitiam
519 473 588 494 rem,
607 464 654 490 sed
672 463 781 494 factam,
798 464 872 489 eius-

75 502 136 529 dem
154 503 261 538 generis
277 502 384 528 audivi:
402 502 431 528 C.
445 501 595 536 Coponium
607 501 639 527 ad
652 506 675 527 te
689 502 794 527 venisse
805 501 873 536 Dyr-

76 540 194 571 rhachio,
203 548 288 575 quum
300 540 430 574 praetorio
443 539 555 574 imperio
565 538 659 564 elassis
666 538 784 564 Rhodiae
795 546 873 572 prae—

75 578 326 612 esset,cumprimis
339 577 474 603 hominem
487 575 645 611 prudentem
657 581 737 610 atque
748 575 870 601 doctum:

75 623 192 649 eumque
204 615 320 645 dixisse,
344 614 474 649 remigem
490 613 636 648 quemdam
652 622 665 639 e
681 612 872 648 quinqueremi

76 652 241 679 Rhodiorum
258 652 446 682 vaticinatum,
465 650 644 677 madefactum
661 651 694 677 iri
710 650 800 676 minus
812 657 873 675 xxx

75 689 174 716 diebus
194 689 333 716 Graeciam
359 689 504 724 sanguine,
532 689 639 723 rapinas
664 687 823 721 Dyrrhachii
847 691 873 712 et

75 728 295 753 conscensionem
316 728 343 752 in
364 735 447 753 naves
467 734 530 752 cum
549 725 625 761 suga,
649 724 872 760 fugientibusque

76 764 258 791 miserabilem
269 769 421 799 respectum
434 762 691 793 incendiorumfore,
700 761 748 788 sed
754 761 872 787 Rhodio-

76 811 135 828 rum
156 802 237 828 classi
258 802 441 836 propinquum
457 800 573 827 reditum
589 808 619 826 ac
633 800 745 826 domum
761 799 871 825 itionem

74 839 147 865 dari:
165 844 222 866 tum
235 847 321 873 neque
333 843 357 865 te
370 839 461 873 ipsum
472 846 525 864 non
536 846 595 864 esse
606 841 783 867 commotum,
802 836 872 862 Mar-

74 885 191 911 cumque
203 877 349 903 Varronem
360 880 386 902 et
396 876 431 902 M.
445 875 584 905 Catonem,
607 875 655 909 qui
668 879 723 901 tum
736 874 775 900 ibi
786 878 869 904 erant,

75 914 165 940 doctos
177 914 313 944 homines,
330 913 503 939 vehementer
516 920 576 938 esse
588 912 755 946 perterritos:
778 911 872 945 paucis

74 959 138 977 sane
159 955 219 985 post
238 950 335 977 diebus
356 959 390 976 ex
405 949 556 976 Pharsalica
572 949 636 985 suga
652 949 759 975 venisse
775 948 873 975 Labie-

74 997 152 1015 num:
168 989 216 1023 qui
227 996 313 1023 quum
325 987 463 1014 interitum
473 988 608 1014 exercitus
620 987 813 1017 nuntiavisset,
830 994 873 1012 re-

75 1025 148 1061 liqua
159 1026 357 1052 vaticinationis
368 1025 445 1051 brevi
460 1033 519 1051 esse
535 1024 664 1051 confecta.
705 1025 747 1050 69.
770 1024 837 1050 Nam
848 1028 873 1050 et

73 1072 108 1090 ex
132 1063 235 1089 horreis
259 1062 396 1098 direptum
422 1062 593 1097 effusumque
618 1061 784 1088 frumentum
816 1062 873 1087 vias

72 1109 166 1127 omnes
185 1101 397 1136 angiportusque
417 1104 611 1132 constraverat,
635 1103 660 1125 et
680 1107 762 1126 naves
782 1099 873 1125 subito

73 1139 207 1174 perterriti
228 1143 301 1165 metu
321 1137 531 1170 conscendistis,
555 1142 581 1163 et
596 1141 675 1163 noctu
692 1136 725 1163 ad
740 1136 872 1171 oppidum

73 1176 262 1210 respicientes,
283 1175 425 1211 flagrantes
440 1175 589 1206 onerarias,
612 1183 679 1209 quas
700 1174 874 1200 incenderant

74 1213 188 1244 milites,
204 1213 269 1248 quia
283 1214 362 1248 sequi
373 1213 527 1244 noluerant,
546 1212 695 1239 videbatis:
714 1217 873 1246 postremoa

73 1250 177 1277 Rhodia
188 1250 274 1277 classe
286 1250 394 1281 deserti,
408 1259 502 1277 verum
514 1254 603 1277 vatem
614 1250 698 1277 fuisse
710 1249 843 1276 sensistis

129 1289 171 1314 70.
193 1288 328 1323 Exposui,
350 1297 433 1323 quam
449 1288 611 1314 brevissime
627 1288 716 1323 potui,
733 1287 831 1314 somnii
848 1291 874 1313 et

74 1325 172 1352 furoris
186 1325 308 1356 oracula,
331 1334 401 1360 quae
412 1334 501 1352 carere
513 1330 568 1352 arte
579 1325 711 1351 dixeram.
752 1325 872 1358 Quorum

73 1363 214 1389 amborum
226 1371 356 1399 generum
368 1372 421 1389 una
433 1363 499 1390 ratio
509 1367 558 1393 est,
566 1371 619 1398 qua
630 1362 773 1398 Cratippus
785 1367 874 1389 noster

72 1401 113 1427 uti
128 1400 208 1434 solet3
227 1401 331 1426 animos
347 1400 489 1427 hominum
504 1400 621 1435 quadarn
638 1408 672 1426 ex
687 1405 760 1435 parte
771 1401 874 1427 extrin-

72 1446 153 1464 secus
164 1446 223 1464 esse
235 1442 330 1464 tractos
340 1442 366 1464 et
377 1438 497 1465 haustos.
529 1438 570 1464 Ex
581 1446 634 1472 quo
647 1437 816 1473 intelligitur,
830 1446 874 1464 es-

72 1483 101 1501 se
116 1479 189 1502 extra
205 1475 330 1502 divinum
345 1476 481 1506 animum,
504 1475 640 1501 humanus
656 1474 728 1501 unde
743 1475 870 1502 ducatur:

73 1512 187 1539 humani
201 1517 290 1539 autem
302 1514 386 1539 animi
398 1521 455 1539 eam
468 1517 580 1547 partem,
594 1521 663 1548 quae
675 1521 794 1544 sensum,
803 1521 872 1548 quae

73 1554 190 1581 motum,
207 1558 277 1585 quae
292 1551 442 1585 appetitum
458 1550 568 1581 habeat,
587 1559 639 1577 non
655 1558 713 1576 esse
725 1550 758 1576 ab
770 1552 873 1577 actione

73 1587 193 1622 corporis
209 1588 372 1623 seiugatam:
395 1596 464 1623 quae
481 1592 569 1614 autem
584 1596 645 1622 pars
662 1588 746 1614 animi
763 1589 872 1614 rationis

73 1630 153 1660 atque
170 1624 363 1661 intelligentiae
379 1626 415 1652 sit
430 1625 577 1660 particeps,
603 1633 661 1651 eam
679 1629 736 1651 tum
755 1627 873 1652 maxime

74 1663 179 1698 vigere,
193 1671 278 1697 quum
290 1662 439 1697 plurimum
451 1663 546 1689 absita
557 1671 676 1697 corpore.
717 1663 745 1689 7⁴
754 1684 760 1689 .
782 1664 873 1698 Itaque

73 1700 204 1734 expositis
227 1699 361 1735 exemplis
386 1708 511 1727 verarum
537 1700 758 1726 vaticinationum
780 1705 805 1727 et
830 1709 874 1727 so-

74 1737 224 1768 mniorum,
246 1737 391 1772 Cratippus
411 1737 478 1764 solet
499 1738 628 1764 rationem
645 1737 805 1764 concludere
823 1738 874 1764 hoc

72 1774 165 1801 modo:
189 1774 234 1801 »Si
250 1775 309 1801 sine
325 1774 411 1801 oculis
428 1784 478 1802 non
496 1780 582 1810 potest
597 1780 701 1802 exstare
715 1774 835 1802 officium
848 1780 874 1802 et

73 1821 173 1839 munus
184 1811 337 1845 oculorum;
356 1817 470 1848 possunt
480 1817 569 1839 autem
580 1812 726 1848 aliquando
736 1813 808 1840 oculi
821 1822 872 1840 non

74 1849 151 1885 fungi
162 1858 212 1876 suo
223 1858 348 1876 munere:
371 1851 419 1885 qui
435 1850 477 1876 vel
493 1850 576 1876 semel
594 1851 630 1876 ita
645 1855 685 1877 est
696 1859 763 1877 usus
774 1850 870 1881 oculis,

73 1891 104 1913 ut
115 1895 177 1913 vera
187 1891 319 1918 cerneret,
338 1887 361 1913 is
377 1887 457 1914 babet
467 1896 577 1914 sensum
589 1887 728 1915 oculorum
741 1897 803 1915 vera
815 1897 873 1915 cer-

74 1924 207 1950 nentium.
247 1924 311 1950 Item
324 1924 419 1959 igitur,
438 1925 461 1950 si
475 1925 534 1951 sine
545 1925 711 1951 divinatione
724 1934 775 1952 non
788 1931 874 1961 potest

74 1960 195 1988 officium
206 1965 232 1988 et
242 1969 342 1987 munus
353 1961 529 1988 divinationis
540 1967 658 1994 exstare,
682 1967 769 1997 potest
784 1968 873 1990 autem

74 1999 151 2034 quis,
173 2007 258 2033 quum
274 1998 469 2025 divinationem
486 1999 595 2030 habeat,
613 2008 700 2026 errare
716 1999 871 2035 aliquando,

75 2044 124 2063 nec
140 2044 202 2062 vera
217 2044 339 2062 cernere:
360 2037 425 2062 satis
441 2041 482 2062 est
496 2036 529 2062 ad
544 2036 755 2063 confirmandam
766 2037 874 2064 divina-

75 2074 185 2104 tionem,
198 2072 281 2100 semel
294 2073 398 2108 aliquid
410 2082 469 2100 esse
482 2074 516 2100 ita
528 2073 690 2104 divinatum.
699 2079 728 2100 ut
740 2075 807 2101 nihil
821 2075 874 2102 for-

75 2111 143 2137 tuito
162 2110 294 2137 cecidisse
315 2111 447 2137 videatur.
488 2110 557 2138 Sunt
577 2116 666 2138 autem
687 2112 746 2138 eius
766 2113 873 2147 generis

75 2147 298 2181 innumerabilia;
313 2156 372 2175 esse
384 2149 467 2184 igitur
477 2147 682 2180 divinationem,
690 2149 873 2176 confitendum

75 2190 143 2213 est.«

132 2223 257 2249 XXXIII.
273 2223 315 2249 72.
338 2222 411 2255 Quae
428 2231 491 2249 vero
506 2227 551 2250 aut
566 2224 717 2250 coniectura
734 2223 874 2259 explican-

75 2265 127 2292 tur,
140 2265 186 2287 aut
197 2261 301 2287 eventis
312 2260 500 2286 animadversa
510 2265 535 2286 et
546 2265 632 2287 notata
644 2266 720 2292 sunt.
734 2270 764 2287 ea
775 2271 873 2297 genera

75 2297 228 2329 divinandi,
242 2302 271 2324 ut
284 2306 365 2332 supra
376 2297 444 2328 dixi.
455 2306 505 2324 non
518 2298 658 2329 naturalia,
671 2298 718 2325 sed
730 2300 873 2326 artificiosa

74 2334 215 2362 dicuntur:
239 2335 266 2361 in
277 2343 331 2370 quo
343 2334 509 2369 haruspices,
525 2344 641 2371 augures
655 2336 873 2372 coniectoresque

76 2377 261 2399 numerantur.
308 2373 376 2398 Ilaec
398 2372 584 2406 improbantur
604 2382 618 2399 a
639 2373 836 2408 Peripateticis,
859 2383 872 2400 a

75 2410 173 2437 Stoicis
184 2409 376 2436 defenduntur.
410 2410 529 2442 Quorum
542 2409 593 2436 alia
605 2415 668 2436 sunt
679 2411 764 2445 posita
778 2412 803 2438 in
817 2420 873 2438 mo-

77 2448 212 2474 numentis
223 2452 249 2474 et
260 2447 419 2482 disciplina:
433 2446 505 2482 quod
518 2447 690 2474 Etruscorum
702 2447 838 2475 declarant
848 2453 874 2475 et

76 2484 243 2519 haruspicini
262 2489 288 2511 et
312 2483 459 2520 fulgurales
474 2488 500 2510 et
518 2484 673 2511 tonitruales
691 2485 766 2516 libri,
791 2486 872 2512 vestri

75 2522 155 2548 etiam
167 2521 324 2558 augurales:
342 2522 393 2548 alia
406 2526 495 2548 autem
507 2521 597 2548 subito
608 2530 641 2548 ex
653 2527 771 2557 tempore
782 2524 873 2549 conio·

75 2563 150 2586 ctura
161 2559 339 2594 explicantur,
357 2565 385 2586 ut
396 2558 468 2594 apud
480 2559 625 2585 Ilomerum
636 2559 761 2590 Calchas,
780 2561 827 2595 qui
839 2569 873 2587 ex

75 2604 216 2632 passerum
232 2605 343 2623 numero
358 2596 422 2623 belli
434 2597 540 2623 Troiani
557 2605 640 2623 annos
656 2602 803 2632 auguratus
817 2602 870 2630 est;

76 2638 102 2660 et
113 2638 142 2660 ut
154 2633 180 2660 in
192 2633 321 2661 Sisennae
333 2635 464 2669 scriptum
476 2633 587 2661 historia
599 2633 738 2665 videmus,
751 2634 833 2669 quod,
848 2639 873 2662 to

77 2671 255 2706 inspectante,
269 2670 368 2699 sactum
379 2676 432 2703 est,
446 2676 489 2703 ut,
504 2680 590 2707 quum
602 2671 647 2698 ille
660 2672 686 2698 in
698 2679 761 2708 agro
773 2671 874 2700 Nolano

1015 131 1034 157 I.
1065 131 1157 158 CAP.
1189 133 1325 158 28—35.
1656 134 1718 159 1145

922 201 1073 229 immolaret
1083 207 1143 229 ante
1157 203 1335 237 praetorium,
1351 202 1384 229 ab
1399 201 1491 228 infima
1507 210 1550 228 ara
1565 202 1656 229 subito
1671 212 1719 229 an-

923 241 985 275 guis
996 244 1156 275 emergeret;
1170 248 1256 275 quum
1265 239 1576 275 quidemC.Postumius
1583 239 1720 274 haruspex

922 281 1008 303 oraret
1020 276 1111 308 illum,
1129 281 1159 304 ut
1170 278 1197 304 in
1208 277 1408 312 expeditionem
1419 277 1568 303 exercitum
1579 276 1717 303 educeret:

924 314 951 340 id
962 323 1048 349 quum
1060 314 1134 340 Sulla
1146 314 1267 345 fecisset,
1284 319 1342 341 tum
1354 319 1412 341 ante
1423 314 1556 349 oppidum
1567 313 1662 341 Nolam
1673 313 1721 340 sso-

924 352 1076 378 rentissima
1087 351 1250 378 Samnitium
1261 357 1346 379 eastra
1357 352 1438 386 cepit.
1478 352 1520 378 73.
1542 352 1620 378 Facta
1630 352 1722 378 conie—

923 394 997 415 ctura
1009 390 1089 416 etiam
1101 390 1128 415 in
1139 389 1267 425 Dionysio
1277 394 1317 416 est
1327 389 1418 424 paullo
1429 393 1502 420 ante,
1516 397 1598 423 quam
1609 397 1721 424 regnare

923 427 1024 461 coepit:
1042 427 1091 461 qui
1102 435 1197 461 quum,
1211 435 1258 461 per
1269 435 1363 462 agrum
1376 427 1536 453 Leontinum
1548 425 1719 456 iterfaciens,

924 472 1025 498 equum
1042 465 1099 498 ipse
1115 463 1270 490 demisisset
1285 465 1312 490 in
1329 463 1442 495 flumen,
1460 463 1620 490 submersus
1634 472 1722 499 equus

925 501 1114 536 voraginibuS,
1132 510 1184 528 non
1201 502 1316 528 exstitit:
1338 510 1420 536 quem
1432 510 1517 536 quum
1529 501 1647 527 maxima
1658 509 1722 527 con-

924 539 1040 565 tentione
1052 547 1103 565 non
1115 539 1247 573 potuisset
1258 539 1407 570 extrahere,
1421 538 1555 569 discessit,
1572 543 1602 565 ut
1612 539 1648 565 ait
1658 538 1722 564 Phi-

925 576 1012 607 listas.
1026 584 1104 611 aegre
1117 575 1214 602 serens.
1248 575 1337 608 Quum
1349 581 1438 602 autem
1449 575 1648 611 aliquantulum
1661 584 1723 610 pro-

923 622 1033 648 gressus
1045 618 1123 644 esset,
1137 613 1227 640 subito
1238 613 1378 640 exaudivit
1389 614 1535 644 hinnitum,
1550 614 1722 648 respexitque

923 656 949 677 et
959 659 1060 686 equum
1073 650 1187 677 alacrem
1204 650 1289 678 laetus
1304 652 1421 685 aspexit,
1439 652 1518 677 cuius
1535 651 1562 677 in
1579 650 1642 677 iuba
1659 658 1723 676 exa-

924 697 985 714 men
1002 697 1084 723 apum
1099 688 1265 715 consederat.
1303 688 1382 720 Quod
1396 692 1531 714 ostentum
1548 687 1643 714 habuit
1654 687 1723 714 hant-

924 726 993 756 vim,
1012 731 1041 752 ut
1051 726 1195 761 Dionysius
1211 727 1305 760 paucis
1322 730 1382 760 post
1396 725 1494 751 diebus
1506 734 1616 760 regnare
1627 733 1723 759 coepe-

924 763 966 789 rit.
1008 763 1132 789 XXXIV.
1154 764 1196 789 74.
1216 762 1307 795 Quid‘?
1318 763 1546 792 Lacedaemoniis,
1560 762 1652 797 paullo
1663 767 1723 788 ante

924 800 1091 826 Leuctricam
1107 800 1300 831 calamitatem,
1326 809 1394 835 quae
1411 800 1573 835 significatio
1589 799 1655 826 facta
1672 804 1721 829 est,

924 846 1009 872 quum
1025 838 1053 864 in
1069 837 1191 864 llerculis
1207 837 1268 864 fano
1282 846 1355 863 arma
1367 842 1528 867 sonuerunt,
1547 836 1723 871 Herculisque

924 874 1100 901 simulacrum
1112 874 1196 901 multo
1207 874 1305 901 sudore
1313 873 1449 901 manavit?
1471 874 1505 900 At
1515 874 1609 900 eodem
1621 878 1725 908 tempo-

924 921 951 938 re
962 912 1072 943 Thebis,
1086 917 1116 939 ut
1126 913 1163 939 ait
1173 911 1366 942 Callisthenes,
1383 912 1410 938 in
1422 911 1522 946 templo
1532 910 1655 937 Herculis
1667 910 1725 937 val-

924 958 972 976 vae
984 949 1090 976 clausae
1102 949 1239 985 repagulis
1251 949 1341 976 subito
1356 958 1385 975 se
1400 950 1475 983 ipsae
1490 953 1665 984 aperuerunt,
1683 957 1725 974 ar-

924 996 1035 1022 maque,
1049 995 1119 1022 quae
1131 987 1183 1013 Iixa
1195 987 1222 1013 in
1233 987 1383 1022 parietibus
1396 986 1514 1017 fuerant,
1528 995 1558 1012 ea
1569 990 1633 1012 sunt
1647 986 1724 1012 humi

924 1025 1043 1051 inventa.
1077 1024 1223 1059 Quumque
1238 1024 1332 1051 eodem
1348 1029 1467 1058 tempore
1488 1023 1560 1058 apud
1578 1023 1725 1050 Lebadiam

924 1062 1077 1097 Trophonio
1093 1071 1135 1088 res
1150 1062 1244 1088 divina
1260 1062 1347 1093 fieret,
1370 1061 1456 1097 gallos
1472 1060 1635 1097 gallinaceos
1651 1062 1678 1087 in
1695 1070 1726 1088 eo

925 1099 982 1126 loco
998 1100 1037 1126 sic
1053 1099 1162 1126 assidue
1177 1108 1273 1126 canere
1288 1100 1423 1134 coepisse,
1439 1103 1469 1125 ut
1485 1098 1552 1125 nihil
1566 1099 1725 1125 intermitte-

925 1142 996 1163 rent:
1010 1142 1066 1164 tum
1078 1145 1194 1173 augures
1205 1137 1309 1163 dixisse
1320 1137 1450 1167 Boeotios,
1464 1135 1655 1162 Thebanorum
1666 1144 1725 1162 esse

925 1175 1079 1206 victoriam,
1102 1179 1242 1209 propterea
1259 1174 1331 1209 quod
1347 1175 1405 1201 avis
1421 1173 1466 1199 illa
1483 1174 1553 1200 victa
1564 1173 1644 1199 silere
1656 1173 1723 1199 sole-

925 1217 977 1242 ret,
999 1220 1109 1243 canere,
1127 1213 1150 1238 si
1167 1212 1286 1238 vicisset.
1327 1213 1370 1238 75.
1392 1211 1549 1246 Eademque
1568 1216 1725 1245 tempestate

925 1249 1018 1276 multis
1034 1250 1121 1285 signis
1133 1249 1353 1276 Lacedaemoniis
1366 1249 1520 1275 Leuctricae
1532 1256 1639 1283 pugnae
1655 1247 1725 1274 cala-

925 1288 1004 1313 mitas
1015 1287 1235 1314 denuntiabatur.
1276 1287 1399 1321 Namque
1415 1291 1441 1312 et
1452 1285 1597 1321 Lysandri,
1616 1286 1663 1320 qui
1676 1286 1727 1312 La-

924 1324 1159 1352 cedaemoniorum
1171 1324 1339 1352 clarissimus
1352 1324 1446 1355 suerat,
1459 1328 1571 1355 statuae,
1584 1331 1653 1359 quae
1665 1323 1726 1350 Del-

925 1363 988 1398 phis
999 1363 1098 1394 stabat,
1116 1365 1144 1390 in
1158 1364 1244 1398 capite
1255 1372 1351 1389 corona
1363 1362 1453 1389 subito
1464 1362 1567 1388 exstitit
1577 1370 1611 1388 ex
1622 1362 1726 1395 asperis

926 1401 1017 1427 herbis
1028 1406 1054 1427 et
1065 1401 1231 1436 agrestibus:
1249 1400 1398 1435 stellaeque
1408 1408 1518 1430 aureae,
1534 1407 1603 1434 quae
1614 1398 1726 1433 Delphis

924 1443 999 1465 erant
1014 1447 1027 1465 a
1040 1438 1258 1465 Lacedaemoniis
1271 1439 1372 1473 positae
1388 1442 1448 1472 post
1462 1436 1585 1463 navalem
1598 1435 1671 1462 illam
1684 1437 1726 1462 vi-

924 1476 1034 1502 ctoriam
1047 1475 1190 1511 Lysandri,
1203 1484 1256 1511 qua
1268 1475 1446 1502 Athenienses
1458 1474 1645 1504 conciderunt,
1663 1474 1724 1508 (qua

926 1514 952 1540 in
965 1522 1055 1549 pugna
1067 1514 1130 1548 quia
1137 1513 1229 1540 Castor
1241 1512 1367 1540 etPOIlux
1378 1521 1440 1538 cum
1453 1511 1726 1538 Lacedaemoniorum

924 1551 1010 1577 classe
1026 1551 1078 1577 visi
1094 1559 1153 1577 esse
1168 1550 1341 1581 dicebantur,
1359 1559 1451 1576 eorum
1469 1549 1585 1584 insignia
1602 1548 1723 1579 deorum,

925 1588 1018 1615 stellae
1029 1597 1134 1619 aureae,
1149 1597 1216 1623 quas
1227 1588 1295 1618 dixi,
1308 1587 1418 1622 Delphis
1430 1587 1553 1622 positae,)
1564 1585 1655 1621 paullo
1666 1591 1726 1612 aute

926 1626 1092 1652 Leuctricam
1110 1634 1229 1661 pugnam
1245 1625 1405 1651 deciderunt
1421 1633 1508 1659 neque
1521 1629 1639 1658 repertae
1651 1628 1724 1650 sunt.

925 1664 967 1689 76.
990 1664 1140 1690 Maximum
1152 1672 1214 1689 vero
1227 1662 1294 1689 illud
1308 1667 1461 1697 portentum
1474 1661 1571 1688 iisdem
1584 1661 1726 1696 Spartiatis

926 1700 990 1731 suit,
1012 1700 1099 1735 quod,
1117 1709 1202 1735 quum
1219 1700 1358 1727 oraculum
1376 1700 1409 1726 ab
1426 1700 1487 1726 Iove
1502 1699 1642 1725 Dodonaeo
1658 1700 1727 1733 peti·

926 1739 1042 1768 vissent,
1065 1738 1098 1764 de
1115 1738 1225 1764 victoria
1241 1739 1422 1767 sciscitantes.
1443 1737 1576 1773 legatique
1593 1736 1675 1766 illud,
1700 1737 1726 1762 in

925 1784 979 1810 quo
996 1776 1099 1802 inerant
1114 1781 1211 1805 sortes,
1230 1775 1448 1805 collocavissent;
1469 1776 1562 1804 simia,
1581 1782 1663 1808 quam
1680 1782 1727 1799 rex

925 1812 1102 1840 Molossorum
1116 1813 1142 1839 in
1154 1813 1261 1839 deliciis
1273 1813 1402 1842 habebat.
1421 1817 1446 1838 et
1460 1818 1545 1839 sortes
1561 1813 1634 1846 ipsas
1646 1816 1672 1838 et
1682 1820 1727 1837 ce-

925 1855 989 1879 tera,
1002 1860 1072 1885 quae
1083 1856 1158 1877 erant
1169 1850 1202 1877 ad
1214 1855 1311 1877 sortem
1324 1855 1422 1885 parata,
1437 1849 1603 1876 disturbavit
1615 1853 1641 1875 et
1652 1848 1727 1874 aliud

925 1888 977 1914 alio
988 1888 1143 1923 dissipavit.
1184 1889 1253 1914 Tum
1265 1897 1309 1918 ea,
1322 1897 1391 1923 quae
1404 1888 1555 1922 praeposita
1567 1892 1621 1913 erat
1632 1894 1728 1912 oracu-

926 1925 963 1956 lo,
981 1925 1106 1952 sacerdos
1120 1925 1224 1952 dixisse
1235 1925 1348 1956 dicitur,
1366 1925 1398 1951 de
1410 1925 1495 1951 salute
1509 1924 1727 1951 Lacedaemoniis

925 1971 994 1994 esse,
1009 1972 1060 1990 non
1072 1963 1105 1989 de
1117 1964 1227 1990 victoria
1238 1963 1423 1998 cogitandum.
1456 1962 1568 1988 XXXV.
1581 1962 1623 1987 77.
1638 1960 1728 1993 Quid-P

926 2000 996 2027 bello
1008 2001 1109 2027 Punico
1120 2000 1239 2027 secundo
1251 2009 1339 2027 nonne
1351 2001 1380 2027 C.
1397 2000 1557 2031 Flaminius,
1571 1998 1665 2026 consul
1679 2000 1728 2025 ite-

926 2047 995 2068 rum.
1005 2038 1125 2074 neglexit
1134 2039 1213 2074 signa
1226 2047 1314 2064 rerum
1327 2038 1478 2065 futurarum
1490 2046 1586 2073 magna
1598 2046 1660 2063 cum
1672 2036 1727 2062 cla-

925 2075 958 2101 de
970 2075 1154 2110 reipublicae?
1163 2076 1224 2107 Qui,
1238 2076 1358 2102 exercitu
1371 2075 1490 2106 lustrate,
1499 2083 1585 2110 quum
1592 2074 1726 2100 Arretium

926 2121 1021 2139 versus
1032 2118 1118 2139 castra
1131 2113 1260 2139 movisset
1274 2118 1300 2139 et.
1314 2118 1404 2139 contra
1417 2112 1594 2138 Ilannibalem
1608 2111 1726 2145 legiones

925 2149 1043 2180 duceret.
1057 2155 1082 2176 et
1095 2150 1151 2184 ipse
1163 2154 1189 2176 et
1199 2158 1288 2184 equus
1299 2151 1359 2176 eius
1370 2155 1429 2176 ante
1441 2151 1551 2185 signum
1564 2148 1726 2176 lox-issimu-

926 2188 962 2213 ris
974 2188 1032 2213 sine
1044 2195 1139 2213 caussa
1152 2192 1260 2221 repento
1272 2187 1403 2217 concidit,
1422 2196 1469 2213 uec
1486 2196 1544 2213 eam
1561 2195 1616 2213 rem
1633 2185 1726 2211 lmhuit

926 2224 1060 2259 religioni,
1073 2224 1178 2250 obiecto
1189 2225 1277 2259 signo,
1292 2229 1321 2250 ut
1333 2224 1427 2258 peritis
1440 2223 1595 2253 videbatur.
1610 2232 1642 2249 no
1653 2231 1726 2248 com-

926 2262 1042 2288 mitteret
1058 2261 1201 2295 praelium.
1242 2261 1314 2287 Idem
1331 2270 1417 2295 quum
1434 2261 1554 2296 tripudio
1571 2261 1726 2294 auspicare—

926 2304 982 2330 tur,
1004 2298 1138 2333 pullarius
1159 2298 1232 2325 diem
1253 2298 1348 2332 praelii
1368 2298 1554 2325 committendi
1575 2297 1724 2324 ditl'erebut.

925 2337 993 2362 'I'um
1007 2335 1157 2362 Flaminius
1167 2344 1201 2362 ex
1211 2344 1243 2362 eo
1254 2336 1403 2370 quaesivit.
1426 2336 1450 2362 si
1467 2344 1500 2362 ne
1511 2341 1601 2370 postea
1613 2334 1725 2369 quidem

925 2373 1191 2408 pullipascerentur.
1215 2372 1282 2408 quid
1300 2372 1452 2399 faciendum
1464 2378 1593 2398 censeret.
1634 2372 1725 2404 Quum

926 2411 970 2437 ille
977 2410 1173 2445 quiescendum
1187 2410 1379 2445 respondisset,
1394 2409 1557 2436 Flaminius:
1572 2408 1724 2435 uPraeclnru

926 2457 988 2474 vero
999 2448 1134 2483 auspicia.
1156 2448 1179 2474 si
1195 2447 1379 2474 esurientibus
1396 2447 1479 2482 pullis
1495 2455 1536 2473 res
1548 2447 1605 2482 geri
1618 2447 1723 2481 poterit,

925 2486 1023 2512 saturis
1040 2485 1107 2512 nihil
1121 2490 1258 2521 geretur.‹1
1298 2486 1389 2520 Itaque
1403 2485 1482 2519 signa
1497 2483 1628 2513 convelli.
1650 2489 1676 2510 et
1696 2492 1725 2510 se

925 2523 1002 2557 sequi
1014 2523 1102 2549 iussit.
1143 2522 1201 2555 Quo
1214 2528 1345 2557 tempore,
1361 2531 1447 2557 quum
1459 2521 1573 2557 signifer
1584 2522 1664 2556 primi
1678 2521 1725 2547 ha-

925 2561 985 2586 stati
997 2561 1106 2595 signum
1119 2569 1170 2586 non
1188 2565 1277 2595 posset
1293 2568 1399 2586 movere
1416 2559 1486 2589 loco,
1510 2567 1557 2585 nec
1573 2559 1723 2594 quidquam

925 2597 1110 2632 proficeretur,
1127 2597 1219 2632 plures
1230 2605 1315 2632 quum
1330 2596 1499 2628 accederent,
1519 2596 1683 2626 Flaminius,
1697 2605 1724 2622 re

926 2635 1054 2666 numiata,
1068 2643 1118 2662 suo
1128 2643 1200 2661 more
1212 2634 1340 2669 neglexit.
1376 2635 1466 2669 Itaque
1479 2633 1565 2660 tribus
1577 2634 1649 2661 horis
1660 2642 1724 2660 con-

924 2673 998 2699 cisus
1013 2673 1162 2703 exercitus.
1179 2677 1259 2707 utque
1277 2672 1333 2707 ipse
1349 2671 1503 2699 interfectus
1514 2677 1563 2698 est.
1604 2673 1646 2698 7³.
1669 2671 1725 2698 Ma-

1472 2721 1518 2745 140
