1941 3052
225 129 268 153 5⁸2
687 128 727 153 Η.
762 127 796 152 M.
831 127 860 153 T.

220 207 278 225 runi
291 199 334 224 sit.
375 197 463 230 Quint?
482 206 592 232 operum
609 197 777 232 publicorum
793 197 907 223 exactio:
925 196 1011 231 quid?

221 237 335 262 nominis
358 235 494 269 inscriptio
515 235 561 260 tilii
584 243 648 260 num
669 234 742 259 aliud
765 233 870 259 videtur
890 242 958 264 csse.
981 242 1010 259 ac

221 282 339 299 nii-orum
353 273 479 298 bonorum
491 272 622 305 direptio?
642 276 839 305 praeterquam,
856 270 927 305 quod
941 280 972 296 ne
984 270 1010 296 id

220 311 328 344 quidem
343 319 388 343 per
405 309 487 343 legem
502 309 642 338 Liciniani,
666 313 693 334 ut
711 309 767 342 ipse
784 308 831 334 tibi
847 308 1009 334 curationem

221 347 314 376 fvi-res,
339 346 422 372 facere
439 346 566 380 potuisti?
585 345 654 376 Quid
671 345 719 370 lioc
731 345 834 379 ipsum,
856 344 928 379 quod
941 354 1011 371 nunc

220 384 290 418 npud
304 384 439 417 pontifices
451 383 507 414 agis
516 403 521 412 ,
536 387 559 408 te
572 391 656 408 ineam
669 382 778 408 domum
790 391 958 408 consecrasse
967 403 972 412 ‚
987 386 1011 408 te

221 425 422 447 monumentum
440 419 546 449 secisse.
569 420 595 445 in
608 419 675 445 meis
686 419 799 445 aedibus
810 424 834 445 te
845 420 954 453 signum
965 419 1012 445 do-
1033 438 1035 452 2

219 458 335 487 dicasse,
354 466 437 491 (nique
454 461 477 482 te
493 465 524 482 ex
538 465 588 482 una
601 456 782 491 rogatiuncula
795 456 902 483 fecisse:
927 465 1010 482 unum

219 501 244 521 ct
257 495 325 520 idern
339 494 443 519 videtur
453 502 520 523 esse,
534 498 614 528 atque
626 494 662 523 id,
674 493 746 528 quod
758 493 790 520 ‹le
803 494 914 528 meipso
926 494 1012 520 nomi-

221 533 300 558 natim
314 531 416 557 tulisti?
437 531 478 557 52.
492 531 556 556 Tum
570 530 676 557 hercule
688 536 728 557 est
740 540 833 561 unum.
847 539 927 565 quam
939 530 1011 566 quod

221 569 289 595 idem
303 573 329 594 tu
344 568 401 600 leg(-
415 577 464 594 una
477 567 574 598 tulisti.
594 573 622 594 ιιι
633 568 748 604 Cyprius
760 577 818 599 rex,
836 569 914 594 cuius
930 569 1012 594 maio-

221 616 260 632 res
274 606 335 631 liuic
347 605 445 640 populo
456 606 519 631 socii
532 610 611 640 atque
622 606 698 632 amici
711 614 816 640 semper
827 605 941 635 fuerunt.
950 614 1011 632 cum

221 644 296 669 honis
307 643 432 668 omnibus
444 643 495 668 sub
511 651 638 677 praecone
654 643 843 674 subiiceretur,
863 648 889 669 et
904 642 1012 669 exsules

221 680 375 716 Byzantium
389 679 586 706 reducerentur.
626 680 733 711 Eidem,
747 681 843 715 inquit,
857 685 968 715 utraque
979 680 1012 706 de

221 727 246 744 rc
259 718 393 749 nt¹3.⁷‹›tiiiiii
405 717 476 743 dedi.
502 716 590 749 Quid?
599 717 621 743 si
633 717 719 744 eidem
732 718 866 751 negotium
879 717 1009 748 dedisses,

221 760 248 781 ut
265 756 290 781 in
304 755 364 780 Asia
380 754 561 789 cistophorum
578 754 718 789 flagitaret.
742 755 803 781 inde
819 756 867 781 iret
879 756 905 781 in
917 755 1012 789 llispa·

220 793 305 822 niam;
326 800 411 826 quum
425 792 503 818 lloma
516 791 688 822 decessisset.
705 792 872 818 consulatum
888 792 911 818 ei
925 797 1011 826 petere

220 829 323 859 licerct;
336 838 420 863 quum
434 828 518 855 factus
530 834 608 860 esset,
622 830 785 864 provinciam
793 829 896 865 Syriam
908 830 1012 856 obtine-

219 871 272 893 ret:
285 867 411 900 quoniam
423 866 455 892 de
468 875 520 892 uno
533 866 639 892 homino
650 867 794 897 scriberes,
809 875 860 893 una
873 875 914 893 res
925 866 1013 892 esset‘?

219 905 261 930 53.
273 903 348 936 Quod
360 904 382 929 si
395 904 445 929 iani
459 903 575 938 populus
587 904 721 930 Romanus
731 903 763 930 dc
775 905 823 930 ista
836 913 862 930 re
873 904 1012 930 consultus

210 945 302 971 esset,
321 945 345 966 ct
362 950 412 967 non
427 942 515 967 omnia
528 950 574 975 per
586 950 677 967 servos
690 941 857 976 latronesque
868 942 1010 977 gessisses,

219 986 306 1005 nonne
318 978 373 1004 lieri
386 983 498 1012 poterat.
513 983 541 1004 ut
553 978 652 1012 populo
662 979 695 1005 de
706 978 804 1014 Cyprio
815 987 875 1013 rege
888 978 1010 1013 placeret,
1034 982 1035 1002 1

219 1016 252 1041 de
263 1015 403 1041 exsulibus
414 1016 549 1050 Byzantiis
560 1015 731 1050 displiceret?
751 1016 824 1048 Quae
836 1021 888 1046 est,
900 1024 1009 1051 quaeso.
1034 1016 1036 1024 '

219 1053 270 1079 alia
282 1053 337 1083 vis,
354 1061 422 1087 quac
434 1053 563 1078 sententia
575 1052 703 1079 Caeciliae
721 1053 787 1089 legis
801 1058 826 1079 ct
839 1053 942 1084 Didiae,
960 1053 1012 1080 nisi

219 1090 297 1120 baec.
316 1099 348 1116 ne
364 1089 462 1124 populo
479 1098 586 1116 necesse
601 1091 636 1116 sit
650 1091 675 1117 in
687 1091 836 1117 coniunctis
849 1091 928 1117 rebus
940 1099 1013 1117 com-

219 1127 344 1161 pluribus
356 1132 400 1153 aut
412 1127 452 1157 id,
465 1127 537 1162 quod
549 1127 627 1159 nolit,
641 1129 768 1162 accipere,
777 1133 822 1154 aut
834 1127 869 1159 id.
883 1128 955 1163 quod
967 1137 1013 1155 ve-

219 1164 258 1195 lit,
271 1164 428 1199 repudiare?

274 1201 364 1234 Quid?
383 1202 405 1227 si
428 1210 474 1236 per
495 1202 549 1228 vim
571 1201 670 1228 tulisti:
694 1206 816 1228 tamenne
833 1201 875 1228 lex
890 1201 948 1228 est‘?
967 1207 1013 1229 aut

218 1239 367 1274 quidquam
384 1240 440 1265 iure
456 1243 562 1274 gestum
579 1239 663 1265 videri
681 1243 779 1274 potest,
802 1239 874 1274 quod
891 1248 937 1274 per
958 1239 1012 1266 vim

217 1281 324 1311 gestum
336 1285 394 1302 esse
405 1276 524 1303 constet‘?
543 1276 598 1307 An,
611 1277 633 1302 si
646 1277 671 1303 in
684 1277 741 1311 ipsa
756 1276 851 1303 latione
864 1281 921 1307 tua,
937 1281 1012 1311 capta
1034 1270 1043 1300 'l

219 1315 271 1340 iam
283 1313 364 1344 Urbe,
388 1313 489 1348 lapides
500 1314 575 1345 iacti,
590 1315 614 1340 si
626 1323 721 1340 manus
732 1314 825 1340 collata
838 1323 889 1340 non
901 1319 953 1340 est:
971 1314 1014 1340 id-
1034 1331 1043 1339 a

218 1352 288 1377 circo
310 1355 336 1377 tu
357 1351 390 1377 ad
406 1351 479 1377 illam
495 1350 581 1377 labem
596 1356 675 1386 atque
690 1351 806 1377 eluviem
822 1352 938 1378 civitatis
954 1352 1013 1378 sine

218 1397 324 1414 summa
337 1389 364 1414 vi
375 1388 513 1422 pervenire
525 1388 653 1423 potuisti?
682 1388 756 1415 XXI.
769 1390 810 1415 54.
823 1388 913 1421 Quum
926 1390 952 1415 in
965 1389 1013 1415 tri-

218 1425 310 1452 bunali
323 1425 430 1452 Aurelio
445 1426 632 1452 conscribebas
647 1425 734 1460 palam
751 1435 802 1452 non
815 1426 891 1453 modo
903 1426 1009 1457 liberos,

217 1463 265 1489 sed
281 1463 359 1489 etiam
375 1471 480 1493 εει-νος,
501 1471 534 1489 ex
549 1463 676 1490 omnibus
692 1463 759 1490 vicis
777 1464 933 1490 concitatos:
956 1464 1012 1490 vim

219 1504 276 1526 tum
288 1500 412 1526 videlicet
423 1509 474 1526 non
491 1500 621 1535 parabas?
640 1500 729 1533 Quum
745 1501 840 1527 edictis
856 1502 909 1527 tuis
925 1501 1013 1527 taber—

218 1546 265 1564 nas
277 1537 366 1564 claudi
380 1537 506 1564 iubebas:
525 1546 576 1564 non
593 1538 648 1564 vim
664 1539 802 1572 imperitae
817 1538 1009 1570 multitudinis,

217 1575 265 1601 sed
280 1574 420 1601 hominum
435 1575 607 1602 honestorum
619 1575 775 1602 modestiam
787 1575 1012 1610 prudentiamque

217 1611 382 1647 quaerebas?
401 1612 490 1644 Quum
505 1621 577 1639 arma
593 1613 620 1639 in
634 1613 726 1639 aedem
739 1613 853 1640 Castoris
863 1618 1013 1647 comporta-

218 1649 279 1675 bas:
298 1649 364 1675 nibil
381 1649 468 1680 aliud.
487 1650 538 1675 nisi
555 1650 593 1676 uti
609 1658 642 1676 ne
656 1650 722 1685 quid
734 1658 780 1684 per
791 1651 846 1676 vim
857 1650 898 1684 agi
911 1654 1009 1684 posset,

218 1685 422 1712 machinabare‘?
441 1686 530 1718 Quum
548 1695 609 1713 vero
623 1687 724 1722 gradus
735 1687 850 1714 Castoris
860 1687 1012 1713 convellisti

218 1731 248 1749 ac
258 1724 410 1750 removisti:
425 1728 490 1754 tum,
500 1728 529 1750 ut
539 1724 658 1751 modeste
670 1724 719 1750 tibi
730 1733 807 1759 agere
819 1724 915 1755 liceret,
925 1724 1012 1751 homi-

218 1768 265 1787 nes
281 1760 395 1787 audaces
410 1761 443 1786 ab
459 1761 518 1787 eius
534 1761 627 1795 templi
643 1761 717 1788 aditu
735 1766 815 1796 atque
835 1770 948 1788 ascensu
969 1770 1012 1788 re-

218 1797 330 1832 pulisti?
350 1797 439 1829 Quum
451 1806 509 1829 eos,
526 1799 574 1832 qui
588 1796 635 1834 [in]
647 1803 779 1825 conventu
795 1799 914 1825 virorum
929 1799 1012 1825 hono-

218 1843 279 1861 rum
290 1835 369 1861 verba
381 1834 414 1861 de
425 1835 510 1861 salute
522 1844 579 1861 mea
591 1835 719 1866 fecerant,
732 1835 826 1862 adesse
837 1837 954 1867 iussisti,
967 1844 1011 1862 eo-

218 1880 332 1906 rumque
343 1871 543 1898 advocationem
553 1873 678 1900 manibus
686 1893 692 1904 ,
710 1872 791 1904 ferro,
809 1873 945 1907 lapidibus
955 1873 1012 1899 dis-

217 1909 340 1935 cussisti:
364 1913 420 1935 tum
442 1909 559 1943 profecto
578 1910 727 1941 ostendisti.
751 1911 804 1936 vini
827 1911 875 1937 tibi
896 1911 1011 1936 maxime

217 1945 369 1980 displicere.
400 1947 441 1972 55.
454 1946 551 1973 Verum
568 1946 632 1973 haec
643 1946 742 1973 furiosa
754 1948 795 1973 vis
807 1948 897 1973 vesani
911 1948 1010 1974 tribuni

218 1983 304 2018 plebis
322 1982 397 2009 facile
412 1984 533 2018 superari
550 1983 690 2019 frangique
701 1985 788 2019 potuit
799 1986 916 2011 virorum
929 1985 1012 2012 bono-

218 2029 277 2046 rum
289 2020 331 2046 vel
343 2021 450 2051 virtute,
464 2021 504 2047 vel
518 2021 699 2048 multitudine.
733 2021 822 2054 Quid?
831 2031 916 2057 quum
929 2022 1012 2049 Gabi-

218 2057 343 2093 nioSyria
355 2057 477 2089 dabatur,
486 2058 637 2085 Macedonia
644 2059 742 2090 Pisoni,
757 2060 864 2094 utrique
875 2060 1010 2086 infinitum

217 2095 473 2131 imperium,ingens
485 2096 606 2130 pecunia,
619 2101 649 2122 ut
660 2096 707 2123 tibi
718 2097 806 2123 omnia
819 2097 1009 2131 permitterent,

217 2136 242 2159 te
253 2132 423 2163 adiuvarent,
441 2133 489 2159 tibi
501 2141 624 2164 manum.
642 2135 745 2168 copias,
763 2134 812 2160 tibi
828 2143 892 2160 suos
906 2139 1011 2169 paratos

216 2170 398 2200 centuriones,
417 2170 465 2196 tibi
477 2171 618 2205 pecunias,
631 2171 680 2197 tibi
691 2170 806 2197 familias
817 2176 1009 2206 compararent,

216 2211 242 2233 te
253 2207 310 2233 suis
321 2206 455 2234 sceleratis
466 2208 639 2234 concionibus
650 2208 829 2240 sublevarent,
843 2213 952 2236 senatus
963 2218 1011 2236 au-

215 2245 364 2270 ctoritatem
374 2244 528 2276 irriderent,
542 2245 679 2280 equitibus
691 2246 817 2272 Romanis
828 2251 938 2273 mortem
949 2255 1011 2282 pro-

216 2281 443 2317 scriptionemque
454 2283 650 2314 minitarentur,
662 2291 705 2309 me
716 2287 842 2310 terrerent
853 2284 943 2315 minis,
959 2284 1012 2310 mi-

216 2318 244 2345 hi
260 2319 367 2345 caedem
383 2323 409 2345 et
423 2319 622 2346 dimicationem
637 2320 838 2352 denuntiarent,
860 2330 948 2347 meam
963 2321 1012 2348 do-

216 2364 305 2388 mum,
327 2355 450 2382 refertam
461 2357 526 2383 viris
537 2357 614 2384 bonis
622 2377 628 2388 ,
651 2366 698 2392 per
708 2359 807 2384 amicos
818 2367 882 2385 suos
893 2358 1012 2393 comple-

217 2398 287 2424 rent,
309 2394 511 2428 proscriptionis
526 2399 599 2421 metu
614 2403 657 2421 me
667 2395 816 2430 frequentia
828 2395 960 2422 nudarent
970 2396 1012 2422 vi-

217 2438 306 2456 rorum
318 2431 457 2462 bonorum,
470 2440 513 2458 me
524 2432 657 2466 praesidio
668 2433 821 2467 spoliarent,
829 2437 952 2460 senatum
963 2441 1011 2468 pro

217 2474 260 2492 me
274 2475 324 2493 non
341 2468 420 2494 modo
434 2477 566 2504 pugnare,
588 2469 787 2504 amplissimum
806 2470 941 2501 ordinem,
961 2470 1010 2496 sed

216 2503 295 2529 etiam
308 2504 422 2538 plorare.
445 2510 471 2532 et
481 2506 646 2541 supplicare,
668 2511 768 2533 mutata
779 2512 866 2538 veste,
884 2507 1011 2542 prohibe-

216 2545 288 2566 rent:
301 2549 334 2566 ne
345 2545 401 2567 tum
411 2542 521 2576 quidem
533 2544 574 2569 vis
585 2542 658 2570 erat‘?
681 2543 767 2570 xxa.
783 2545 824 2570 56.
846 2544 917 2576 Quid
927 2545 1010 2580 igitur

217 2585 266 2612 ego
276 2577 353 2608 cessi,
362 2583 407 2604 aut
417 2580 464 2613 qui
475 2581 552 2606 timor
562 2579 631 2607 fuit?
641 2589 693 2607 non
703 2580 799 2612 dicam,
807 2581 835 2607 in
847 2589 902 2608 me:
915 2581 956 2608 fac
966 2590 1009 2608 me

217 2613 342 2640 timidum
354 2623 412 2641 esse
424 2621 530 2643 natura:
541 2617 608 2652 quid
620 2617 666 2644 illa
676 2622 714 2644 tot
724 2618 842 2644 virorum
849 2617 1009 2645 fortissimo-

217 2659 277 2678 rum
294 2651 396 2678 millia‘?
415 2653 482 2687 quid
493 2655 575 2681 nostri
587 2655 691 2690 equites
701 2654 832 2682 Romani?
849 2655 916 2690 quid
930 2664 1009 2682 sena-

895 126 1169 153 ‹zicssnoxts

1202 127 1387 154 nutrio

1062 198 1122 222 tun?
1140 197 1206 231 quid
1218 197 1334 232 denique
1345 206 1438 224 omnen
1449 197 1530 226 boni?
1549 198 1577 225 Si
1590 198 1663 226 nutta
1674 204 1728 226 erat
1740 199 1790 231 vin.
1805 208 1854 227 cur

1062 243 1103 260 nie
1115 233 1206 260 flentes
1218 235 1306 269 ponus
1318 236 1449 269 prosecuti
1464 241 1539 266 nunt.
1556 245 1637 271 quam
1653 242 1699 263 aut
1715 237 1855 272 increpan-

1062 276 1100 296 tes
1113 271 1278 298 retinuerunt
1289 277 1334 298 aut
1346 273 1403 298 irati
1415 272 1596 308 reliquerunt?
1606 274 1646 301 An
1656 274 1705 301 boc
1715 275 1852 306 timebam,

1062 309 1084 334 si
1106 317 1210 334 mecum
1232 314 1353 343 ageretur
1373 318 1444 336 more
1464 310 1639 346 institutoque
1659 311 1803 342 maiorum.
1826 316 1856 339 ut

1063 354 1167 380 possem
1181 354 1306 380 praesens
1320 346 1472 373 sustinere?
1500 348 1542 374 57.
1565 347 1658 374 Utrum
1672 349 1696 376 ni
1711 348 1769 375 dica
1784 348 1854 375 dicu

1063 387 1145 412 esset,
1169 382 1298 409 iudicium
1320 383 1386 410 mihi
1403 383 1453 410 fuit
1469 385 1729 418 pertimescendum?
1748 395 1781 412 an
1797 387 1855 413 sine

1064 419 1162 446 iudicio
1178 420 1368 455 privilegium?
1387 420 1519 447 Iudicium
1537 421 1563 448 in
1579 431 1672 448 caussa
1693 427 1744 449 tam
1766 422 1857 458 turpi?

1040 477 1042 491 Ι
1062 456 1169 483 Scilicet
1180 458 1202 483 is
1214 457 1292 483 honio
1303 466 1373 488 sum.
1386 458 1555 492 qui,etiamai
1567 467 1661 486 caussa
1672 465 1742 486 esset
1753 461 1851 496 ignota.

1040 501 1043 517 ι
1062 494 1175 520 «licendo
1185 503 1236 520 non
1249 503 1354 529 possem
1366 495 1508 530 explicam.
1542 496 1582 522 An
1593 504 1650 523 eam
1660 505 1781 523 mussan)
1795 506 1856 532 pro·

1063 531 1124 558 bare
1137 540 1187 557 non
1201 537 1330 566 poteram,
1347 533 1426 558 cuius
1438 537 1507 559 tanta
1520 533 1623 559 bonitas
1637 538 1691 564 est,
1708 538 1738 560 ut
1751 543 1781 560 ea
1798 535 1855 569 ipsa

1040 597 1042 603 Ι
1063 578 1115 595 non
1128 569 1205 594 niodo
1219 578 1246 594 se
1262 574 1426 603 praesentem
1435 590 1441 599 ,
1458 570 1595 596 sed-etiam
1608 579 1650 597 me
1661 570 1796 598 absentem
1809 580 1856 606 per

1063 615 1091 632 se
1103 606 1238 640 proluarit‘?
1257 608 1296 632 An
1308 612 1430 638 senatus,
1443 616 1475 633 an
1487 607 1603 638 ordines,
1617 616 1649 634 au
1661 608 1689 638 ii.
1701 609 1748 643 qui
1760 613 1856 635 cuncta

1063 652 1095 669 ex
1107 643 1178 669 ltalia
1191 643 1222 669 ad
1235 653 1276 669 me
1289 643 1466 670 revocandum
1477 644 1694 675 convolaverunt.
1707 646 1854 680 segniores,

1063 689 1104 706 me
1126 686 1271 715 praesente,
1294 681 1326 707 ad
1347 689 1389 708 me
1410 682 1577 708 retinendum
1597 686 1623 708 ct
1643 682 1856 709 conservandum

1064 717 1177 744 fuissent
1193 718 1218 744 in
1235 727 1264 744 ca
1279 727 1386 749 caussa,
1409 727 1490 753 quam
1503 719 1559 754 ipse
1571 719 1622 745 iam
1634 719 1764 754 parricida
1777 719 1855 746 talem

1062 754 1132 781 dicat
1143 754 1235 785 fuisse,
1249 760 1278 781 ut
1289 764 1331 781 me
1342 756 1375 782 ab
1385 756 1511 782 omnibus
1521 756 1554 782 ad
1566 765 1651 783 meam
1663 757 1802 791 pristinam
1813 757 1856 784 di-

1062 793 1189 828 gnitatem
1210 793 1357 827 expetitum
1378 797 1457 828 atque
1472 798 1623 820 revocatum
1639 793 1784 828 queratur?
1811 795 1855 821 58.

1063 831 1102 856 An
1115 830 1214 856 veroin
1226 830 1326 856 iudicio
1337 830 1449 865 periculi
1461 830 1527 857 nibil
1541 830 1604 857 fuit:
1617 830 1788 866 privilegium
1796 840 1857 867 per-

1040 874 1042 899 ξ
1064 867 1150 897 timui,
1165 876 1205 897 ne.
1220 867 1285 893 milii
1299 868 1428 902 praesenti
1440 868 1462 894 si
1475 867 1573 894 mulcta
1585 869 1759 903 irrogaretur.
1778 877 1857 896 nemo

1063 904 1254 930 intercederet?
1273 905 1336 931 Tam
1354 906 1431 939 inops
1446 910 1533 931 autem
1551 914 1599 941 ego
1614 914 1686 931 eram
1701 905 1734 932 ab
1749 906 1854 937 amicis,

1063 946 1108 968 aut
1128 946 1180 967 tam
1198 941 1268 967 nuda
1285 942 1435 976 respublica
1451 951 1464 968 a
1486 942 1705 978 magistratibus?
1723 942 1813 975 Quid?
1831 944 1856 970 si

1065 983 1169 1005 vocatae
1190 979 1276 1005 tribus
1297 985 1394 1010 essent,
1418 980 1636 1014 proscriptionem
1657 988 1709 1006 non
1724 979 1811 1006 dicam
1827 981 1857 1007 in

1065 1025 1119 1046 nic.
1137 1017 1172 1042 ita
1183 1016 1216 1042 de
1226 1025 1275 1042 sua
1286 1016 1372 1043 salute
1384 1018 1490 1048 merito.
1507 1017 1554 1043 sed
1570 1017 1678 1043 omnino
1694 1018 1721 1044 in
1738 1017 1793 1044 ullo
1803 1017 1857 1044 civi

1064 1053 1329 1088 comprobavissent‘?
1349 1054 1402 1085 An.
1415 1055 1438 1080 si
1450 1063 1499 1090 ego
1510 1063 1636 1089 praesens
1647 1053 1770 1085 fuissem,
1783 1059 1857 1081 vete-

1034 1095 1043 1123 „
1065 1099 1106 1117 res
1127 1090 1188 1117 illae
1206 1091 1297 1125 copiae
1317 1092 1514 1118 coniuratorum
1535 1092 1630 1126 tuique
1645 1091 1742 1126 perditi
1757 1091 1857 1118 milites

1034 1131 1043 1160 *i
1063 1132 1143 1163 atque
1153 1133 1261 1164 egentes
1271 1132 1297 1154 et
1308 1137 1374 1155 nova
1387 1129 1426 1155 vis
1437 1128 1702 1155 sceleratissimorum
1714 1128 1856 1156 consulum

1034 1162 1043 1198 ,l
1063 1165 1165 1199 corpori
1178 1174 1236 1192 meo
1246 1164 1444 1200 pepercissent?
1464 1166 1510 1201 qui
1525 1175 1611 1201 quum
1627 1174 1719 1192 eorum
1734 1166 1856 1193 omnium

1042 1199 1043 1235 l
1064 1202 1212 1229 crudelitati
1233 1203 1382 1237 scelerique
1401 1204 1558 1234 cessissem,
1581 1211 1613 1229 ne
1628 1202 1725 1230 absens
1745 1202 1856 1239 quidem

1034 1238 1043 1271 ,l
1066 1239 1138 1266 luctu
1151 1248 1210 1266 meo
1221 1244 1324 1266 mentes
1335 1240 1442 1267 illorum
1455 1241 1550 1266 satiare
1562 1239 1647 1275 potui.

1118 1277 1215 1303 XXfff.
1227 1278 1270 1304 59.
1291 1276 1362 1309 Quid
1377 1278 1449 1304 enim
1461 1286 1508 1304 vos
1520 1286 1586 1304 uxor
1598 1285 1654 1303 mea
1666 1277 1762 1303 misera
1773 1275 1857 1304 viola-

1034 1343 1035 1349 ,
1064 1313 1120 1340 rat‘!
1130 1323 1211 1349 quam
1224 1315 1380 1346 vexavistis,
1394 1315 1555 1349 raptavistis,
1568 1315 1640 1341 omni
1651 1313 1807 1341 crudelitate
1819 1313 1858 1341 la-

1034 1351 1043 1375 'l
1063 1352 1211 1379 ceravistis.
1243 1351 1314 1384 Quid
1327 1360 1384 1378 mea
1400 1351 1471 1378 fitia?
1485 1353 1564 1378 cuius
1575 1350 1652 1378 fletus
1662 1351 1790 1378 assiduus
1799 1360 1858 1379 sor-

1040 1382 1043 1441 i
1063 1389 1165 1424 desque
1186 1389 1315 1425 lugubres
1336 1389 1413 1416 vobis
1433 1394 1508 1416 erant
1531 1389 1678 1421 iucundae;
1708 1393 1857 1416 ceterorum

1040 1447 1043 1468 l
1063 1427 1184 1453 omnium
1201 1431 1304 1453 mentes
1319 1426 1465 1461 oculosque
1480 1426 1627 1453 flectebant.
1667 1425 1738 1459 Quid
1758 1434 1857 1461 parvus

1041 1473 1042 1502 i
1063 1463 1154 1490 filius?
1173 1472 1268 1499 quem.
1281 1463 1410 1499 quamdiu
1423 1463 1508 1495 abfui,
1522 1472 1600 1490 nemo
1611 1464 1663 1490 nisi
1674 1463 1855 1490 lacrimantem

1033 1483 1042 1515 l'
1062 1501 1267 1536 confectumque
1279 1501 1358 1534 vidit,
1371 1501 1437 1536 quid
1449 1501 1554 1532 fecerat,
1566 1501 1639 1536 quod
1649 1509 1711 1527 eum
1723 1501 1799 1528 toties
1810 1509 1858 1536 per

1062 1538 1175 1565 insidias
1190 1538 1337 1565 interficere
1353 1538 1495 1565 voluistis?
1514 1538 1585 1571 Quid
1600 1537 1679 1565 frater
1694 1537 1790 1565 meus?
1808 1538 1858 1573 qui

1063 1584 1149 1611 quum
1169 1575 1307 1611 aliquanto
1327 1581 1387 1610 post
1402 1584 1491 1602 meum
1507 1576 1657 1602 discessum
1672 1584 1706 1602 ex
1721 1575 1857 1610 prov-incia

1040 1638 1042 1650 5
1064 1613 1193 1643 venisset,
1208 1621 1295 1648 neque
1305 1613 1358 1639 sibi
1370 1613 1530 1643 vivendum.
1544 1613 1597 1639 nisi
1609 1621 1650 1639 me
1662 1613 1792 1643 restituto.
1805 1621 1858 1647 pu-

1033 1651 1042 1683 ;«
1064 1655 1142 1680 taret,
1153 1658 1239 1685 quum
1251 1651 1310 1676 eius
1320 1659 1435 1680 maeror,
1448 1650 1556 1685 squalor
1568 1649 1733 1676 incredibilis
1743 1654 1769 1676 et
1779 1650 1858 1676 inau-

1033 1689 1043 1724 ᾗ,
1062 1687 1145 1717 ditus,
1153 1687 1280 1714 omnibus
1291 1687 1448 1714 mortalibus
1459 1687 1622 1714 miserabilis
1632 1686 1776 1717 videretur,
1788 1695 1858 1722 quo-

1034 1726 1042 1755 ¹1
1064 1724 1113 1750 ties
1128 1733 1161 1751 ex
1178 1729 1265 1751 vestro
1280 1724 1349 1751 ferro
1363 1734 1392 1750 ac
1408 1725 1533 1750 manibus
1548 1729 1589 1750 est
1598 1723 1726 1759 elapsus‘.>
1745 1725 1787 1750 6⁰.
1803 1723 1857 1751 Sed

1040 1758 1043 1794 l
1063 1761 1130 1796 quid
1150 1770 1199 1797 ego
1218 1766 1332 1788 vestram
1353 1761 1537 1788 crudelitatem
1557 1770 1698 1796 expromo,
1725 1769 1807 1796 quam
1828 1761 1856 1788 in

1040 1798 1042 1826 ἰ
1062 1799 1152 1833 ipsum
1165 1807 1208 1825 nie
1218 1808 1248 1825 ac
1260 1807 1333 1825 meos
1343 1798 1520 1825 adhibuistis:
1533 1799 1581 1833 qui
1593 1798 1805 1833 parietibus,qui
1818 1802 1857 1825 te-

1040 1828 1042 1869 l
1062 1836 1125 1867 ctis,
1142 1837 1190 1871 qui
1205 1835 1338 1862 columnis
1353 1845 1382 1862 ac
1393 1836 1516 1870 postibus
1527 1836 1594 1862 meis
1606 1835 1758 1862 horrificum
1769 1835 1857 1871 quod-

1062 1873 1123 1899 dam
1135 1878 1161 1899 et
1172 1873 1317 1903 nefarium,
1335 1873 1408 1899 omni
1423 1873 1559 1900 imbutum
1574 1872 1634 1899 odio
1649 1872 1751 1899 bellum
1762 1872 1857 1900 intuli-

1040 1933 1043 1943 ,
1062 1909 1130 1936 stis?
1149 1911 1206 1937 Non
1222 1911 1293 1937 enim
1309 1915 1333 1937 te
1344 1910 1468 1941 arbitror,
1485 1919 1570 1945 quum
1582 1915 1643 1945 post
1653 1918 1743 1936 meum
1754 1909 1856 1937 disces-

1062 1956 1123 1974 sum
1138 1949 1259 1974 0mnium
1277 1947 1450 1982 locupletium
1465 1947 1598 1977 fortunas.
1614 1947 1735 1974 omnium
1747 1947 1858 1982 provin-

1062 1986 1163 2011 ciarum
1181 1985 1296 2016 fructus,
1319 1985 1510 2012 tetrarcharum
1525 1993 1555 2011 ac
1571 1993 1664 2020 regum
1679 1984 1748 2011 hona
1762 1993 1810 2019 spe
1830 1988 1858 2011 et

1041 2041 1042 2058 ,
1062 2023 1171 2049 avaritia
1182 2022 1348 2053 devorasses,
1359 2023 1461 2058 argenti
1472 2027 1499 2048 et
1508 2021 1684 2057 supellectilis
1695 2029 1768 2048 meae
1778 2021 1857 2056 cupi-

1040 2070 1042 2092 ,
1062 2059 1143 2086 ditate
1154 2068 1213 2086 esse
1223 2065 1373 2086 caecatum:
1392 2068 1443 2086 non
1455 2060 1587 2090 existimo,
1599 2059 1765 2094 Campanum
1776 2058 1856 2086 illum

1040 2095 1042 2106 ⁴
1062 2096 1200 2123 consulem
1221 2106 1282 2123 cum
1301 2097 1424 2124 saltatore
1443 2096 1558 2133 collega,
1580 2105 1666 2131 quum
1686 2095 1761 2122 alteri
1774 2100 1856 2123 totam

1040 2131 1042 2138 '
1062 2134 1202 2166 Achaiam,
1215 2134 1394 2165 Thessaliam,
1407 2135 1553 2165 Boeotiam,
1566 2133 1717 2164 Graeciam,
1734 2132 1857 2160 Macedo-

1040 2170 1042 2204 ἱ
1063 2172 1134 2198 niam
1145 2180 1306 2207 omnemque
1318 2172 1476 2202 barbariam.
1489 2171 1557 2198 bona
1567 2171 1668 2197 civium
1675 2170 1855 2197 Romanorum

1040 2206 1042 2212 '
1062 2209 1256 2235 condonasses:
1273 2209 1349 2235 alteri
1359 2209 1474 2244 Syriam,
1486 2207 1658 2244 Babylonem,
1671 2207 1774 2238 Persas,
1785 2207 1856 2234 inte-

1061 2247 1191 2282 gerrimas
1202 2247 1441 2281 pacatissimasque
1450 2250 1552 2282 gentes,
1565 2245 1599 2271 ad
1608 2243 1790 2279 diripiendum
1801 2248 1856 2271 tra-

1062 2283 1192 2310 didisses:
1215 2283 1275 2310 illos
1286 2288 1339 2310 tam
1350 2283 1463 2317 cupidos
1476 2282 1600 2309 liminum
1612 2289 1732 2308 meorum
1744 2286 1769 2307 et
1779 2280 1855 2308 colu-

1062 2329 1184 2347 mnarum
1196 2325 1222 2347 et
1232 2320 1370 2347 valvarum
1382 2320 1476 2346 fuisse.
1497 2321 1525 2346 6¹
1533 2340 1539 2346 .
1550 2320 1642 2354 Neque
1653 2327 1730 2353 porro
1740 2317 1786 2345 illa
1797 2327 1855 2345 ma-

1063 2367 1113 2384 nus
1127 2358 1274 2393 copiaeque
1288 2357 1416 2385 Catilinae
1430 2357 1574 2384 caementis
1588 2364 1619 2382 ac
1633 2355 1709 2382 testis
1725 2360 1854 2382 tectorum

1062 2403 1183 2421 meorum
1194 2404 1223 2421 se
1234 2395 1332 2422 famem
1343 2403 1420 2421 suam
1432 2393 1584 2429 expleturas
1595 2396 1766 2428 putaverunt.
1787 2391 1852 2424 Sed,

1062 2437 1091 2459 ut
1106 2432 1224 2459 hostium
1242 2432 1330 2463 urbes,
1348 2440 1396 2458 nec
1411 2431 1531 2458 omnium
1546 2430 1679 2460 hostium,
1698 2438 1793 2456 verum
1808 2437 1854 2457 eo-

1061 2478 1131 2500 rum,
1144 2470 1309 2505 quibuscum
1320 2469 1445 2495 acerbum
1455 2467 1557 2494 bellum
1568 2467 1782 2502 intestinumque
1791 2475 1854 2494 sus-

1060 2507 1182 2541 cepimus
1190 2527 1196 2538 ,
1214 2515 1266 2533 non
1278 2506 1375 2541 praeda
1385 2505 1506 2536 adducti,
1521 2503 1569 2530 sed
1578 2504 1640 2531 odio
1650 2503 1770 2531 solemus
1779 2504 1854 2531 exei-

1060 2544 1135 2575 dere,
1158 2543 1244 2579 quod,
1265 2544 1293 2570 in
1307 2551 1376 2578 quos
1391 2546 1498 2577 propter
1512 2549 1604 2568 eorum
1615 2541 1799 2568 crudelitatem
1809 2541 1853 2568 in-

1060 2580 1207 2607 flammatae
1218 2586 1320 2608 mentes
1331 2584 1434 2607 nostrae
1445 2579 1567 2610 fuerunt,
1585 2587 1648 2605 cum
1663 2578 1760 2605 borum
1771 2578 1852 2604 etiam

1060 2618 1136 2644 tectis
1149 2627 1180 2644 ac
1194 2618 1305 2645 sedibus
1321 2616 1436 2644 residere
1450 2615 1560 2652 aliquod
1574 2615 1678 2643 bellum
1692 2623 1800 2651 semper
1809 2614 1852 2642 vi·

1058 2654 1136 2682 detur
1143 2665 1149 2682 :
1156 2654 1169 2667 ‘¹
1176 2654 1188 2667 ⁸
