1941 3052
510 126 560 152 DE
591 125 796 152 OFFICIIS
828 126 905 152 LIB.
938 127 956 152 l.

62 202 107 224 aut
124 197 231 224 fratrem
247 201 293 223 aut
308 195 481 229 familiarem3
505 201 544 229 at,
564 198 587 223 si
604 196 636 223 lis
653 198 679 223 in
696 196 796 223 iudicio
812 197 855 227 sit,

61 235 246 270 propinquum
258 234 348 269 potius
360 239 385 260 et
395 235 525 265 amicum,
540 243 620 270 quam
633 235 753 261 vicinum
764 234 859 260 defen-

61 272 143 298 deris.

61 310 136 336 omni
146 308 244 339 officio,
253 314 278 335 et
288 309 455 336 consuetudo
466 310 674 344 exercitatioque
681 309 820 344 capienda,
829 314 859 335 ut

61 347 126 373 boni
142 347 341 373 ratiocinatores
355 346 507 373 officiorum
522 355 581 373 esse
597 347 747 381 possimus,
771 351 796 373 et
811 346 859 372 ad-

61 384 150 410 dendo
161 384 373 419 deducendoque
386 384 486 415 videre,
495 393 564 419 quae
576 384 787 419 reliquisumma
798 384 855 410 fiat:

62 430 96 448 ex
107 430 169 456 quo,
183 426 314 456 quantum
326 422 425 456 cuique
436 421 574 452 debeatur,
584 421 728 456 intelligas.
752 423 792 447 60.
806 421 858 447 Sed

62 464 92 485 ut
104 467 152 485 nec
163 459 271 489 medici,
285 467 333 485 nec
345 459 527 493 imperatores,
542 467 590 485 nec
600 463 724 490 oratores,
733 459 858 493 quamvis

61 497 126 523 artis
141 501 280 531 praecepta
296 497 477 531 perceperint,
499 496 650 531 quidquam
667 505 763 532 magna
781 495 858 522 laude

61 533 176 569 dignum
192 534 250 560 sine
266 542 317 559 usu
334 538 360 560 et
374 534 564 560 exercitatione
585 534 713 568 consequi
734 537 856 568 possunt,

61 571 101 597 sic
116 570 199 598 officii
219 571 396 598 conservandi
417 576 557 606 praecepta
579 571 720 598 traduntur
735 570 781 596 illa
796 571 860 605 qui-

61 608 132 639 dem,
142 608 292 635 utfacimus
304 608 370 643 ipsi3
384 608 431 634 sed
443 609 482 634 rei
494 608 652 644 magnitudo
663 616 859 643 usumquoque

61 646 335 680 exercitationemque
360 645 505 672 desiderat.
545 646 632 681 Atque
657 645 691 672 ab
712 646 745 671 iis
766 645 857 675 rebus,

60 691 130 718 quae
141 688 205 710 sunt
216 684 243 709 in
254 684 312 709 iure
323 684 458 709 societatis
469 683 616 714 humanae,
630 682 860 718 quemadmodum

61 720 176 747 ducatur
191 721 348 752 honestum,
366 729 400 747 ex
413 729 468 756 quo
479 725 571 756 aptum
587 725 627 747 est
642 720 776 750 officium,
795 720 860 746 satis

62 757 116 784 fere
127 757 259 785 diximus.

117 797 159 822 6⁴.
179 795 387 831 Intelligendum
399 799 439 821 est
450 799 549 826 autem,
562 803 647 830 quum
659 795 794 829 proposita
806 794 861 819 sint

61 841 159 868 genera
170 837 309 868 quattuor,
327 841 341 859 e
357 832 458 867 quibus
475 832 600 859 honestas
615 832 791 866 officiumque
803 839 861 856 ma-

62 875 149 902 naret,
171 870 426 905 splendidissimum
448 869 547 901 videri,
571 869 644 904 quod
664 872 750 895 animo
769 877 861 902 magno

61 910 177 941 elatoque
193 910 318 933 humanas
333 916 374 933 res
394 909 546 940 despiciente
567 906 666 933 factum
684 907 728 932 sit.
769 906 860 940 Itaque

62 946 89 971 in
104 945 210 980 probris
226 945 344 971 maxime
359 945 387 971 in
403 949 529 979 promptu
545 948 598 976 est,
621 945 645 970 si
660 943 728 979 quid
744 943 795 970 tale
806 943 860 969 dici

62 987 162 1017 potest:

102 1021 150 1046 Vos
161 1022 260 1050 etenim,
272 1022 383 1051 iuvenes,
394 1021 508 1046 animum
519 1021 609 1053 geritis
617 1020 772 1048 muliebrem,

99 1059 146 1084 illa
157 1060 247 1090 vii-(190
257 1059 322 1084 viri.-

62 1100 87 1121 et
97 1095 121 1121 si
133 1094 199 1130 quid
212 1094 360 1121 eiusmodi:

98 1132 222 1162 Salmztci,
235 1134 269 1158 da
279 1133 370 1165 spolia,
382 1133 437 1158 sine
447 1133 540 1157 sudore
550 1136 573 1157 et
583 1133 717 1164 sanquine.

60 1169 212 1204 Contraque
223 1169 250 1195 in
263 1168 400 1200 laudibus,
413 1177 482 1203 quae
493 1177 590 1204 magno
601 1169 690 1195 animo
702 1167 804 1194 fortiter
814 1175 862 1193 ex-

61 1207 243 1242 cellenterque
253 1211 328 1242 gesta
340 1211 412 1237 sunt,
420 1215 450 1232 ea
465 1207 556 1232 nescio
567 1206 702 1241 quomodo
713 1206 791 1240 quasi
803 1204 862 1240 ple-

61 1245 135 1271 niore
149 1253 194 1271 ore
207 1244 359 1271 laudamus.
401 1244 468 1270 Hinc
480 1244 616 1270 rhetorum
632 1252 745 1278 campus
761 1242 794 1269 de
806 1243 862 1268 Ma-

60 1282 185 1313 rathone,
198 1281 347 1313 Salamine,
360 1281 489 1312 Plataeis,
504 1280 707 1317 Thermopylis,
724 1281 858 1311 Leuctris;

60 1320 125 1346 hinc
136 1323 226 1346 noster
235 1318 341 1352 Coeles;
360 1319 424 1345 hinc
435 1319 524 1350 Decii,
541 1318 604 1344 hinc
615 1318 665 1345 Cn.
677 1323 703 1345 et
715 1319 742 1344 P.
756 1318 862 1352 Scipio-
873 1349 878 1353 ¹

61 1366 118 1388 nes,
132 1356 196 1383 hinc
207 1357 242 1383 M.
256 1356 408 1387 Marcellus,
425 1355 639 1383 innumerabiles
650 1355 711 1382 alii:
729 1356 862 1382 maxime-

60 1403 113 1430 que
129 1395 187 1429 ipse
198 1394 317 1429 populus
328 1394 465 1420 Romanus
477 1394 561 1420 animi
573 1393 760 1429 magnitudine
773 1392 862 1419 excel-

61 1432 101 1459 lit.
142 1431 295 1458 Declaratur
306 1436 395 1458 autem
407 1431 528 1458 studium
542 1430 655 1457 bellicae
665 1431 775 1466 gloriae,
789 1430 862 1466 quod

59 1474 160 1497 statuas
172 1477 280 1504 quoque
292 1469 419 1495 videmus
429 1473 524 1495 ornatu
539 1468 594 1495 fere
605 1468 726 1495 militari.

115 1506 190 1533 XIX.
204 1508 246 1533 62.
263 1506 315 1533 Sed
327 1515 356 1533 ea
368 1506 452 1532 animi
463 1506 552 1537 elatio,
566 1514 635 1541 quae
646 1506 764 1532 cernitur
775 1506 802 1532 in
815 1514 862 1540 pe-

60 1543 155 1570 riculis
166 1548 192 1571 et
204 1543 357 1575 laboribus,
374 1544 398 1570 si
410 1544 512 1570 iustitia
528 1548 618 1575 vacat,
636 1548 793 1579 pugnatque
810 1552 861 1569 non

59 1590 108 1616 pro
119 1581 204 1608 salute
216 1582 368 1612 communi,
387 1581 435 1608 sed
447 1589 495 1616 pro
506 1582 564 1608 suis
574 1581 738 1612 commodis,
756 1581 783 1607 in
796 1581 862 1607 vitio

60 1623 109 1646 est.
150 1619 209 1645 Non
221 1619 300 1646 modo
315 1619 388 1645 enim
404 1618 432 1645 id
444 1619 552 1645 virtutis
569 1627 620 1645 non
636 1623 689 1649 est,
708 1618 755 1644 sed
771 1619 861 1653 potius

60 1656 250 1687 immanitatis,
268 1665 375 1683 omnem
391 1653 586 1683 humanitatem
603 1656 769 1691 repellentis.
811 1656 862 1682 lta-

59 1702 112 1729 que
124 1693 207 1729 probe
218 1693 346 1720 definitur
357 1703 370 1720 a
382 1693 480 1720 Stoicis
491 1696 623 1728 fortitude,
639 1702 725 1729 quum
736 1702 796 1720 eam
807 1696 862 1719 vir-

60 1736 136 1758 tutem
152 1739 211 1758 esse
226 1731 321 1758 dicunt
335 1736 538 1765 propugnantem
551 1740 599 1764 pro
609 1734 748 1765 aequitate.
788 1730 862 1763 Quo-

59 1769 129 1795 circa
142 1777 229 1800 nemo,
238 1769 286 1804 qui
298 1768 464 1795 fortitudinis
474 1768 588 1804 gloriam
600 1773 762 1796 consecutus
773 1769 862 1794 estin-

59 1805 139 1833 sidiis
151 1810 176 1833 et
187 1805 299 1837 malitia,
313 1806 419 1832 laudem
432 1811 473 1832 est
483 1806 608 1841 adeptus.
642 1806 716 1833 Nihil
729 1806 801 1832 enim
813 1806 862 1832 ho-

60 1848 167 1870 nestum
179 1852 239 1870 esse
250 1848 345 1878 potest,
359 1843 433 1879 quod
444 1844 547 1870 iustitia
559 1848 645 1870 vacat.
676 1845 717 1870 63.
740 1843 861 1870 Praecla—

60 1889 120 1907 rum
132 1881 216 1916 igitur
227 1880 295 1907 illud
308 1880 440 1908 Platonis:
457 1882 516 1908 Non
525 1883 615 1912 solum,
632 1882 730 1916 inquit,
744 1884 861 1912 scientia,

60 1927 126 1953 quae
136 1923 172 1944 est
182 1923 279 1944 remota
289 1920 322 1944 ab
337 1920 449 1949 iustitia,
467 1920 600 1945 calliditas
610 1921 709 1952 potius,
726 1927 803 1952 quom
817 1927 862 1945 sa-

55 1958 156 1989 pientia
170 1960 206 1982 est
221 1956 391 1989 appellanda:
411 1958 586 1982 verumetiam
596 1958 698 1982 animus
707 1961 817 1989 paratus
828 1958 862 1982 ad

55 1994 214 2027 periculum,
231 1995 255 2018 si
265 2001 313 2019 sua
323 1994 475 2026 cupiditate,
491 2001 542 2019 non
553 1994 665 2020 utilitate
676 1996 803 2020 communi
813 1995 862 2019 im-

55 2032 177 2064 pellitur,
190 2032 317 2057 audaciae
325 2032 411 2063 polius
422 2038 512 2056 nomen
522 2031 625 2060 habeat,
642 2039 719 2064 quam
729 2032 862 2064 fortitudi-

58 2070 108 2095 nis.
147 2068 239 2102 ltaque
251 2068 324 2094 viros
339 2067 418 2094 fortes
430 2071 456 2094 et
470 2068 657 2103 magnanimos
688 2067 796 2093 eosdem
814 2067 862 2093 bo—

60 2113 109 2132 nos
120 2109 146 2132 et
156 2104 306 2140 simplices,
319 2105 440 2131 veritatis
452 2105 561 2135 amicos,
571 2105 739 2139 minimeque
754 2103 862 2130 fallaces

59 2150 119 2169 esse
137 2141 278 2168 volumus:
301 2151 371 2177 quae
388 2146 452 2168 sunt
466 2150 500 2168 ex
520 2142 608 2168 media
631 2141 709 2168 laude
731 2142 859 2168 iustitiae.

59 2181 102 2206 64.
116 2178 169 2206 Sed
180 2178 249 2206 illud
261 2179 386 2206 odiosum
398 2184 448 2210 est,
457 2179 529 2214 quod
542 2180 570 2206 in
582 2179 631 2206 hac
642 2179 756 2206 elatione
768 2184 793 2206 et
805 2188 862 2205 ma-

59 2216 203 2253 gnitudine
219 2217 302 2243 animi
319 2216 447 2243 facillime
462 2217 608 2252 pertinacia
620 2221 645 2243 et
660 2217 742 2243 nimia
752 2216 862 2251 cupidi-

59 2259 99 2281 tas
114 2254 283 2289 principatus
300 2255 459 2281 innascitur.
499 2254 532 2281 Ut
547 2255 619 2280 enim
636 2254 708 2289 apud
725 2253 861 2280 Platonem

59 2296 109 2323 est,
127 2300 223 2318 omnem
236 2300 331 2318 morem
343 2292 601 2318 Lacedaemoniorum
613 2294 798 2324 inflammatum
809 2300 862 2317 esse

60 2331 200 2362 cupiditate
209 2331 342 2355 vincendi.-
354 2329 403 2361 sic,
412 2333 442 2355 ut
451 2329 569 2364 quisque
581 2329 664 2355 animi
673 2329 861 2365 magnitudine

60 2367 178 2393 maxime
193 2366 315 2397 excellit,
333 2366 368 2393 ita
385 2366 503 2393 maxime
515 2365 574 2392 vult
589 2367 716 2401 princeps
726 2367 858 2396 omnium.

59 2403 102 2430 vel
114 2404 204 2439 potius
215 2403 290 2430 solus
301 2412 370 2430 esse.
397 2403 511 2430 Difficile
523 2408 562 2430 est
573 2408 672 2433 autem,
685 2412 770 2439 quum
782 2412 861 2438 prae-

59 2445 129 2468 stare
139 2441 268 2468 omnibus
279 2441 464 2476 concupieris,
477 2449 585 2467 servare
596 2442 772 2476 aequitatem,
791 2449 860 2475 quae

59 2482 101 2504 est
114 2478 232 2505 iustitiae
248 2479 366 2505 maxime
383 2479 500 2513 propria.
542 2478 583 2504 Ex
598 2487 652 2513 quo
668 2478 709 2509 lit,
728 2483 757 2504 ut
772 2486 860 2513 nequo

59 2514 252 2550 disceptatione
265 2516 338 2543 vinci
349 2524 387 2547 se,
396 2524 445 2542 nec
456 2514 512 2542 ullo
523 2515 633 2550 publico
644 2524 674 2541 ac
686 2515 806 2578 legitimo
818 2515 860 2541 iu-

59 2560 87 2579 re
105 2553 255 2587 patiantur:
278 2554 467 2588 exsistuntque
488 2553 515 2579 in
537 2552 676 2587 republica
698 2561 715 2587 p
728 2560 860 2587 erumqua

60 2589 199 2626 largitores
214 2595 240 2618 et
255 2589 373 2622 factiosi,
394 2595 424 2617 ut
438 2598 503 2625 opes
519 2598 600 2625 quam
617 2590 750 2617 maximas
765 2597 861 2616 conso-

59 2631 190 2662 quantur,
213 2632 239 2655 et
253 2628 308 2655 sint
319 2629 347 2655 vi
362 2628 452 2663 potius
467 2628 635 2662 superiores,
658 2636 740 2663 quam
758 2627 859 2653 iustitia

59 2672 148 2701 pares.
187 2664 240 2692 Sed
250 2673 305 2701 quo
315 2664 466 2697 difficilius,
481 2665 530 2692 hoc
541 2664 716 2700 praeclarius.
748 2663 859 2691 Nullum

184 272 253 298 Haec
269 272 352 307 igitur
366 276 391 298 et
407 271 468 298 talia
484 272 725 307 circumspicienda
747 277 810 298 sunt
831 272 856 297 in
878 279 880 283 ’

989 126 1080 153 ΕΑΡ,
1116 129 1144 153 16
1165 143 1200 146 -
1222 129 1261 153 21.
1642 130 1704 155 12Ξ9

909 202 949 223 est
964 198 1036 223 enim
1051 202 1172 232 tempuS,
1197 198 1269 233 quod
1288 199 1389 225 iustitia
1406 207 1499 225 vacare
1516 198 1621 225 debeat.
1662 201 1703 225 65,

909 235 999 261 Fortes
1011 236 1094 270 igitur
1105 240 1130 261 et
1142 236 1306 270 magnanimi
1318 241 1380 262 sunt
1392 236 1518 267 habendi,
1532 245 1593 265 non,
1607 236 1655 270 qui
1667 235 1706 262 sa—

909 273 997 303 ciunt,
1013 272 1060 298 sed
1078 273 1126 307 qui
1142 273 1299 307 propulsant
1316 274 1453 299 iniuriam.
1495 274 1560 299 Vera
1577 278 1666 299 autem
1681 280 1705 299 et

909 310 1018 343 sapiens
1032 310 1115 335 animi
1132 310 1289 345 magnitudo
1304 310 1444 337 honestum
1462 310 1544 341 illud,
1561 310 1633 345 quod
1649 319 1706 336 ma-

910 347 982 372 xime
993 351 1085 373 natura
1097 348 1227 381 sequitur,
1242 348 1268 373 in
1282 347 1358 374 factis
1370 350 1501 382 positum,
1518 357 1570 374 non
1583 349 1609 374 in
1621 348 1705 382 gloria

910 384 1024 415 iudicat,
1044 385 1249 419 principemque
1260 394 1288 410 se
1300 393 1358 411 esse
1375 385 1491 415 mavult,
1509 394 1590 419 quain
1609 385 1704 411 videri.

910 421 1015 447 Etenim
1030 422 1077 455 qui
1094 430 1127 447 ex
1142 430 1229 448 errore
1245 423 1384 456 imperitae
1402 422 1585 449 multitudinis
1596 423 1704 456 pendet,

910 458 954 484 hic
967 459 993 484 in
1006 459 1110 493 magnis
1124 460 1189 485 viris
1202 468 1252 485 non
1265 464 1305 485 est
1318 460 1467 486 habendus.
1509 459 1646 485 Facillime
1658 468 1707 486 au-

911 501 963 522 tem
978 495 1011 521 ad
1027 504 1068 521 res
1085 496 1198 522 iniustas
1215 496 1375 530 impellitur,
1400 503 1428 523 ut
1444 499 1560 531 quisque
1575 497 1706 523 altissimo

910 534 1000 559 animo
1011 538 1063 563 est,
1080 532 1179 568 gloriae
1193 534 1348 568 cupiditate.
1389 534 1441 566 Qui
1454 535 1526 560 loc-us
1537 539 1576 560 est
1589 543 1651 560 sane
1665 534 1706 560 lu—

911 570 1016 600 bricus,
1038 570 1109 604 quod
1121 571 1167 596 vix
1179 571 1329 601 invenitur,
1345 573 1406 606 qui,
1425 571 1561 597 laboribus
1573 572 1706 606 susceptis

910 606 1093 642 periculisque
1105 608 1193 638 aditis,
1203 617 1255 634 non
1265 609 1344 643 quasi
1356 609 1506 635 mercedem
1518 618 1606 635 rerum
1617 614 1706 644 gesta-

912 654 971 671 rum
983 644 1117 671 desideret
1128 645 1250 680 gloriam.

967 682 1028 708 XX.
1049 684 1090 708 66.
1106 682 1221 709 Omnino
1234 682 1307 709 fortis
1318 684 1425 709 animus
1437 688 1462 709 et
1474 692 1587 718 magnus
1599 683 1705 709 duabus

911 720 992 746 rebus
1005 720 1121 745 maxime
1131 721 1262 751 cernitur,
1285 729 1400 755 quarum
1413 729 1465 746 una
1478 722 1505 746 in
1517 729 1606 746 rerum
1619 726 1707 746 exter-

912 766 1005 783 narum
1018 756 1193 791 despicientia
1205 759 1321 792 ponitur,
1338 766 1422 792 quum
1435 766 1593 792 persuasum
1608 759 1650 787 sit,
1665 759 1707 784 ni-

912 794 949 820 hil
970 794 1120 824 hominem,
1143 795 1195 820 nisi
1213 795 1286 829 quod
1302 795 1443 821 honestum
1459 795 1640 830 decorumque
1661 796 1704 824 sit,

911 836 957 858 aut
967 831 1093 857 admirari
1105 836 1150 858 aut
1164 837 1254 866 optare
1270 837 1315 858 aut
1330 837 1454 866 expetere
1470 837 1605 866 oportere,
1625 832 1707 858 nulli-

911 877 964 904 que
974 877 1062 903 neque
1073 869 1176 895 homini
1193 878 1280 904 neque
1292 870 1486 904 perturbationi
1498 870 1581 895 animi
1595 878 1642 895 nec
1655 869 1706 894 for-

912 911 991 933 tunae
1006 906 1192 932 succumbere.
1233 906 1321 933 Altera
1336 911 1376 933 est
1390 915 1444 937 reS,
1461 911 1503 937 ut,
1521 915 1605 941 quum
1624 908 1657 932 ita
1670 907 1707 931 sis

911 944 1021 970 affectus
1033 944 1135 974 animo,
1154 949 1183 970 ut
1198 953 1278 978 supra
1294 944 1365 974 dixi,
1385 953 1426 970 res
1437 952 1514 979 geras
1526 953 1635 979 magnas
1648 944 1708 969 illas

912 981 1022 1016 quidem
1038 985 1064 1007 et
1079 982 1196 1007 maxime
1211 981 1304 1012 utiles,
1328 981 1376 1007 sed
1388 987 1417 1008 ut
1428 982 1600 1008 veliementer
1611 981 1708 1007 arduas

912 1018 1060 1054 plenasque
1076 1018 1197 1045 laborum
1214 1023 1240 1045 et
1254 1018 1449 1053 periculorum,
1471 1024 1527 1045 tum
1545 1020 1627 1048 vitae,
1651 1024 1707 1045 tum

913 1055 1059 1082 multarum
1070 1064 1170 1087 rerum,
1187 1065 1255 1090 quae
1270 1056 1302 1082 ad
1316 1057 1397 1082 vitam
1409 1057 1551 1090 pertinent.
1593 1057 1634 1082 67.
1658 1056 1709 1081 iia-

913 1103 971 1120 rum
984 1102 1074 1120 rerum
1086 1093 1201 1120 duarum
1213 1093 1340 1128 splendor
1350 1094 1439 1120 omnis
1450 1099 1475 1120 et
1486 1093 1648 1128 amplitudo.
1662 1093 1709 1119 ad-

912 1132 946 1157 do
958 1132 1037 1157 etiam
1050 1130 1202 1161 utilitatem,
1218 1132 1244 1157 in
1255 1133 1401 1166 posteriore
1411 1136 1464 1157 est:
1478 1140 1572 1157 caussa
1585 1136 1672 1157 autem
1685 1135 1710 1156 et

913 1169 979 1195 ratio
994 1168 1115 1194 efficiens
1131 1177 1242 1204 magnos
1259 1169 1330 1195 viros
1346 1174 1386 1195 est
1402 1169 1429 1194 in
1446 1169 1543 1203 priore.
1585 1169 1611 1194 ln
1629 1176 1659 1193 eo
1671 1173 1710 1193 est

913 1207 985 1232 enim
999 1205 1081 1236 illud,
1105 1206 1176 1241 quod
1191 1205 1352 1232 excellentes
1366 1206 1470 1232 animos
1482 1211 1507 1232 et
1519 1206 1634 1232 humana
1647 1214 1711 1231 con-

913 1247 1061 1270 temnentes
1074 1243 1145 1270 facit.
1181 1243 1208 1269 1d
1220 1248 1309 1270 autem
1322 1244 1411 1278 ipsum
1424 1244 1542 1269 cernitur
1553 1244 1578 1269 in
1591 1242 1707 1272 duobus,

913 1282 936 1307 si
947 1286 973 1308 et
983 1280 1071 1307 solum
1084 1281 1120 1309 id.
1137 1280 1208 1316 quod
1222 1281 1364 1307 honestum
1376 1281 1424 1311 sit,
1441 1280 1541 1307 bonum
1554 1280 1671 1306 iudices.
1685 1285 1710 1305 et

913 1319 946 1345 ab
962 1319 1035 1345 omni
1052 1319 1135 1344 animi
1151 1318 1350 1353 perturbatione
1372 1318 1440 1344 liber
1458 1319 1504 1344 sis.
1545 1318 1611 1343 Nam
1627 1323 1652 1343 et
1668 1326 1707 1347 ea,

912 1365 982 1391 quae
998 1356 1097 1382 eximia
1113 1355 1250 1391 plerisque
1266 1361 1291 1382 et
1311 1355 1445 1390 praeclara
1466 1354 1604 1383 videntur,
1628 1363 1709 1389 parva

913 1394 1020 1423 ducere,
1029 1401 1114 1428 caque
1121 1394 1221 1420 ratione
1233 1393 1323 1419 stabili
1332 1394 1461 1428 firmaque
1468 1398 1647 1421 contemnere,
1657 1391 1710 1418 for-

914 1433 947 1458 tis
959 1431 1042 1457 animi
1055 1431 1201 1466 magnique
1213 1430 1367 1457 ducendum
1378 1435 1430 1456 est:
1444 1435 1469 1456 et
1481 1438 1519 1456 ea.
1533 1438 1602 1464 quae
1615 1429 1711 1455 viden-

914 1474 956 1495 tur
967 1468 1076 1499 acerba,
1099 1477 1167 1503 quae
1183 1468 1265 1494 multa
1277 1473 1302 1494 et
1314 1469 1387 1494 varia
1399 1468 1425 1494 in
1438 1467 1578 1494 hominum
1592 1468 1644 1493 vita
1658 1466 1710 1492 for-

914 1511 1032 1541 tunaque
1044 1510 1198 1536 versantur,
1217 1506 1251 1532 ita
1269 1505 1350 1535 ferre,
1375 1510 1403 1532 ut
1415 1504 1482 1531 nibil
1495 1514 1508 1530 a
1521 1509 1589 1530 statu
1601 1509 1710 1530 naturae

913 1543 1046 1574 discedas,
1061 1543 1129 1569 nihil
1142 1552 1155 1569 a
1166 1543 1296 1579 dignitate
1308 1543 1447 1577 sapientis,
1462 1542 1563 1568 robusti
1576 1542 1658 1567 animi
1671 1546 1711 1567 est

914 1589 1081 1617 magnaeque
1092 1581 1266 1607 constantiae.
1307 1582 1348 1606 68.
1371 1581 1427 1606 Non
1443 1584 1483 1605 est
1496 1584 1584 1605 autem
1597 1587 1710 1605 consen-

914 1624 1036 1649 taneum,
1054 1619 1102 1653 qui
1114 1623 1186 1645 metu
1200 1627 1250 1644 non
1264 1617 1413 1653 frangatur,
1431 1625 1492 1643 eum
1506 1616 1591 1651 frangi
1603 1616 1710 1650 eupidi-

914 1661 978 1683 tate:
997 1664 1058 1687 nec,
1076 1657 1124 1691 qui
1137 1656 1268 1682 invictum
1280 1663 1309 1681 se
1320 1664 1334 1681 a
1346 1655 1434 1681 labore
1446 1655 1620 1689 praestiterit,
1638 1654 1711 1679 vinci

914 1703 926 1720 a
943 1693 1088 1728 voluptate.
1129 1693 1308 1725 Quamobrem
1321 1698 1346 1718 et
1359 1692 1423 1718 haec
1438 1691 1568 1721 videnda,
1587 1696 1611 1717 et
1628 1699 1712 1725 pecu—

914 1732 973 1758 niae
986 1730 1114 1766 fugienda
1126 1730 1271 1765 cupiditas.
1312 1729 1385 1756 Nihil
1402 1730 1474 1755 enini
1487 1734 1526 1755 est
1538 1734 1590 1755 tam
1603 1729 1710 1764 angusti

913 1769 996 1795 animi
1009 1773 1116 1803 tamque
1128 1769 1303 1803 parvi,quam
1315 1776 1403 1793 amare
1413 1767 1536 1793 divitias:
1552 1765 1619 1792 nihil
1629 1766 1711 1791 hone-

913 1807 982 1833 stius
994 1806 1275 1841 magnificentiusque,
1284 1813 1365 1840 quam
1381 1805 1523 1839 pecuniam
1530 1809 1708 1831 contemnere,

913 1844 936 1870 si
948 1852 1000 1870 non
1011 1843 1124 1875 habeas,
1138 1843 1161 1869 si
1175 1842 1325 1873 habeas,ad
1338 1842 1551 1868 beneficientiam
1566 1840 1711 1866 liberalita-

913 1887 1021 1916 temque
1035 1880 1165 1907 conferre.
1206 1880 1330 1907 Cavenda
1346 1884 1387 1906 est
1401 1880 1480 1906 etiam
1492 1878 1592 1913 gloriae
1603 1878 1712 1912 eupidi-

913 1924 961 1950 tas‚
970 1923 1000 1945 ut
1010 1926 1091 1953 supra
1103 1918 1174 1944 dixi:
1189 1918 1269 1952 eripit
1279 1918 1351 1944 enim
1365 1917 1523 1946 libertatem,
1533 1924 1580 1950 pro
1590 1924 1642 1950 qua
1656 1923 1711 1940 ma-

912 1956 1050 1992 gnanimis
1062 1956 1129 1982 viris
1139 1955 1228 1982 omnis
1239 1954 1319 1981 debet
1329 1963 1388 1981 esse
1399 1955 1542 1981 contentio.
1585 1953 1637 1979 Nec
1650 1961 1712 1978 vero

914 1994 1027 2028 imperia
1039 1992 1203 2028 expetenda,
1221 2001 1250 2018 ac
1266 1993 1356 2027 potius
1372 1997 1417 2018 aut
1433 2000 1483 2018 non
1501 1989 1656 2025 accipienda
1671 1990 1710 2015 in-

913 2031 1033 2062 terdum,
1055 2035 1101 2057 aut
1115 2029 1274 2065 deponenda
1291 2037 1505 2063 nonnumquam.
1545 2029 1587 2054 69.
1610 2028 1711 2053 Vacan-

913 2068 978 2094 dum
990 2072 1078 2094 autem
1090 2068 1164 2094 omni
1175 2071 1215 2093 est
1228 2068 1312 2093 animi
1329 2066 1542 2101 perturbatione,
1562 2070 1618 2091 tum
1634 2065 1711 2098 cupi-

913 2105 995 2131 ditate
1016 2109 1042 2131 et
1062 2109 1148 2134 metu,
1173 2109 1229 2130 tum
1245 2105 1324 2130 etiam
1341 2103 1510 2139 aegritudine
1531 2108 1555 2128 et
1576 2101 1711 2136 voluptate

914 2143 996 2168 nimia
1009 2146 1034 2168 et
1046 2141 1198 2173 iracundia,
1216 2146 1245 2167 ut
1259 2141 1440 2176 tranquillitas
1452 2146 1476 2167 et
1488 2140 1616 2166 securitas
1630 2138 1708 2164 adsit.

913 2188 982 2214 quac
994 2179 1068 2205 affert
1078 2187 1163 2213 quum
1175 2179 1362 2208 constantiam,
1377 2183 1433 2204 tum
1449 2178 1528 2204 etiam
1540 2176 1708 2211 dignitatem,

914 2216 990 2243 Multi
1003 2221 1091 2242 autem
1104 2220 1129 2242 et
1140 2220 1239 2241 suntet
1251 2215 1372 2245 fuerunt,
1389 2215 1436 2249 qui
1453 2224 1526 2244 eam,
1544 2222 1624 2248 quaint
1640 2213 1709 2240 dico.

914 2253 1134 2288 tranquillitatem
1159 2257 1314 2287 expetentes
1330 2261 1343 2278 a
1360 2253 1475 2287 negotiis
1491 2251 1609 2286 publicis
1625 2258 1652 2275 se
1670 2258 1710 2275 re-

914 2295 1056 2317 moverunt
1066 2290 1098 2316 ad
1110 2291 1250 2324 otiumque
1262 2289 1450 2324 perfugerant:
1469 2290 1495 2315 in
1509 2288 1550 2314 his
1561 2293 1586 2313 et
1598 2286 1710 2313 nubilis-

913 2329 976 2354 simi
989 2327 1144 2362 philosophi
1157 2327 1289 2361 longeque
1300 2327 1451 2361 principes,
1464 2331 1489 2352 et
1499 2325 1610 2360 quidam
1624 2325 1710 2350 bomi-

914 2374 960 2392 nes
976 2366 1064 2391 severi
1080 2370 1106 2391 et
1119 2372 1229 2400 gramm,
1251 2365 1298 2398 qui
1319 2371 1366 2389 nei·
1381 2362 1474 2398 populi
1491 2371 1538 2388 nec
1555 2363 1709 2396 principum

914 2411 1000 2429 mores
1011 2401 1078 2428 ferre
1091 2406 1247 2437 potuerunt,
1263 2402 1442 2435 vixeruntque
1454 2398 1576 2426 nonnulli
1589 2400 1614 2424 in
1627 2399 1708 2432 agris.

912 2440 1035 2466 delectati
1053 2448 1079 2466 ro
1095 2448 1144 2465 sua
1162 2438 1297 2465 familiari.
1337 2439 1378 2463 Ἡ).
1403 2438 1447 2463 llis
1460 2437 1530 2463 idem
1543 2437 1709 2470 propositum

913 2477 972 2507 fuit,
986 2477 1058 2512 quod
1071 2476 1190 2512 regibus,
1205 2480 1233 2502 ut
1245 2483 1277 2502 no
1287 2484 1339 2510 qua
1353 2483 1379 2501 ro
1390 2479 1512 2509 egerent,
1531 2482 1562 2499 ne
1573 2474 1617 2499 cui
1633 2481 1709 2508 pam

913 2519 979 2545 rent,
995 2514 1115 2540 libertate
1127 2517 1278 2539 uterentur:
1291 2513 1370 2539 cuius
1381 2512 1520 2546 proprium
1531 2515 1572 2536 est
1582 2511 1621 2536 sie
1634 2511 1709 2536 vive-

913 2560 953 2583 ro,
971 2556 1001 2578 ut
1015 2551 1093 2577 velis.
1135 2550 1208 2576 XXl.
1230 2550 1330 2582 Qum-e,
1349 2558 1434 2584 qutun
1452 2549 1500 2574 hoc
1516 2556 1659 2574 conimune
1674 2548 1710 2573 sit

912 2589 1045 2624 potentiae
1056 2588 1217 2623 cupidorum
1229 2596 1290 2612 cuin
1304 2587 1346 2615 iis.
1360 2595 1428 2621 quos
1439 2585 1507 2615 dixi,
1520 2586 1626 2612 otiosis:
1643 2584 1709 2611 ulte-

912 2627 933 2652 ri
945 2634 974 2652 so
985 2625 1100 2661 adipisci
1113 2625 1139 2652 id
1152 2633 1228 2660 posse
1240 2624 1411 2653 arbitrantur,
1427 2624 1451 2649 si
1462 2631 1527 2658 opes
1538 2631 1649 2658 magnas
1663 2622 1709 2648 hn-

912 2663 1004 2697 beant,
1018 2663 1103 2694 alteri,
1120 2663 1144 2689 si
1155 2662 1271 2689 contenti
1283 2662 1337 2688 siut
1347 2665 1374 2687 et
1387 2669 1436 2688 suo
1447 2665 1471 2687 et
1483 2668 1575 2696 parvo.
1617 2660 1644 2686 ln
1655 2667 1709 2694 quo
