1941 3052
245 136 293 161 910
813 131 868 157 ⁴04.
903 130 937 156 M.
971 130 1001 156 'l'.

246 206 324 232 dicit:
338 213 386 238 ego
398 209 495 232 autu-tn,
505 203 583 228 etium
597 207 624 228 ut
637 200 740 227 nullum
753 200 903 235 periculum
916 201 962 226 sit:
977 205 1035 226 tnn—
1056 201 1058 205 ’

247 249 301 269 tum
323 242 409 269 nin-st.
433 246 459 266 ut
477 240 581 265 Antonii
598 239 780 272 suspicionem
798 237 888 270 fugere
905 246 975 263 nunc
989 246 1037 262 cu-

247 289 301 306 rem
311 300 316 308 ,
335 288 365 304 ne
383 278 473 303 vidi-nr
487 277 546 301 eius·
558 276 685 300 set-undis
697 275 776 301 relius
789 284 838 300 non
851 274 990 303 delectari,
1010 279 1038 299 ut

247 317 313 342 milii
326 323 419 340 sarissa
436 315 482 343 sit,
500 322 548 338 cur
564 314 672 338 llomum
690 312 780 338 venire
797 311 894 341 nolim,
913 320 944 337 ne
961 311 1037 337 illurn
1058 336 1067 351 Μ

247 353 361 379 videam.
403 353 426 376 3.
448 351 528 376 Varro
539 355 625 375 autern
639 354 726 375 nosti-r
737 349 823 374 adme
835 349 974 383 epistotam
988 349 1038 374 mi-

246 391 293 419 sit,
311 389 364 414 sibi
377 398 389 413 a
402 388 491 413 nescio
501 396 555 421 quo
568 387 691 416 missam,
709 387 814 420 (nomen
831 387 902 412 enirn
918 385 1038 419 delerat.)

247 428 272 452 in
289 435 340 460 qun
357 425 486 459 scriptum
502 428 569 454 erat,
589 429 726 449 veteranos
737 432 795 453 eos,
813 424 860 457 qui
873 424 1036 452 reiiciantur,
1066 441 1067 445 .

245 464 315 497 (nam
333 467 433 497 partem
445 470 504 487 esse
515 461 675 494 dimissam),
694 461 892 495 improbissime
906 460 992 495 loqui;
1012 464 1040 485 ut

246 509 342 535 magno
354 498 472 533 periculo
486 499 581 524 Itomae
593 499 646 524 sint
659 497 755 528 futuri,
771 498 818 532 qui
830 498 863 523 ab
875 506 966 523 corum
979 506 1040 531 ptir-
1060 527 1061 543 ἢ

1067 548 1068 551 ¹
1091 544 1151 561 sum
1175 544 1233 561 esse
1255 540 1398 561 veteranis.

247 538 319 564 tibus
330 537 474 562 dissentire
488 535 638 561 videantur.
672 535 723 567 Qui
736 544 812 569 porro
824 540 912 561 noster
923 535 984 564 itm,
999 543 1040 560 re-

245 574 328 604 ditus,
338 574 436 603 vultus.
453 575 573 599 incessus
586 573 653 599 inter
665 572 747 598 istos?
757 571 833 604 Quod
845 573 877 602 si,
892 577 920 598 ut
931 572 1038 601 set-itus,

247 612 275 637 t..
288 611 419 637 Antonius
434 611 460 636 in
473 611 620 640 Decimum,
635 609 730 644 reliqui
745 610 770 635 in
784 614 899 641 nostros,
912 617 962 644 ego
972 608 1039 643 quid
1068 617 1069 641 ι

1067 654 1069 663 ⁴
1090 647 1269 676 disset,(lares
1282 646 1394 672 litteras:
1408 652 1487 681 atque
1499 647 1579 673 ctiam
1591 647 1687 681 scripsi
1699 647 1731 672 ad
1739 648 1883 673 Antonium

1068 692 1069 695 ¹
1090 684 1123 710 de
1136 684 1280 719 legatione:
1295 693 1336 713 ne.
1350 684 1372 709 si
1384 683 1416 709 ad
1429 683 1590 710 Dolabellam
1603 684 1690 710 solum
1702 685 1882 718 scripsissem.

248 732 298 749 non
315 722 393 748 modo
409 721 484 747 llorui
504 730 564 747 cum
586 730 705 751 summa,
729 730 822 746 verum
837 721 917 746 etiam
938 721 1039 746 servivi
1067 723 1069 761 J

247 648 361 674 laciam‘?
375 653 420 674 nut
430 657 483 682 quo
496 656 536 673 me
549 652 624 682 pacto
635 645 744 682 geram?
755 646 820 672 Mihi
834 655 896 672 vero
906 646 1040 672 delibera-

247 691 302 711 tum
315 690 363 715 est,
373 690 399 710 ut
413 693 483 711 nunc
495 685 605 719 quidem
617 689 665 714 cst,
674 684 768 709 abesse
779 692 811 710 ex
823 692 851 709 ea
865 683 939 713 urbe,
949 683 974 709 in
987 692 1038 717 qua

246 769 307 786 cum
325 759 413 794 aliqua
426 759 564 792 dignitate.
606 759 659 784 Nec
670 763 722 784 tam
734 759 814 784 statui
826 766 859 784 ex
871 757 943 784 ltalia
955 758 1037 788 exire,

247 798 280 823 ‹le
291 806 345 832 quo
357 802 444 823 tecum
456 796 621 827 deliberabo,
634 804 715 830 quam
729 796 796 821 istuc
808 804 859 821 non
873 795 973 821 venire.

303 892 339 912 VI.
366 892 617 915 (11.'run-nima.Auru-ti...
629 891 728 909 tintatnit-
739 898 785 909 mu.
797 893 849 912 710.)

433 943 602 970 CICERO
630 942 796 969 ATTICO
826 943 854 969 S.

307 992 329 1016 ⁴.
352 984 448 1021 Quum
465 989 497 1015 ad
513 997 553 1014 me
565 989 663 1015 Brutus
679 994 767 1015 noster
777 989 930 1023 scripsisset
941 992 965 1013 et
976 988 1041 1013 Cas-

248 1028 315 1058 sius,
330 1032 358 1053 ut
370 1027 493 1056 IIirtiuin,
507 1035 587 1060 quem
600 1026 688 1052 adbuc
702 1026 801 1052 bonum
814 1025 897 1051 fuisse
909 1025 1038 1055 sciebant,

249 1073 335 1099 neque
346 1073 407 1090 eum
420 1063 588 1089 confidebant
600 1062 663 1093 lore.
673 1072 729 1089 mea
741 1063 895 1089 auctoritate
903 1062 1040 1088 meliorem

248 1101 372 1132 facerem,
394 1101 517 1135 (Antonio
535 1105 574 1126 est
589 1101 661 1126 enim
679 1100 788 1126 sortasse
805 1100 908 1129 iratior,
931 1108 1040 1125 caussae

248 1147 311 1165 vero
322 1137 617 1172 amicissimus,)taincn
630 1137 734 1163 adeum
747 1137 852 1171 scripsi,
861 1137 886 1162 ci
907 1145 940 1162 ue
951 1136 1042 1171 digni-

248 1181 327 1202 tatem
339 1176 412 1201 Bruti
424 1180 449 1201 et
460 1175 545 1201 Cassii
557 1174 753 1200 commendavi.
786 1173 831 1199 Ille
843 1174 890 1208 qui
922 1174 988 1199 milii
1001 1182 1042 1199 re-

248 1213 409 1247 scripsisset,
426 1212 494 1238 scire
506 1216 529 1237 te
542 1211 628 1242 volui3
646 1212 669 1237 si
683 1211 747 1237 sorte
759 1210 830 1236 idem
843 1216 884 1241 tu,
898 1210 970 1245 quod
981 1219 1040 1246 ego,

248 1251 431 1279 existimares,
446 1250 509 1274 istos
521 1249 600 1274 etiam
612 1256 684 1274 nunc
696 1248 795 1278 vereri,
809 1256 841 1274 ne
853 1247 918 1274 sorte
931 1248 983 1282 ipsi
995 1256 1043 1274 no-

247 1288 295 1313 stri
307 1286 369 1321 plus
380 1286 463 1312 animi
475 1285 597 1316 habeant,
611 1293 693 1322 quam
705 1285 814 1312 habent.

381 1419 539 1447 IIIRTIUS
569 1419 757 1447 CICERONI
786 1418 859 1445 SUO
879 1418 906 1445 S.

304 1476 328 1501 2.
344 1468 420 1500 Rure
430 1476 482 1500 iam
492 1476 620 1505 redierim,
633 1476 746 1508 quaeris.
768 1474 807 1499 An
818 1481 953 1507 eyo,quum
960 1481 1044 1499 omnes

249 1513 361 1542 caleant,
378 1514 506 1545 {quat-iter
520 1513 620 1544 aliquid
635 1510 750 1545 faciam?
770 1511 855 1536 Etiam
866 1519 899 1536 ex
913 1511 979 1536 Urbe
988 1519 1044 1535 sum

247 1552 383 1582 profectus.
427 1548 521 1574 Utilius
531 1551 596 1574 enim
610 1551 689 1574 statui
699 1549 792 1574 abesse.
823 1547 878 1574 Has
889 1549 935 1573 tibi
945 1548 1044 1573 litteras

248 1589 337 1612 exiens
348 1588 375 1612 in
388 1586 559 1611 Tusculanum
569 1588 672 1619 scripsi.
702 1585 764 1611 Noli
774 1589 858 1611 autem
869 1593 906 1610 me
917 1589 968 1611 tam
979 1589 1045 1610 stre-

247 1631 326 1648 nuum
338 1627 443 1656 putare,
461 1627 488 1648 ut
503 1625 537 1648 ad
548 1623 635 1649 Nonas
650 1631 793 1649 recurram.
834 1621 906 1647 Nihil
916 1624 982 1647 enim
993 1623 1044 1647 iarn

247 1662 320 1686 video
331 1668 393 1693 opus
403 1668 455 1686 esse
465 1664 553 1686 nostra
569 1668 648 1686 cura:
663 1662 784 1693 quonium
795 1661 929 1692 praesidia
944 1662 1003 1684 sunt
1018 1660 1044 1683 in

249 1702 283 1723 tot
294 1705 375 1723 annos
383 1699 498 1730 provisa.
538 1697 636 1723 Brutus
646 1701 668 1723 et
681 1696 786 1723 Cassius
796 1699 903 1725 utinam,
917 1704 993 1729 quam
1003 1698 1045 1728 [α-

249 1736 296 1760 cile
306 1743 322 1760 α
333 1739 356 1760 te
366 1736 395 1759 de
406 1742 444 1759 me
454 1736 590 1766 impetrare
599 1738 712 1767 possunt,
724 1736 762 1759 ita
770 1742 817 1766 per
828 1738 850 1759 te
861 1737 1007 1762 eaeorentur,
1015 1741 1045 1757 ne

249 1773 315 1804 quod
327 1773 437 1797 calidius
452 1773 538 1796 ineant
554 1771 702 1797 consilium!
720 1770 838 1797 Cedentes
852 1771 918 1796 enim
933 1771 994 1795 haec
1004 1771 1045 1795 ais

248 1811 394 1840 scripsisse:
406 1808 475 1841 quo?
490 1813 536 1834 aut
550 1807 651 1841 quare?
679 1809 702 1834 3.
723 1808 818 1837 Retine,
835 1808 937 1833 obsecro
948 1811 983 1837 te,
1001 1805 1045 1832 Ci-

249 1853 318 1875 cero,
335 1847 407 1870 illos:
423 1850 445 1870 et
460 1846 513 1871 noli
526 1847 609 1871 sinere
625 1846 685 1870 hacc
699 1846 784 1870 omnia
793 1846 892 1877 perire,
910 1852 974 1877 quae
984 1845 1044 1876 sun-

248 1884 318 1908 ditus
332 1883 428 1907 medius
438 1884 514 1914 lidius
527 1884 641 1914 rapinis,
657 1883 794 1911 incendiis,
813 1882 931 1907 caedibus
939 1889 1045 1913 perver-

249 1923 347 1945 tuntur.
382 1919 497 1948 Tantum,
509 1921 532 1944 si
543 1921 605 1952 quid
616 1921 710 1947 timent,
723 1922 844 1944 caveant.-
856 1919 920 1943 nihi!
927 1922 1045 1950 praeter-

248 1964 279 1982 ea
298 1957 445 1981 moliantur.
490 1955 546 1981 Non
567 1957 663 1981 medius
681 1957 758 1988 fidius
777 1957 912 1981 acerrimis
931 1956 1045 1981 consiliis

246 1993 318 2026 plus,
339 2000 415 2026 quam
431 1994 507 2018 etiam
526 1994 699 2023 inertissimis,
720 1993 854 2018 dummodo
871 1993 1042 2025 diligentibus,

250 2033 442 2063 consequentur.
481 2029 550 2055 Haec
561 2032 634 2059 enim,
646 2038 711 2063 quae
720 2031 814 2061 fluunt,
827 2037 874 2062 per
883 2037 910 2055 se
920 2031 1044 2055 diuturna

247 2075 299 2093 non
309 2071 382 2099 sunt‚·
397 2068 424 2092 in
438 2069 594 2092 contentione
603 2071 748 2099 praesentes
757 2068 792 2092 ad
805 2068 943 2092 nocendum
953 2067 1046 2092 habent

248 2107 323 2130 vires.
352 2104 418 2135 Ouid
429 2112 512 2136 speres
523 2105 553 2129 de
562 2105 623 2131 illis.
637 2106 662 2129 in
676 2104 847 2129 Tusculanum
858 2105 892 2129 ad
903 2112 940 2129 me
950 2105 1042 2129 scribe.

305 2141 329 2167 4.
351 2140 438 2166 lIabes
450 2140 527 2166 Hirtii
543 2140 697 2175 epistolam:
715 2141 759 2166 cui
771 2140 911 2176 rescripsi,
929 2139 966 2166 nil
983 2139 1043 2166 illos

249 2177 365 2204 calidius
376 2178 507 2213 cogitare3
520 2177 602 2213 idque
613 2178 780 2204 confirmavi.
820 2177 874 2203 Hoc
885 2177 1044 2212 qualecum-

249 2223 302 2250 que
322 2219 404 2245 esset,
427 2219 451 2240 te
471 2215 540 2241 scire
560 2214 644 2241 volui.
684 2214 831 2250 Obsignata
847 2215 900 2240 iam
920 2214 1041 2249 epistola,

248 2252 347 2278 Balbus
359 2251 392 2278 ad
404 2251 607 2282 me,Serviliam
619 2252 741 2283 rediisse,
754 2251 911 2278 confirmare
923 2260 975 2278 non
986 2251 1044 2278 dis—

249 2298 382 2315 cessuros.
422 2289 499 2315 Nunc
510 2294 636 2324 exspecto
647 2298 660 2315 a
672 2294 696 2315 te
708 2289 818 2315 litteras.

302 2375 351 2395 vn.
382 2378 410 2398 (tn
421 2377 535 2397 'I‘mtuh-nu,
545 2377 636 2397 Antonin,
646 2377 745 2394 Dolabella
755 2383 802 2394 eon.
813 2378 866 2397 710.)

432 2427 600 2455 CICERO
628 2426 797 2454 ATTICO
827 2427 856 2454 S.

304 2465 433 2500 Gratum,
455 2470 528 2505 quod
544 2470 612 2496 mihi
627 2468 766 2505 epistolas:
788 2478 857 2504 quae
873 2469 985 2505 quidem
999 2479 1042 2497 me

250 2505 428 2537 delectarunt,
451 2507 478 2533 in
494 2508 590 2541 primis
605 2507 678 2533 Sexti
694 2506 787 2532 nostri.
827 2507 917 2538 Dices,
938 2509 1002 2542 quia
1017 2512 1042 2534 te

251 2541 350 2568 laudat.
383 2543 448 2570 Puto
459 2543 613 2570 mehercule
625 2543 652 2570 id
663 2551 771 2578 quoque
783 2551 841 2569 esse
852 2553 976 2571 caussae:
993 2544 1041 2571 sed

250 2583 338 2605 tamen
352 2580 432 2605 etiam
448 2586 521 2611 ante,
544 2589 626 2616 quam
642 2580 675 2607 ad
690 2588 753 2606 eum
765 2579 853 2606 locum
869 2582 946 2613 veni,
965 2581 1041 2608 valde

251 2615 318 2641 mihi
333 2615 454 2650 placebat
469 2626 555 2652 quum
569 2627 666 2648 sensus
681 2618 740 2643 eius
755 2616 788 2642 de
809 2617 960 2652 republica,
984 2623 1041 2645 tum

249 2652 386 2678 scribendi
402 2661 474 2679 cura.
514 2654 624 2681 Servius
640 2663 703 2681 vero
717 2653 870 2689 pacificator
882 2663 944 2681 cum
960 2655 1042 2681 libra-

1069 1078 1071 1082 .
1091 1056 1156 1082 dum
1169 1061 1270 1085 tamen,
1287 1055 1421 1090 villaeque
1433 1055 1524 1090 plures
1537 1055 1678 1081 videndae.

1069 1095 1071 1104 '
1092 1094 1225 1119 crastinus
1236 1092 1294 1118 dies
1305 1092 1338 1118 ad
1349 1092 1521 1128 cogitandum
1534 1092 1611 1118 nobis
1622 1092 1656 1117 de
1667 1100 1695 1117 ea
1709 1100 1745 1118 re.

1033 129 1306 155 ‹ztfitittoxts

1089 199 1154 226 riolo
1164 208 1213 224 suo
1225 199 1331 225 vidi-tur
1340 200 1440 225 obtine
1452 199 1623 233 legationem.
1647 206 1671 226 et
1687 209 1780 227 onmes
1795 202 1880 236 capti-

1089 236 1201 262 unculas
1213 237 1411 271 pertimescere.
1453 237 1582 263 Debuerat
1593 243 1681 263 autem

1163 283 1212 298 non
1223 283 1255 299 ΓΙ
1267 276 1322 299 ills?
1333 283 1408 298 Ulflssu
1423 280 1573 302 romerium,

1089 310 1135 336 scd
1147 319 1215 346 quae
1227 315 1387 345 sequuntur.
1427 311 1466 336 Tu
1478 320 1585 346 quoque
1597 312 1707 338 scribes.

1145 379 1203 399 vttt.
1232 381 1600 401 <nura-ntum„A..·.....„,u1.i.i..11.
1610 389 1656 400 «ω.
1669 384 1721 403 τιο,

1274 423 1441 450 CICERO
1473 424 1639 451 ATTICO
1668 424 1696 451 S.

1148 462 1170 487 1.
1187 456 1251 487 Post
1262 465 1338 487 tuum
1350 460 1499 487 discessum
1512 461 1709 492 ltinasalialbo‘,
1724 462 1790 488 nibil
1804 463 1880 488 novi:

1092 499 1208 532 itemque
1224 498 1257 524 ab
1274 498 1369 529 IIirti0;
1393 498 1440 532 qui
1456 507 1484 524 se
1500 499 1594 524 scribit
1611 499 1781 525 veliementer
1800 499 1883 525 ossen-

1438 535 1580 570 Exspectat
1601 537 1720 563 animus.
1752 536 1882 570 quidnam

1091 581 1167 607 agam
1189 572 1221 598 de
1239 572 1350 598 Kalend.
1368 572 1479 598 Martiis.
1520 573 1580 599 Misi
1602 574 1683 608 igitur
1699 573 1835 600 Tironem.
1858 578 1884 599 et

1091 610 1254 635 cum'I'irone
1267 609 1370 644 pluma,
1384 610 1485 644 quibus
1497 610 1626 645 singulis,
1644 615 1671 635 ut
1682 609 1802 644 quidque
1814 619 1884 636 acci-

1092 721 1237 747 iracundus
1255 721 1332 747 liomo
1345 726 1567 747 commoveretur.
1608 721 1683 753 Quod
1696 726 1783 746 autem
1795 721 1884 747 aditus

1068 769 1069 779 ι
1091 758 1122 784 ad
1135 767 1196 784 eum
1208 757 1344 784 difficilior
1355 766 1413 784 esse
1425 758 1536 789 dicitur,
1551 759 1647 792 scripsi
1659 758 1690 783 ad
1700 758 1882 792 Eutrapelum,

1092 801 1120 822 ut
1131 796 1153 821 is
1165 796 1188 821 ei
1201 804 1273 821 meas
1286 795 1385 821 litteras
1397 795 1526 825 redderet,
1542 795 1671 830 legatione
1683 795 1749 821 milii
1761 804 1829 830 opus
1841 804 1885 821 es-

1091 841 1129 859 se.
1153 833 1292 859 Ilonestior
1302 838 1342 858 est
1354 833 1456 858 votiva:
1469 832 1516 858 sed
1533 832 1593 858 licet
1605 833 1643 858 uti
1655 838 1777 866 utraque.
1809 834 1832 858 Ξ.
1849 833 1884 858 De

1092 875 1125 900 te.
1139 878 1247 905 quaeso.
1262 870 1340 895 etiam
1353 875 1432 904 atque
1444 871 1523 895 etiam
1536 869 1607 895 vide.
1643 869 1728 895 Velim
1741 870 1828 904 possis
1840 878 1885 896 co-

1092 916 1161 933 ram:
1184 908 1206 933 si
1228 907 1318 933 minus
1339 907 1440 941 possis,
1468 907 1562 933 litteris
1585 907 1654 932 idem
1677 915 1883 940 consequemur.

1068 949 1069 959 ¹
1092 945 1236 971 Graeceius
1248 943 1334 970 adme
1346 944 1468 978 scripsit,
1486 944 1515 970 C.
1529 944 1651 969 Cassium
1666 944 1719 969 sibi
1732 944 1883 978 scripsisse,

1092 982 1214 1008 homines
1225 981 1382 1016 comparari.
1396 982 1444 1016 qui
1458 982 1551 1007 armati
1565 982 1590 1007 in
1602 980 1783 1006 Tusculanum
1797 982 1886 1006 mitte-

1092 1023 1192 1045 rentur.
1234 1018 1261 1044 Id
1277 1018 1387 1053 quidem
1404 1018 1471 1044 milti
1488 1027 1539 1044 non
1557 1018 1711 1049 videbatur,
1729 1017 1776 1043 sed
1787 1026 1886 1044 caven-

1718 1054 1770 1080 Sed
1781 1054 1885 1090 aliquid

1146 1165 1188 1186 ΙΧ.
1217 1164 1248 1188 (Iu
1260 1166 1375 1184 TuwnInuu.
1385 1166 1476 1185 Aulum-1.
1490 1166 1588 1183 Uul-lull·
1599 1172 1645 1182 ‹un-
1658 1167 1711 1185 710.)

1279 1203 1446 1231 CICERO
1475 1203 1644 1230 ATTICO
1672 1204 1700 1230 S.

1152 1243 1174 1268 t.
1192 1237 1288 1268 Tertio
1300 1242 1388 1268 Nonas
1400 1241 1505 1275 vesperi
1517 1250 1530 1267 a
1542 1241 1622 1267 Balbo
1633 1241 1752 1267 redditae
1764 1241 1830 1267 mihi
1843 1240 1887 1268 lit—

1071 1287 1072 1291 *
1093 1283 1173 1309 terae,
1188 1278 1241 1305 fore
1253 1279 1336 1305 Nonis
1347 1283 1479 1309 senatum,
1496 1283 1525 1304 ut
1537 1278 1632 1304 Brutus
1644 1279 1670 1304 in
1683 1279 1744 1304 Asia
1753 1299 1759 1308 ,
1776 1278 1887 1305 Cassius

1094 1317 1121 1342 in
1136 1316 1229 1342 Sicilia
1244 1315 1408 1342 trumentum
1425 1315 1569 1341 emendum
1585 1320 1610 1342 et
1624 1315 1656 1341 ad
1669 1315 1766 1342 Urbem
1779 1316 1887 1342 mitten-

1093 1353 1159 1379 dum
1179 1357 1312 1380 curarent.
1353 1352 1374 1379 O
1388 1361 1443 1379 rem
1460 1353 1600 1379 miseram!
1622 1353 1740 1387 primum
1757 1352 1838 1378 ullam
1852 1352 1886 1379 ab

1071 1399 1072 1414 1
1094 1391 1163 1421 istis,
1176 1390 1253 1421 dein,
1269 1391 1293 1416 si
1304 1389 1437 1425 aliquam,
1455 1390 1525 1416 hane
1540 1389 1691 1416 locatoriam
1703 1388 1888 1424 provinciam?

1094 1428 1181 1463 Atque
1193 1427 1264 1454 baud
1276 1428 1341 1458 scio.
1358 1436 1390 1453 an
1402 1427 1500 1453 melius
1511 1427 1554 1457 sit.
1570 1435 1651 1461 quam
1663 1427 1696 1453 ad
1706 1427 1831 1453 Eurotam
1843 1435 1887 1453 se—

1094 1465 1167 1491 dere.
1207 1464 1258 1491 Sed
1271 1464 1335 1491 baec
1346 1473 1425 1491 casus
1435 1464 1607 1500 gubernabit.
1638 1465 1682 1490 Ait
1693 1469 1781 1490 autem
1793 1463 1886 1490 eodem

1094 1507 1212 1537 tempore
1228 1502 1365 1528 decretum
1381 1502 1428 1532 iri,
1446 1506 1475 1527 ut
1489 1506 1515 1528 et
1530 1502 1563 1528 iis
1579 1506 1605 1527 et
1619 1500 1732 1535 reliquis
1748 1502 1887 1535 praetoriis

1094 1540 1249 1574 provinciae
1259 1539 1447 1565 decernantur.
1481 1539 1535 1565 Hoc
1546 1543 1616 1564 certe
1628 1538 1734 1568 melius,
1748 1547 1828 1573 quarn
1842 1537 1886 1564 illa

1094 1576 1210 1611 Περσική
1221 1577 1349 1611 porticus.
1383 1576 1449 1602 Nolo
1459 1576 1531 1602 enim
1543 1575 1768 1602 Lacedaemonem
1781 1574 1887 1610 longin-

1094 1622 1174 1648 quam
1188 1614 1338 1639 Lanuvium
1350 1613 1500 1639 existimari
1512 1613 1533 1639 '.
1574 1612 1664 1642 Rides,
1676 1613 1792 1646 inquies,
1809 1613 1836 1638 in
1848 1617 1887 1638 ta-

1096 1650 1168 1677 libus
1180 1650 1280 1677 rebus?
1297 1649 1368 1682 Quid
1380 1649 1494 1676 faciam?
1507 1649 1636 1684 plorando
1650 1649 1737 1675 tessus
1747 1657 1819 1675 sum.
1860 1650 1884 1675 2.

1094 1688 1135 1714 Dii
1148 1687 1325 1714 immortates!
1343 1695 1424 1721 quam
1439 1695 1481 1712 me
1492 1685 1679 1712 conturbatum
1691 1686 1777 1712 tenuit
1787 1686 1887 1720 episto-

1096 1724 1135 1750 lae
1146 1729 1206 1751 tuae
1216 1724 1289 1759 prior
1299 1723 1414 1759 pagina?
1423 1723 1494 1756 Quid
1506 1727 1594 1749 autem
1607 1724 1656 1748 iste
1668 1723 1694 1749 in
1706 1722 1887 1749 domotuaca—

1095 1770 1142 1788 sus
1153 1760 1307 1788 armorum?
1326 1760 1379 1787 Sed
1391 1761 1463 1787 hunc
1476 1759 1587 1795 quidem
1600 1759 1723 1785 nimbum
1734 1760 1786 1786 cito
1801 1765 1888 1786 trans-

1096 1799 1159 1825 iisse
1177 1798 1267 1825 laetor.
1307 1798 1346 1824 Tu
1363 1797 1429 1832 quid
1449 1798 1537 1833 egeris
1557 1802 1601 1823 tua
1619 1805 1704 1831 quum
1724 1797 1807 1827 tristi,
1830 1802 1886 1823 tum

1095 1837 1173 1862 etiam
1186 1834 1292 1862 ditticiti
1304 1834 1337 1861 ad
1348 1834 1546 1861 consiliandum
1559 1833 1698 1869 legatione,
1715 1834 1888 1860 vehementer

1095 1877 1229 1908 exspecto.
1270 1872 1317 1898 Est
1327 1872 1399 1898 enim
1411 1871 1621 1906 inexplicabilis.
1659 1871 1694 1897 Ita
1705 1870 1888 1897 circumsede-

1095 1919 1156 1936 mur
1166 1910 1252 1945 copiis
1262 1909 1400 1936 omnibus.
1436 1909 1476 1934 Me
1487 1907 1597 1943 quidem
1610 1908 1683 1934 Bruti
1695 1907 1805 1938 litterae,
1818 1916 1887 1943 quas

1095 1947 1214 1974 ostendis
1224 1955 1238 1973 a
1249 1952 1274 1973 te
1286 1946 1380 1977 lectas,
1397 1947 1432 1972 ita
1443 1945 1647 1980 perturbarunt,
1663 1949 1705 1976 ut,
1721 1953 1886 1980 quamquam

1095 1989 1154 2010 ante
1166 1984 1277 2020 egebam
1289 1983 1410 2014 consilio,
1419 1988 1507 2009 tamen
1519 1983 1602 2008 animi
1613 1981 1703 2008 dolore
1714 1983 1765 2008 sim
1778 1981 1885 2008 tardior.

1094 2021 1145 2048 Sed
1158 2021 1248 2056 plura,
1265 2029 1351 2056 quum
1365 2021 1415 2046 ista
1429 2028 1553 2056 cognoro.
1593 2019 1648 2045 1100
1658 2023 1746 2045 autem
1758 2024 1885 2053 tempore,

1094 2059 1166 2094 quod
1178 2058 1333 2089 scriberem,
1346 2057 1414 2084 nihil
1426 2062 1493 2087 erat,
1509 2064 1594 2092 eoque
1606 2056 1709 2086 minus,
1723 2056 1795 2091 quod
1805 2056 1888 2082 dubi-

1095 2096 1193 2126 tabam.
1207 2101 1235 2122 tu
1247 2096 1295 2121 has
1308 2096 1381 2130 ipsas
1393 2095 1492 2121 litteras
1503 2102 1611 2120 essesne
1622 2098 1790 2127 accepturus.
1825 2093 1887 2120 Erat

1094 2134 1166 2160 enim
1179 2134 1323 2163 incertum,
1342 2132 1486 2158 visurusne
1501 2136 1526 2158 te
1541 2134 1611 2157 esset
1626 2129 1790 2157 tabellarius.
1830 2130 1886 2164 Ego

1095 2175 1153 2197 tuas
1166 2170 1265 2197 litteras
1277 2169 1450 2195 vehementer
1463 2173 1598 2203 exspecto.

1147 2240 1177 2260 x.
1206 2241 1235 2263 (ln
1246 2241 1361 2260 Tusculano,
1369 2240 1460 2259 Antonio.
1470 2239 1570 2257 Del-bell:
1581 2245 1627 2257 con.
1640 2239 1693 2257 710.)

1280 2282 1446 2310 ClCERO
1474 2281 1641 2309 ATTICO
1669 2281 1697 2307 S.

1150 2316 1384 2347 OBrutiamanter
1394 2320 1507 2354 scriptas
1519 2319 1631 2346 litteras!
1644 2327 1660 2345 o
1671 2318 1796 2352 iniquum
1808 2321 1884 2342 tuum

1094 2363 1214 2393 tempus,
1232 2358 1280 2393 qui
1291 2358 1324 2384 ad
1335 2366 1396 2384 eum
1409 2357 1447 2383 ire
1461 2365 1512 2383 non
1528 2356 1628 2391 possis!
1650 2355 1707 2390 Ego
1717 2359 1805 2380 autem
1817 2353 1885 2388 quid

1093 2394 1228 2422 scribam?
1238 2395 1270 2421 Ut
1281 2394 1410 2422 beneficio
1422 2395 1533 2420 istorum
1544 2391 1669 2419 utantur?
1683 2390 1748 2426 quid
1761 2389 1886 2425 turpius?

1094 2433 1126 2459 Ut
1141 2432 1286 2459 moliantur
1300 2430 1422 2466 aliquid?
1437 2439 1485 2457 nec
1499 2430 1611 2460 audent,
1628 2437 1676 2455 nec
1691 2429 1744 2454 iam
1759 2432 1882 2462 possunt.

1093 2471 1162 2505 Age,
1175 2470 1316 2504 quieseant
1326 2468 1480 2495 auctoribus
1491 2467 1581 2493 nobis!
1599 2467 1661 2500 quis
1672 2464 1883 2491 incolumitatem

1093 2506 1226 2542 praestat?
1245 2506 1274 2533 Si
1295 2514 1358 2532 vero
1373 2504 1476 2540 aliquid
1491 2504 1524 2530 de
1539 2503 1646 2529 Decimo
1667 2503 1791 2538 gravius;
1814 2509 1884 2536 quae

1093 2545 1191 2570 nostris
1206 2544 1274 2574 vita,
1291 2543 1397 2569 etiamsi
1412 2550 1490 2568 nemo
1505 2540 1632 2566 molestus
1648 2538 1701 2565 sit?
1720 2538 1809 2565 Ludos
1821 2547 1884 2564 vero

1093 2590 1145 2608 non
1153 2580 1322 2615 facere,quid
1329 2577 1451 2606 foedius?
1461 2578 1635 2604 Frumentum
1647 2577 1797 2611 imponere;
1813 2583 1882 2610 quae

1093 2623 1132 2644 est
1147 2617 1198 2644 alia
1210 2618 1300 2643 Dionis
1317 2615 1431 2652 legatio?
1445 2619 1489 2640 aut
1505 2613 1576 2649 quod
1594 2622 1693 2639 munus
1705 2614 1731 2639 in
1744 2612 1882 2647 republica

1069 2665 1072 2675 ι
1092 2654 1247 2681 sordidius?
1266 2654 1377 2680 Prorsus
1391 2651 1502 2687 quidem
1521 2650 1633 2678 consilia
1648 2650 1695 2677 tali
1715 2650 1742 2676 in
1758 2658 1785 2676 re
1801 2657 1834 2676 ne
1849 2649 1882 2675 iis
