1941 3052
33 141 151 178 (επ-ου)
696 136 1005 165 CICERONIANI.
1655 136 1675 158 v

33 212 90 233 sc.
111 210 171 232 ue.
191 210 249 232 neh.
882 205 1019 235 seque.
1039 205 1110 225 scn-

1161 242 1253 264 Caesar
1272 247 1419 269 quamquam
1434 240 1556 263 Marcello
1571 241 1676 269 impedi-

1127 277 1192 305 ente,
1203 277 1286 297 tamen
1298 275 1388 297 bellum
1400 274 1524 296 Gallicum
1535 275 1643 296 conficit.

277 248 467 276 competitorem
478 247 647 274 detruderent,
657 253 728 274 quem
735 246 829 269 sciebat

278 282 324 305 sibi
336 282 400 304 velle
411 281 538 304 exercitus
551 281 668 302 adimere.

1159 310 1189 331 Τ.
1200 308 1331 331 Lucretius
1344 309 1418 336 poeta
1429 308 1488 330 obit.

54 343 92 370 52
111 344 170 370 “99
212 340 248 366 ⁵³
280 342 347 368 ⁰⁰⁸⁸*
375 340 717 405 θηὶῑθῖῗζῗιζθὲῗωέζζθῆῗδ
730 340 777 371 ¹¹⁹
793 340 828 366 Μ’
904 361 940 387 57
962 336 1031 432 παῖ
1061 360 1098 386 50
1130 358 1200 385 Coss.
1223 358 1251 383 L.
1270 358 1394 421 Αεηιῑιῑῖῗ
1416 357 1530 420 ruffus,
1550 356 1578 382 C.
1601 356 1678 382 clau-

1291 397 1370 421 diusr
1391 403 1452 420 arce
1476 403 1513 420 us.

1162 442 1250 464 Cicero
1261 441 1287 463 in
1303 441 1361 463 Asia
1372 442 1410 463 ius
1422 441 1488 463 dicit.
1525 441 1613 462 Mense
1624 441 1679 461 Ma-

1128 476 1151 498 io
1163 476 1188 497 in
1202 475 1314 497 Ciliciam
1326 475 1399 497 redit.
1432 476 1521 497 Mense
1533 474 1625 496 Sextili
1637 474 1679 495 de-

1128 509 1193 531 cedit
1213 509 1352 537 provincia.
1389 508 1461 530 Redit
1480 515 1524 536 per
1541 507 1679 529 Graeciam.

313 436 383 457 Coss.
402 441 433 456 ex
450 434 596 462 interregno
609 432 778 460 magistratum
791 432 830 453 in-
950 439 952 462 ᾗ

279 470 346 491 eunt.
382 468 426 490 His
437 467 463 489 in
474 466 671 494 quinquennium
684 465 830 493 provinciae
950 477 953 512 ξ

279 503 460 529 decernuntur,
487 502 577 522 Crasso
601 499 687 527 Syria,
709 499 829 526 Pompeio
951 513 953 526 ι

55 764 93 790 53
102 749 103 758 ’
113 762 171 788 700
213 760 251 787 54

55 1275 94 1302 54
113 1278 168 1304 701
214 1273 251 1300 53

57 1695 94 1723 55
116 1695 175 1722 702
216 1693 254 1720 52

278 535 414 564 Hispaniae
430 541 485 556 cum
500 533 598 560 Africa,
615 533 674 554 item
688 532 789 554 Caesari
804 532 830 554 in

279 570 384 592 alterum
396 567 594 596 quinquennium
607 566 711 588 Galliae.

313 603 402 624 Cicero
417 601 547 623 orationes
557 600 617 622 dicit
628 600 658 621 in
674 600 691 621 P
699 599 707 621 i
714 606 724 621 s
732 606 746 621 ο
754 606 770 620 n
778 606 828 626 em,

279 643 334 664 pro
351 635 441 657 Gallo
454 634 601 662 Caninio,
615 633 645 655 in
656 632 829 660 Gabinium,

278 670 320 697 qui
330 669 500 691 Ptolemaeum
515 668 611 689 iniussu
623 667 710 694 populi
721 666 830 688 reduxe-

278 705 329 730 rat,
351 704 376 724 et
392 702 470 725 libros
480 704 532 723 tres
544 701 578 723 de
589 702 663 722 Orat
672 707 685 722 ο
693 707 704 722 r
712 707 724 722 e
735 699 829 721 scribit.

282 760 349 787 Coss.
372 760 401 786 L.
422 760 550 785 Domitius
572 758 761 787 Ahenobarbus,
781 757 828 790 Ap.

427 796 551 823 Claudius
565 796 679 822 Pulcher.

313 844 400 866 Cicero
412 843 471 865 dicit
486 849 541 871 pro
563 843 688 870 Crasso,
710 847 762 868 pro
776 841 830 862 Va-

278 878 374 905 tinio,
401 877 430 899 de
462 875 632 898 Tenediorum
655 876 679 897 et
701 875 730 896 de
746 874 831 896 Reati-

278 919 368 934 norum
397 917 485 933 caussa
511 916 565 938 pro
590 908 709 931 Messio
734 910 758 930 et
778 914 830 935 pro

279 946 390 973 Druso,
412 951 465 973 pro
488 943 621 966 Aemilio
639 943 764 970 Scauro,
787 948 831 963 ro-

279 981 352 1009 gatus
371 977 516 1006 aPompeio
531 983 585 1005 pto
613 976 756 1002 Gabinio,
778 981 830 1003 pro

280 1015 306 1035 C.
335 1012 463 1035 Rabirio
500 1012 656 1038 Postumo,
695 1011 719 1031 et
742 1009 831 1030 Plan-

280 1047 398 1069 cianam
415 1045 585 1073 superiore
601 1044 659 1066 iam
677 1049 755 1065 anno
782 1042 831 1064 ha-

279 1081 370 1103 bitam
387 1079 445 1101 edit.
465 1078 557 1101 Scribit
575 1077 677 1100 libros
688 1076 831 1098 VldeRe-

278 1113 413 1143 publica.

314 1147 416 1170 caesari
436 1146 568 1168 admodum
583 1145 659 1167 favet.
695 1143 725 1169 Q.
742 1143 831 1165 Cicero

279 1181 305 1203 in
321 1181 403 1203 Gallia
424 1179 538 1202 Caesaris
556 1179 662 1207 legatus.
691 1177 753 1199 lulia
768 1178 831 1199 Cae-

280 1215 343 1237 saris
354 1214 413 1242 fitia,
424 1220 490 1236 uxor
502 1212 623 1241 Pompeii,
634 1211 750 1233 moritur.

282 1273 349 1299 Coss.
371 1272 417 1298 Cn.
437 1272 564 1297 Domitius
584 1269 713 1299 Calvinus,
730 1269 765 1295 M.
781 1269 831 1294 Va-

447 1310 526 1334 lerius
538 1308 660 1333 Messala.

314 1364 346 1387 Hi
365 1365 423 1392 post
437 1363 567 1391 complura
583 1362 730 1390 interregna
746 1367 830 1382 mense

281 1398 378 1420 demum
390 1397 472 1425 Aprili
483 1396 561 1419 creati
567 1395 739 1425 magistratum
745 1394 831 1422 auspi-

282 1432 330 1454 cati
341 1433 407 1453 sunt.

317 1465 406 1487 Cicero
427 1464 452 1486 in
471 1469 593 1492 augurum
618 1461 753 1490 collegium
770 1467 831 1483 coo-

282 1501 364 1527 ptatus
380 1500 417 1520 est
432 1497 488 1520 loco
500 1498 533 1519 M.
546 1496 638 1523 Crassi,
650 1495 733 1517 deleto
747 1501 761 1516 a
771 1495 831 1516 Par—

281 1532 330 1554 this
346 1532 459 1554 exercitu
470 1531 495 1552 in
507 1531 566 1559 suga
575 1530 605 1551 ad
617 1528 723 1551 Carrhas
735 1528 832 1550 exstin-

281 1566 323 1588 cti.
359 1566 414 1587 Hoc
430 1571 496 1587 anno
513 1564 616 1586 libros
641 1563 675 1585 de
695 1562 832 1590 Legibus

281 1600 390 1622 scribere
403 1597 520 1623 instituit,
529 1599 553 1620 et
564 1597 705 1619 orationem
717 1595 780 1618 dixit
791 1595 811 1616 D
819 1603 831 1617 e

280 1640 353 1656 aere
364 1632 472 1655 alieno
484 1631 626 1654 Milonis.

284 1691 329 1718 Cn.
346 1691 478 1724 Pompeius
492 1689 540 1715 III.
553 1690 666 1721 primum
679 1689 733 1713 sine
757 1687 833 1713 colle-

280 1738 322 1763 qa,
344 1732 434 1761 postea
452 1735 568 1753 socerum
587 1727 637 1751 sibi
661 1729 684 1750 et
711 1725 833 1756 colleqam

280 1768 388 1799 sumpsit
412 1765 443 1797 Q.
462 1764 602 1791 Caecilium
616 1763 746 1788 Metellum
761 1761 832 1787 Pium

480 1801 632 1834 Scipionem.

315 1861 404 1884 Clodio
415 1868 437 1883 a.
449 1861 471 1883 d.
483 1860 551 1883 xm.
563 1858 618 1880 Kal.
629 1858 702 1880 Febr.
714 1857 779 1879 inter
787 1864 832 1885 pu-

281 1903 354 1925 gnam
379 1895 405 1917 in
421 1895 513 1917 itinere
528 1900 582 1915 cum
602 1892 698 1914 Milone
720 1893 832 1913 coortam

280 1930 431 1957 interfecto,
462 1928 551 1950 Cicero
575 1926 685 1948 eiusdem
720 1931 831 1947 caussam

281 1963 332 1993 egit
355 1963 385 1985 de
406 1962 429 1984 ri
448 1960 566 1984 accusati.
603 1960 659 1985 Quo
671 1959 696 1980 in
715 1959 831 1981 exsilium

281 1997 395 2026 profecto
403 1992 738 2021 aliamorationemscripsit.
756 1993 831 2014 Prae-

280 2033 350 2054 terea
365 2030 494 2053 orationes
504 2027 590 2050 habuit
609 2027 638 2049 in
662 2026 832 2048 Munatium

280 2065 425 2088 Plancum
448 2065 472 2086 et
489 2063 550 2084 duas
569 2067 624 2089 pro
642 2061 675 2082 M.
692 2059 831 2082 Saufeio.

282 2097 481 2121 Commentarios
522 2101 665 2118 caiissarum
710 2093 832 2115 incertum

281 2132 379 2160 quando
387 2128 620 2154 scribereinstituit.
640 2128 734 2150 Eorum
747 2127 771 2149 in
780 2127 832 2149 Mi-

281 2165 412 2188 loniana
430 2164 533 2193 primum
557 2161 688 2191 vestigium
714 2161 833 2183 cernitur.

281 2200 335 2222 Hoc
353 2205 419 2221 antio
435 2197 536 2226 tingitur
563 2195 660 2217 habitus
676 2201 730 2217 esse
751 2201 832 2217 sermo

282 2232 311 2255 de
324 2232 428 2255 Finibus
439 2233 562 2254 bonorum
576 2231 600 2252 et
611 2229 740 2251 malorum.

316 2267 408 2288 Caesar
423 2265 529 2287 Galliam
547 2265 626 2292 pacat.
655 2262 754 2284 Cassius
772 2262 832 2284 Par-

282 2299 339 2322 thos
350 2298 459 2328 repellit.

906 1938 944 1965 59
969 1935 1027 1961 700·

1128 543 1287 564 Brundisium
1306 542 1377 564 venit
1400 549 1432 564 m.
1456 541 1602 570 Decembri,
1622 541 1680 562 inde

1128 577 1239 598 Romam.

1162 609 1274 631 Caelium
1293 611 1453 636 quaestorem
1480 608 1527 631 sibi
1543 608 1679 637 delegerat.

1128 643 1259 665 Dolabella
1274 643 1392 671 Appium,
1405 642 1536 664 Ciceronis
1547 643 1629 664 soceri
1643 642 1680 664 sui

1128 678 1328 703 antecessorem,
1350 677 1380 698 de
1400 677 1530 698 maiestate
1546 678 1570 698 et
1587 676 1681 697 ambitu

1129 712 1238 732 accusat.
1249 721 1284 726 —
1301 710 1408 731 Senatus
1420 710 1450 732 de
1461 716 1608 732 successore
1617 710 1680 731 Cae-

1129 744 1179 766 sari
1189 743 1348 765 decernendo
1361 743 1421 771 agit.
1435 743 1511 765 Curio
1523 744 1585 771 trib,
1597 744 1681 765 aeae-

1130 784 1185 799 sare
1204 778 1350 805 corruptus,
1367 777 1461 805 poscit,
1479 779 1504 798 ut
1520 777 1594 798 etiam
1607 777 1681 798 Pom-

1130 811 1200 839 peius
1217 810 1355 833 exercitum
1367 810 1491 832 dimittere
1502 811 1625 837 iubeatur,
1638 811 1681 832 de-

1129 847 1198 867 creto
1215 846 1316 866 senatus
1335 844 1398 865 hanc
1417 844 1442 865 in
1453 844 1602 866 sententiam
1613 845 1682 865 Mar-

1131 878 1188 900 celli
1213 879 1270 900 Cos.
1294 877 1478 899 intercessione
1498 877 1631 905 impedito,
1652 878 1682 899 ad

1131 913 1264 934 Caesarem
1281 912 1425 933 Ravennam
1438 911 1535 932 transit.
1564 911 1634 932 Duae
1645 911 1681 932 le-

1130 946 1219 975 giones
1234 945 1259 967 in
1271 945 1412 967 simulatum
1423 945 1482 967 belli
1493 944 1601 966 Parthici
1613 952 1682 966 usum

1132 979 1234 1001 Caesari
1247 978 1436 1001 subtrahuntur.

1087 1045 1092 1050 ,
1134 1020 1201 1046 Coss.
1223 1019 1249 1046 C.
1275 1019 1400 1046 Claudius
1413 1019 1562 1049 Marcellus,
1577 1018 1602 1045 C.
1621 1018 1683 1044 Cor-

1294 1058 1377 1083 nelius
1388 1057 1518 1082 Lentulus.

1166 1104 1254 1126 Cicero
1267 1103 1330 1132 prid.
1342 1104 1408 1125 Non.
1419 1103 1512 1125 Jan.ad
1519 1103 1602 1124 urbem
1610 1102 1683 1128 redit,

1131 1138 1254 1167 gliscente
1270 1138 1336 1159 inter
1348 1137 1494 1164 Pompeium
1510 1138 1535 1158 et
1551 1137 1683 1157 Caesarem

1132 1171 1258 1194 discordia
1275 1170 1351 1193 civili.
1386 1170 1492 1192 Senatus
1512 1170 1542 1191 de
1558 1169 1684 1197 Scipionis

1132 1205 1258 1228 sententia
1277 1204 1398 1232 decernit,
1420 1206 1446 1225 ut
1468 1205 1561 1225 Caesar
1581 1203 1683 1224 dimisso

1133 1239 1247 1261 exercitu
1271 1238 1385 1266 privatus
1408 1238 1512 1259 Romam
1542 1236 1632 1258 veniat.
1654 1237 1684 1257 M.

1133 1272 1257 1295 Antonius
1271 1273 1295 1294 et
1307 1272 1336 1297 Q.
1355 1272 1454 1293 Cassius
1470 1270 1563 1293 tribuni
1574 1270 1683 1292 interce-

1133 1307 1207 1334 dunt;
1232 1305 1415 1328 intercessione
1435 1306 1520 1332 spreta
1540 1304 1640 1332 fugiunt
1655 1304 1685 1325 ad

1133 1342 1266 1362 Caesarem
1283 1339 1355 1367 eique
1371 1339 1430 1367 fuga
1446 1345 1490 1360 sua
1502 1338 1560 1360 belli
1573 1344 1685 1359 caussam

1133 1375 1260 1402 praebent.
1284 1374 1371 1395 Mense
1377 1372 1495 1394 Ianuario
1503 1373 1595 1394 Caesar
1603 1373 1685 1393 traus-

1133 1408 1151 1430 it
1164 1407 1326 1430 Rubiconem.

1167 1441 1256 1463 Cicero
1270 1441 1320 1462 abit
1330 1441 1408 1462 Roma
1420 1440 1528 1467 Capuam
1539 1445 1625 1461 mense
1636 1438 1685 1459 Fe-

1132 1475 1247 1502 bruario,
1264 1474 1321 1496 inde
1336 1473 1463 1500 Formias3
1486 1472 1552 1494 unde
1570 1472 1600 1494 ad
1611 1472 1685 1493 Pom-

1132 1508 1214 1536 peium
1234 1508 1406 1536 protecturus,
1417 1508 1539 1533 moratur,
1550 1506 1607 1533 quia
1619 1505 1685 1533 peri-

1132 1542 1214 1563 culum
1227 1542 1290 1563 esta
1304 1540 1471 1562 Caesarianis.
1509 1539 1626 1561 Substitit
1637 1540 1685 1560 Ca-

1113 1578 1115 1601 1
1132 1575 1210 1602 libum
1231 1575 1287 1597 dein
1299 1574 1413 1596 Formias
1425 1574 1568 1595 revertitur.

1113 1604 1115 1643 4
1166 1609 1254 1631 Mense
1269 1608 1361 1630 Martio
1377 1607 1510 1635 Pompeius
1528 1605 1684 1628 Brundisium

1113 1646 1115 1680 4
1133 1642 1210 1670 venit,
1223 1642 1288 1664 unde
1323 1641 1388 1663 xu.
1409 1641 1464 1662 Kal.
1477 1640 1555 1668 April.
1570 1640 1594 1661 in
1606 1641 1685 1661 Grae-

1114 1676 1195 1708 }ciam
1217 1675 1301 1697 solvit.
1340 1676 1432 1697 Caesar
1462 1674 1622 1696 Brundisium
1645 1673 1686 1695 in-

1114 1710 1115 1718 *
1133 1716 1248 1739 gressus,
1265 1710 1367 1731 Romam
1382 1708 1454 1730 redit.
1474 1708 1627 1729 Redeuntem
1643 1706 1686 1728 ci-

1134 1750 1192 1766 cero
1214 1742 1334 1765 convenit
1353 1744 1378 1764 ct
1398 1741 1518 1769 Arpinum
1540 1748 1566 1763 se
1578 1741 1685 1765 confert,

1114 1792 1116 1800 l
1134 1777 1209 1804 inque
1232 1776 1298 1798 villis
1321 1777 1403 1798 manet
1424 1775 1550 1797 mensibus
1571 1774 1686 1802 Apriliet

1114 1805 1116 1832 ¹>
1134 1810 1211 1833 Maio.
1241 1810 1292 1831 Vtt.
1313 1809 1370 1831 ldus
1390 1809 1474 1831 lunias
1495 1809 1525 1830 ad
1540 1808 1685 1836 Pompeium

1114 1835 1116 1864 l
1134 1845 1159 1866 in
1180 1843 1310 1866 Graeciam
1330 1843 1394 1871 abit3
1417 1844 1509 1865 Caesar
1537 1842 1562 1864 in
1594 1842 1685 1870 Hispa-

1114 1873 1116 1903 Ι
1134 1878 1209 1900 niam.

1067 1920 1116 1974 48¹>
1136 1926 1203 1954 Coss.
1230 1926 1257 1953 C.
1270 1926 1354 1952 Iulius
1380 1925 1475 1952 Caesar
1493 1925 1540 1955 11„
1558 1924 1583 1951 P.
1599 1925 1686 1952 Sem-1·-

1114 1981 1116 2011 1
1337 1964 1387 1989 Iius
1401 1963 1483 1988 Vatia.

1169 2012 1260 2033 Caesar
1282 2010 1362 2038 pridie
1380 2010 1444 2032 Non.
1463 2009 1560 2031 ianuar.
1579 2008 1685 2030 Brundi-

1135 2045 1172 2067 sio
1201 2044 1226 2066 in
1260 2044 1364 2071 Epirum
1393 2043 1494 2065 traiicit.
1540 2043 1685 2071 Pompeium

1134 2077 1284 2107 Dyrrhachii
1299 2077 1405 2099 obsidet.

1115 2118 1116 2129 ¹
1168 2113 1253 2141 Pugna
1266 2111 1296 2132 ad
1309 2110 1452 2133 Pharsalum
1467 2110 1530 2138 prid.
1545 2109 1590 2131 Kal
1607 2110 1685 2130 Octo-

1134 2147 1198 2167 bres.
1235 2145 1323 2166 “icero
1347 2151 1400 2166 cum
1422 2145 1518 2165 Catone
1534 2146 1557 2165 et
1572 2143 1687 2164 viu-rone

1133 2179 1163 2201 ad
1175 2179 1279 2201 classem
1291 2177 1441 2206 Dyrrhachii
1454 2178 1617 2199 remanserat.
1648 2176 1685 2197 Eo

1134 2213 1258 2235 Labienus
1285 2219 1298 2234 e
1319 2218 1402 2240 pugna
1423 2211 1564 2233 Pharsalica
1583 2209 1686 2231 nuntius

1134 2247 1210 2269 venit.
1247 2245 1336 2267 Cicero
1349 2245 1411 2267 redit
1423 2245 1447 2266 in
1461 2244 1556 2266 ltaliam
1569 2246 1592 2265 et
1606 2244 1686 2265 Brun-

1133 2280 1189 2303 disii
1200 2280 1275 2302 armis
1288 2279 1408 2307 depositis
1420 2278 1489 2300 vivit.

1114 2310 1116 2357 l
1168 2315 1260 2336 Caesar
1271 2312 1362 2335 bellum
1376 2311 1572 2334 Alexandrinum
1585 2309 1658 2338 gerit.

1168 2347 1279 2369 Catullus
1292 2346 1405 2370 moritur.
1414 2345 1686 2372 nasciturPropertius.

60 2356 98 2384 56
118 2356 188 2387 703,
217 2358 265 2390 51¹
285 2356 352 2383 Coss.
372 2356 427 2383 Ser.
446 2355 578 2388 Sulpicius
596 2354 684 2387 Rufus,
703 2353 741 2380 M.
756 2352 833 2379 Clau-
955 2381 956 2385 Ἰ

264 2395 265 2413 ³
446 2395 504 2419 dius
517 2393 664 2419 Marcellus.
907 2386 1037 2431 003707'
1066 2401 1104 2427 47
1135 2388 1161 2414 C.
1185 2388 1268 2413 Iulius
1291 2387 1386 2412 cru-sar
1412 2387 1531 2413 dictator,
1551 2385 1587 2411 M.
1608 2386 1686 2410 Amo-

318 2449 407 2471 cicem
420 2454 504 2470 meme
516 2446 583 2469 Maio
599 2451 612 2468 Ι,
621 2451 637 2467 n
647 2451 662 2467 0
683 2451 696 2467 c
706 2452 720 2467 ο
729 2451 742 2467 ς
751 2449 764 2466 s
773 2450 787 2466 U
797 2450 810 2466 ¹,
820 2449 833 2465 Ε
954 2449 957 2471 1
1134 2428 1192 2451 ulus
1208 2434 1274 2457 vray.
1292 2433 1328 2456 eq.
1348 2424 1438 2449 Tribus
1453 2425 1578 2448 mensibus
1590 2424 1687 2448 ultimis

284 2483 308 2506 in
331 2482 443 2505 Ciliciam
461 2480 626 2509 proficiscitur
641 2486 695 2501 cum
712 2478 833 2500 exercitu.

264 2517 265 2525 ¹
284 2518 372 2540 Mense
390 2514 530 2543 Septembri
548 2515 630 2535 castra
646 2512 718 2534 habet
733 2512 762 2534 ad
780 2513 834 2533 lco-

264 2551 360 2573 vnium.
405 2548 511 2572 Parthos
536 2548 612 2569 arcet.
653 2546 747 2568 Bellum
771 2545 835 2573 gerit

265 2597 266 2601 =
285 2586 373 2607 contra
384 2581 620 2605 Eleutherocilices,
640 2586 776 2606 eormnque
788 2585 834 2606 up-

286 2618 342 2647 pido
355 2616 503 2640 Pindenisso
515 2616 587 2643 capto
600 2613 752 2640 victisqucin
762 2614 835 2634 ,luia-

266 2644 267 2648 ’
285 2659 318 2674 no
337 2652 422 2673 monte
450 2649 573 2677 hostibus,
591 2652 667 2669 uun-s
677 2652 694 2668 n
704 2652 717 2668 A
728 2651 769 2668 τυ
779 2651 794 2667 n
806 2646 835 2667 ab

266 2704 269 2713 A
286 2684 400 2708 exercitu
414 2683 562 2712 appellatur.

1136 2462 1205 2488 Coss.
1223 2463 1254 2493 Q.
1270 2461 1358 2493 Fusius
1374 2460 1510 2486 salminse!
1523 2460 1547 2485 Ι).
1559 2460 1684 2485 Vatinius.

1168 2509 1260 2530 Rounac
1274 2507 1411 2529 seditiones
1426 2513 1470 2535 per
1488 2506 1642 2528 Dolabellam
1655 2507 1686 2527 nb

1135 2541 1232 2564 tabulas
1244 2548 1332 2563 novas.

1169 2576 1256 2597 Mense
1279 2574 1419 2602 Septembri
1440 2576 1531 2596 Cacsar
1549 2574 1685 2595 Tarentum

1134 2609 1246 2637 appellit.
1266 2608 1354 2630 Cicero
1366 2608 1388 2631 ei
1401 2608 1499 2630 niniam
1511 2609 1529 2629 it
1542 2606 1684 2630 llrumlisio.

1135 2646 1158 2665 et
1170 2650 1200 2664 m.
1212 2642 1315 2664 Octobri
1326 2642 1427 2664 Romam
1440 2642 1516 2664 venit.
1537 2642 1628 2662 t'arsar
1639 2647 1684 2661 nu-

1135 2679 1183 2699 tem
1202 2676 1242 2698 Vl.
1259 2676 1313 2698 Kal.
1332 2675 1381 2698 lan.
1398 2676 1517 2704 Libbaeu
1535 2675 1560 2696 in
1575 2674 1684 2696 Africam
