1941 3052
231 170 280 196 598

231 245 310 267 tunso
329 237 450 273 quidem.
482 237 523 262 37.
547 234 627 261 Multa
647 242 675 259 se
691 233 833 259 arbitratur
848 236 874 258 ot
890 231 1026 266 peperisse

231 282 291 304 ante
298 276 372 302 sactis
384 279 409 301 et
421 274 517 300 hahere
529 275 554 298 in
566 272 655 298 animo
665 274 745 305 atque
758 270 940 304 virtuta,quao
952 267 1026 295 nullo

232 314 310 341 modo
331 312 414 347 possit
434 311 562 336 amittere.
603 309 676 340 Quae
692 308 763 333 enim
781 306 894 337 fortuna.
907 309 953 332 aut
963 306 1026 340 quis

230 359 318 381 casus.
341 354 386 375 aut
405 356 473 382 qunc
489 351 557 373 tunta
573 346 657 380 possit
671 345 768 371 iniuria
779 344 900 370 omnium
911 343 1027 377 impera-

232 394 318 415 torum
339 386 372 412 de
383 386 501 411 Deiotaro
515 383 619 409 decreta
635 381 742 408 delere?
761 381 802 408 Ab
817 381 943 407 omnibus
954 380 1024 406 enim

232 426 274 452 his
295 428 402 450 ornatus
422 426 470 451 est,
491 421 547 456 qui.
567 424 707 455 postquam
724 419 750 445 in
765 418 860 445 castris
871 425 929 444 esse
942 417 1027 452 potuit

232 471 278 497 per
289 464 408 491 aetatem,
423 459 448 485 in
460 457 714 492 Asia‚Cappndocia.
731 455 930 486 Ponto.Cilicia.
939 453 1024 490 Syria.

231 499 300 526 holla
313 500 463 533 gesserunt,
471 499 580 522 senatus
593 503 655 521 vcro
666 493 764 520 iudicia
775 493 809 519 de
821 492 867 519 illo
879 497 930 518 tam
943 491 1026 518 multa

232 541 339 570 tamque
352 533 503 564 honorifica.
521 541 589 568 quae
601 531 718 567 publicis
730 530 822 566 populi
835 530 945 556 Romani
958 529 1028 555 litte-

231 574 268 599 ris
289 571 524 605 monumentisque
544 570 697 605 consignata
719 573 795 598 sunt.
812 575 882 602 quae
898 574 1026 602 umquam

232 614 350 637 vetustas
370 608 474 639 obruet,
492 612 616 642 autquac
627 611 697 633 tanta
709 603 938 632 delebitoblivio‘?
956 603 1026 636 Quid

231 648 264 674 de
285 647 383 673 virtute
403 646 462 672 eius
477 644 583 671 dicam?
602 643 668 679 quid
683 643 716 669 de
732 641 918 678 magnitudine
933 641 1025 671 animi.

230 693 275 721 gru
281 685 368 715 vitate.
381 681 547 710 constantia?
566 689 635 717 quae
645 689 738 708 omnes
749 680 819 707 docti
831 684 910 714 atque
921 679 1029 713 sapien-

231 727 270 749 tes
293 729 414 751 summa,
437 720 547 755 quidam
568 720 648 746 etiam
662 717 717 745 sola
733 718 801 744 bona
817 725 876 743 esse
891 716 1026 746 dixerunt,

232 760 338 795 hisque,
357 767 408 785 non
425 757 504 784 modo
520 757 552 783 ad
564 757 640 787 bene.
653 755 702 782 sed
713 756 792 782 etiam
804 754 836 780 ad
847 754 923 780 beate
934 753 1028 779 viven-

231 797 296 823 dum
307 800 458 823 contentam
471 795 597 821 virtutem
608 802 677 820 esse.
709 794 750 819 38.
765 792 834 818 llaec
844 791 890 818 ille
902 795 1028 826 reputans

231 839 257 861 et
269 834 327 860 dies
343 837 488 867 noctesque
498 832 626 868 cogitans,
641 839 692 857 non
705 829 782 857 modo
794 829 842 856 tibi
854 837 905 855 non
917 836 1029 854 succen-

231 876 280 902 set.
288 870 369 906 (esset
379 871 450 896 enim
463 878 514 896 non
526 868 614 895 solum
625 869 756 904 ingratus,
765 866 813 893 sed
824 866 904 893 etiarn
915 863 1029 900 amens.)

231 917 326 936 verum
347 916 453 935 omnem
470 905 688 941 tranquillitatem
705 909 730 931 et
749 905 867 939 quietem
883 902 1029 929 senectutis

209 965 214 972 .
231 951 365 981 acceptam
388 944 467 971 refert
487 944 643 970 clementiae
660 947 730 969 tuae.
761 941 831 968 XIV.
848 940 907 973 Quo
917 939 1027 975 quidem

232 985 321 1010 animo
340 991 426 1018 quum
447 986 522 1008 antea
545 981 608 1011 fuit.
625 985 682 1007 tum
694 988 746 1006 non
761 979 869 1009 dubito,
890 978 957 1013 quin
975 977 1028 1003 tuis

233 1021 338 1051 lineri&
360 1028 475 1055 quarum
491 1018 647 1053 exemplum
665 1017 727 1053 legi,
739 1025 808 1052 quas
819 1016 850 1042 ad
862 1023 924 1042 eum
935 1015 1030 1041 Tarra-

232 1066 297 1085 cone
317 1058 381 1084 huic
391 1057 524 1083 Blesamio
539 1055 646 1086 dedisti,
664 1063 694 1081 se
709 1054 795 1090 magis
811 1054 890 1080 etiam
905 1052 1027 1082 erexerit.

233 1096 266 1122 ab
286 1096 414 1130 omnique
437 1093 619 1120 sollicitudine
639 1091 808 1119 abstraxerit.
857 1090 936 1117 Iubes
957 1089 1029 1116 enim

232 1141 294 1160 eum
315 1133 382 1159 bene
402 1139 510 1167 sperare
524 1135 550 1157 et
565 1130 634 1156 bono
648 1138 707 1156 esse
720 1129 823 1156 animo:
845 1127 918 1163 quod
933 1127 989 1153 scio
1004 1131 1030 1152 te

233 1179 285 1197 non
297 1169 394 1196 frustra
405 1169 532 1195 scribere.
563 1168 672 1194 Memini
684 1167 755 1193 enim
766 1165 863 1192 iisdem
875 1164 929 1191 fere
940 1163 1030 1190 verbis

232 1207 265 1234 ad
280 1215 323 1234 me
338 1211 362 1234 te
373 1207 489 1233 scribere
503 1213 600 1240 meque
612 1205 665 1231 tuis
677 1203 772 1230 litteris
782 1203 850 1229 bene
860 1209 967 1237 sperare
979 1209 1030 1228 non

233 1245 331 1272 frustra
351 1253 410 1271 esse
426 1245 542 1270 iussum.
568 1244 609 1269 39.
623 1242 724 1268 Laboro
735 1240 860 1276 equidem
871 1239 944 1275 regis
954 1239 1032 1265 Deio-

233 1284 282 1310 tari
303 1290 406 1312 caussa,
423 1289 540 1316 quocum
557 1280 624 1306 mihi
639 1279 784 1305 amicitiam
801 1276 953 1312 respublica
967 1284 1032 1302 con-

232 1319 343 1351 ciliavit,
366 1319 514 1354 hospitium
535 1317 659 1344 voluntas
675 1317 817 1351 utriusque
830 1314 978 1345 coniunxit,
992 1312 1032 1339 fa-

232 1357 413 1384 miliaritatem
428 1355 594 1382 consuetudo
609 1353 706 1385 attulit,
719 1361 855 1380 summam
866 1359 929 1378 vero
939 1358 1032 1378 neces-

233 1394 380 1421 situdinem
401 1401 498 1429 magna
518 1393 576 1419 eius
596 1391 683 1418 officia
698 1392 726 1418 in
742 1399 785 1417 me
799 1394 825 1416 et
839 1390 868 1416 in
883 1388 1031 1416 exercitum

233 1440 324 1459 meum
345 1431 501 1458 effecerunt:
524 1429 571 1456 sed
591 1437 676 1464 quum
697 1428 731 1455 de
745 1427 793 1454 illo
809 1427 908 1458 laboro,
926 1430 984 1452 tum
998 1424 1032 1452 de

233 1469 326 1496 multis
347 1468 523 1503 amplissimis
539 1467 613 1498 viris,
631 1465 733 1501 quihus
748 1464 831 1492 semel
847 1465 970 1500 ignotum
981 1467 1032 1489 ate

232 1515 292 1534 esse
311 1510 422 1541 oportet,
441 1513 488 1532 nec
504 1504 664 1531 beneficium
679 1507 757 1530 tuum
768 1503 796 1529 in
806 1502 921 1528 dubium
932 1501 1030 1531 vocari,

233 1553 282 1571 nee
301 1544 408 1570 haerere
422 1543 451 1569 in
467 1543 563 1569 animis
580 1541 720 1568 hominum
736 1539 946 1567 sollicitudinem
961 1546 1033 1564 sem-—

234 1582 373 1617 piternam.
387 1588 436 1607 nec
446 1579 574 1611 accidere,
586 1583 617 1606 ut
626 1579 772 1614 quisquam
782 1581 808 1604 te
819 1577 912 1603 timere
922 1575 1034 1610 incipiat

234 1627 335 1650 eorum.
357 1618 406 1654 qui
421 1617 504 1645 semel
519 1625 534 1644 a
549 1621 574 1644 te
589 1617 644 1644 sint
657 1615 763 1644 liberati
775 1615 878 1643 timore.
909 1614 951 1641 40.
973 1613 1033 1640 Non

348 168 379 194 Μ.
402 167 432 192 Τ.
455 164 665 193 ClCEltONlS
686 162 797 189 unm.
822 160 894 188 PRO
914 160 1020 187 REGE
1042 159 1245 187 DEIOTARO
1265 159 1313 187 AD
1332 160 1554 188 CAESAREM.
1589 161 1618 188 C.
1642 162 1681 188 tt.
1705 164 1745 187 ¹5.

1075 231 1168 262 debeo,
1190 231 1220 258 C.
1236 231 1342 262 Caesar.
1358 231 1431 267 quod
1447 231 1502 259 fieri
1518 231 1584 258 solet
1600 233 1627 259 in
1639 233 1719 258 tantis
1731 230 1866 267 periculis.

1076 273 1189 299 tentare,
1211 277 1328 304 quonam
1350 268 1428 295 modo
1442 268 1555 296 dicendo
1571 269 1779 296 misericordiam
1797 273 1870 295 tuam

1076 314 1243 332 commovere
1255 306 1366 340 possim.
1407 306 1478 333 Nihil
1490 314 1558 341 opus
1569 311 1618 333 est.
1658 306 1802 332 Occurrere
1814 307 1871 341 ips·

1077 342 1144 369 solet
1163 342 1333 378 supplicibus
1348 347 1374 369 et
1384 343 1555 374 calamitosis,
1569 344 1671 370 nullius
1681 345 1798 370 oratione
1809 351 1872 369 evo-

1077 384 1143 406 cata.
1184 380 1302 416 Propone
1323 380 1370 407 tibi
1385 380 1452 407 duos
1469 389 1553 416 reges,
1570 386 1595 407 et
1610 381 1636 408 id
1651 382 1741 408 animo
1754 385 1873 407 contem-

1078 417 1160 452 plare,
1176 417 1249 453 quod
1264 417 1349 444 oculis
1361 426 1411 444 non
1424 422 1508 453 potes.
1928 434 1931 446 .-

1077 454 1190 486 cordiae.
1203 454 1275 490 quod
1287 455 1439 481 iracundiae
1451 455 1591 491 negavisti.
1614 455 1695 482 Multa
1707 459 1873 482 suntmonu-
1921 447 1929 458 ⁷

1078 497 1165 519 menta
1178 496 1238 519 tuse
1248 491 1418 519 clementiae:
1441 493 1487 518 sed
1500 493 1616 519 maximo
1627 501 1718 519 eorum
1730 492 1873 519 incolumi·
1918 487 1925 490 ”

1078 534 1152 560 tates.
1174 530 1276 565 quibus
1296 529 1409 556 salutem
1430 530 1539 557 dedisti.

1076 566 1190 602 gloriosa
1202 571 1273 598 sunt,
1287 566 1372 594 multo
1382 568 1467 604 magis
1478 566 1760 594 commemorabuntur
1770 567 1797 593 in
1804 566 1874 602 regi-

1078 605 1139 631 bus.
1180 604 1292 639 Semper
1307 605 1410 641 regium
1428 613 1523 631 nomen
1535 605 1562 631 in
1575 604 1623 631 hac
1633 605 1740 630 civitate
1751 608 1873 630 unctum

1079 641 1143 668 fuit:
1172 643 1306 668 sociorum
1327 650 1390 669 vero
1409 650 1503 678 regum
1523 646 1549 668 et
1569 642 1714 668 amicorum
1735 641 1875 667 sanctissi-

1078 687 1162 722 mum.
1195 679 1253 706 XV.
1279 680 1320 706 tt.
1336 679 1413 712 Quod
1429 687 1525 706 nornen
1542 679 1568 706 hi
1582 687 1657 715 regoe
1669 687 1701 705 ne
1712 679 1872 706 amitterent.
1917 702 1919 706 ,

1078 721 1103 743 ω
1114 721 1220 748 victore.
1235 717 1396 744 timuerunt:
1419 721 1550 743 retentum
1563 725 1634 747 vero,
1643 720 1669 742 et
1679 724 1692 742 a
1704 715 1875 743 teconfirms-
1923 732 1928 735 ‹

1079 758 1135 780 tum
1144 774 1150 785 ,
1164 755 1278 789 posteris
1293 754 1371 780 etiam
1384 754 1442 780 suis
1454 754 1597 780 tradituros
1607 761 1668 780 esse
1677 752 1790 780 confido.
1811 751 1876 779 Cor·

1079 799 1141 826 pora
1158 799 1220 818 vero
1235 800 1284 818 sua
1299 800 1347 826 pro
1361 791 1447 818 salute
1464 799 1555 827 regum
1572 799 1683 818 suorum
1696 790 1723 816 hi
1737 790 1814 826 legati
1827 789 1874 816 tibi
1916 808 1925 818 ,

1079 829 1144 864 regii
1164 828 1285 859 tradunt,
1303 829 1394 855 Hieras
1410 833 1435 855 et
1449 828 1598 855 Blesamius
1613 833 1638 854 et
1649 828 1813 863 Antigonus,
1826 826 1874 853 tibi

1079 865 1211 901 nobisque
1221 866 1348 893 omnibus
1360 866 1412 892 iam
1424 865 1471 892 diu
1484 866 1548 896 noti.
1561 865 1709 900 eademque
1720 864 1772 891 fide
1783 869 1809 890 et
1822 865 1876 891 vir-

1079 908 1134 930 tute
1150 903 1286 938 praeditus
1301 903 1443 940 Dorylaus,
1456 903 1504 938 qui
1516 911 1600 938 nuper
1611 911 1672 929 cum
1685 902 1760 928 Hiera
1773 901 1876 938 legatus
1923 914 1925 930 ς

1079 945 1119 967 est
1134 940 1167 967 ad
1183 945 1207 967 te
1223 941 1337 972 missus,
1357 949 1443 976 quum
1459 949 1551 976 regum
1567 940 1739 969 amicissimi,
1757 943 1814 966 tum
1826 938 1875 965 tibi
1919 949 1923 959 ·

1079 978 1171 1009 etiam.
1195 983 1225 1004 ut
1239 986 1330 1013 spero,
1349 978 1461 1013 probati.
1493 979 1534 1004 ΑΞ.
1552 978 1670 1013 Exquire
1685 977 1718 1003 de
1734 976 1874 1005 Blesamio.
1920 974 1921 980 ¹

1080 1015 1212 1050 numquid
1227 1015 1260 1042 ad
1276 1024 1365 1051 regem
1376 1020 1464 1042 contra
1475 1014 1632 1051 dignitatem
1645 1019 1716 1040 tuam
1729 1013 1874 1049 scripserit.

1080 1053 1171 1079 llieras
1182 1052 1293 1087 quidem
1305 1061 1426 1079 caussam
1438 1061 1544 1079 omnem
1555 1052 1677 1086 suscipit,
1686 1051 1877 1078 etcriminibus

1079 1089 1135 1116 illis
1151 1098 1199 1125 pro
1209 1098 1270 1126 rege
1282 1099 1310 1116 se
1322 1090 1450 1125 supponit
1461 1098 1551 1116 reum:
1574 1089 1729 1116 memoriam
1741 1093 1814 1115 tuam
1825 1088 1877 1114 im-

1080 1127 1174 1162 plorat,
1187 1135 1239 1162 qua
1252 1127 1324 1154 vales
1336 1127 1500 1162 plurimum;
1517 1131 1596 1162 negat
1606 1134 1736 1161 umquam
1748 1133 1777 1152 se
1787 1133 1801 1152 a
1813 1129 1839 1151 te
1849 1125 1876 1151 in

1080 1165 1193 1191 Deiotari
1205 1164 1344 1191 tetrarchia
1356 1165 1451 1200 pedem
1458 1164 1629 1191 discessisse:
1642 1163 1668 1190 in
1676 1163 1770 1198 primis
1777 1162 1877 1189 finibus

1080 1202 1129 1228 tibi
1143 1211 1172 1229 se
1188 1206 1292 1237 praesto
1303 1201 1387 1228 fuisse
1398 1202 1475 1233 dicit,
1489 1210 1576 1237 usque
1587 1201 1620 1228 ad
1632 1200 1740 1227 ultimos
1751 1207 1878 1235 prosecu-

1081 1244 1151 1266 tum:
1174 1248 1258 1275 quum
1273 1248 1288 1266 e
1303 1238 1400 1266 balneo
1412 1240 1530 1270 exisses,
1543 1243 1630 1265 tecum
1641 1246 1670 1265 se
1681 1237 1778 1268 fuisse.
1791 1245 1877 1272 quum

1080 1276 1126 1303 illa
1147 1285 1257 1303 munera
1273 1277 1439 1312 inspexisses
1453 1281 1592 1307 caenatus.
1609 1284 1695 1311 quum
1710 1275 1737 1302 in
1751 1273 1879 1302 cubiculo

1081 1314 1266 1347 recubuisses3
1292 1314 1468 1350 eamdemque
1488 1313 1673 1340 assiduitatem
1694 1312 1742 1339 tibi
1758 1320 1787 1338 se
1801 1319 1878 1347 prae-

1080 1351 1174 1378 buisse
1193 1351 1331 1386 postridie.
1362 1353 1404 1378 ⁴3.
1428 1351 1621 1384 Quamobrem,
1643 1351 1667 1377 si
1687 1349 1754 1385 quid
1773 1357 1876 1379 eorum,

1060 1403 1061 1408 =
1081 1397 1150 1424 quae
1164 1389 1266 1415 obiecta
1277 1393 1354 1420 sunt.
1366 1389 1511 1425 cogitatum
1523 1389 1566 1419 sit,
1583 1397 1634 1415 non
1646 1391 1758 1417 recusat.
1772 1387 1839 1422 quin
1851 1385 1879 1413 id

1060 1457 1061 1463 ἵ
1081 1426 1187 1453 facinus
1207 1434 1289 1453 suum
1309 1426 1423 1453 iudices.
1463 1425 1604 1459 Quocirca,
1623 1425 1652 1453 C.
1669 1425 1778 1455 Caesar,
1796 1423 1877 1450 velim

1060 1465 1062 1476 '
1081 1463 1234 1495 existimes,
1261 1463 1390 1490 hodierno
1412 1463 1456 1490 die
1476 1463 1635 1490 sententiam
1656 1467 1729 1489 tuam
1750 1466 1797 1488 aut
1815 1469 1877 1487 cum

1060 1506 1062 1545 11
1082 1509 1189 1528 summo
1209 1500 1338 1528 dedecore
1358 1501 1536 1528 miserrimam
1558 1505 1660 1536 pestem
1675 1500 1877 1534 importaturam

1060 1559 1062 1581 ἲ
1082 1546 1141 1565 esse
1156 1538 1265 1575 regibus
1280 1543 1326 1565 aut
1339 1538 1503 1565 incolumem
1518 1537 1615 1564 famam
1626 1545 1687 1564 cum
1699 1535 1798 1563 salute:
1810 1543 1879 1571 quo-

1061 1589 1062 1592 =
1082 1585 1142 1603 rum
1158 1575 1271 1602 alterum
1282 1580 1382 1610 optare,
1395 1575 1504 1602 illorum
1514 1574 1680 1603 crudelitatis
1690 1578 1744 1607 oet5
1765 1572 1878 1600 alterum

1060 1631 1063 1643 l
1082 1621 1250 1646 conservare,
1262 1612 1419 1642 Clementiae
1431 1617 1500 1641 luae.

1549 418 1629 444 Dabis
1641 418 1757 453 profecto
1768 418 1873 444 miseri-
1919 414 1927 423 “

1579 529 1653 562 Quae
1673 530 1696 556 si
1717 530 1745 556 in
1761 529 1873 564 privatis
1919 541 1929 559 ,-
