1941 3052
422 114 473 140 DE
507 113 690 140 NATURA
719 112 905 140 DEORUM
935 113 1016 139 LIB.

76 194 127 213 ova
138 184 246 220 frangit.
286 183 356 211 Illud
370 193 433 210 vero
445 184 478 210 ab
489 184 629 211 Aristotele
641 184 869 215 animadversum,

77 233 92 250 a
103 232 157 258 quo
168 222 305 257 pleraque,
323 222 385 256 quis
397 227 482 256 potest
493 230 545 248 non
558 221 667 248 mirari‘?
680 230 770 258 grues,
787 230 871 256 quum

78 260 134 287 loca
149 260 276 286 calidiora
293 264 412 293 petentes
428 260 511 285 maria
528 260 720 289 transmittant,
744 258 872 294 trianguli

77 297 183 324 efficere
195 296 319 329 sormam3
338 297 397 322 eius
412 301 501 323 autem
511 305 618 322 summo
629 296 727 331 angulo
739 305 784 322 aer
794 296 872 322 abiis

77 334 208 361 adversus
224 334 345 368 pellitur,
369 333 466 360 deinde
484 334 586 360 sensim
607 334 640 360 ab
660 338 773 368 utroque
794 333 873 359 latere

77 377 214 406 tamquam
239 372 334 401 remis,
356 372 390 397 ita
410 372 507 406 pennis
527 380 623 397 cursus
647 372 738 397 avium
760 370 871 397 levatur.

76 410 152 436 Basis
167 413 256 435 autem
269 408 410 443 trianguli,
423 417 504 443 quem
516 417 596 443 grues
608 408 742 439 efficiunt,
760 416 790 434 ea
806 413 874 434 tam-

77 455 159 482 quam
171 455 184 472 a
196 446 282 480 puppi
293 447 381 472 ventis
392 446 544 476 adiuxatur,
562 454 662 480 eaeque
675 446 701 471 in
714 450 786 480 tergo
797 453 875 480 prae-

77 483 227 511 volantium
248 483 315 509 colla
331 489 357 509 et
366 484 452 518 capita
469 487 613 517 reponunt;
637 482 710 518 quod
731 483 794 517 quia
815 483 873 517 ipse

77 521 135 548 dux
145 521 231 547 facere
243 529 295 547 non
306 525 405 555 potest,
423 521 488 556 quia
503 529 555 547 non
568 520 661 551 habet,
678 521 722 546 cui
735 520 871 550 innitatur,

76 558 191 589 revolat,
208 563 238 584 ut
253 559 311 592 ipse
326 566 434 593 quoque
449 559 580 592 quiescat.
620 558 654 583 Et
669 557 695 583 in
712 558 771 583 eius
787 557 874 583 loeum

76 596 199 623 succedit
210 596 297 626 exiis,
311 604 380 630 quae
391 595 564 630 nequierunt,
578 603 663 629 eaque
674 594 834 621 vicissitudo
846 603 873 620 m

76 634 150 660 omni
165 641 246 659 cursu
262 638 445 659 conservatur.
488 634 543 659 126.
566 632 649 659 Multa
664 632 798 658 eiusmodi
812 640 875 666 pro-

76 670 145 697 ferre
156 679 277 705 possum,
291 670 338 697 sed
349 679 435 705 genus
447 670 537 704 ipsum
550 670 658 696 videtis.
685 671 739 696 Iam
754 678 817 695 vero
828 668 873 694 illa

76 709 157 734 etiam
173 709 288 739 notiora,
306 712 405 742 quanto
417 715 445 733 se
456 716 535 742 opere
549 707 701 733 custodiant
712 707 827 737 bestiae,
846 710 875 732 ut

76 747 104 772 in
116 750 194 780 pastu
209 745 447 779 circumspectem,
465 749 495 771 ut
509 745 537 771 in
553 744 692 770 cubilibus
704 744 871 770 delitescant.

75 783 106 809 L.
128 783 216 817 Atque
228 782 273 808 illa
285 782 430 808 mirabilia.
470 781 541 813 Quid
553 790 592 812 ea,
606 790 675 816 quae
686 789 780 816 nuper,
795 780 822 807 id
834 785 874 806 est

75 821 170 855 paucis
180 824 240 846 ante
251 819 377 850 saeculis,
386 819 551 845 medicorum
559 819 677 854 ingeniis
684 823 787 853 reperta
794 817 874 844 sunt?
902 848 904 855 A

75 858 222 884 vomitione
233 865 325 888 caneS,
339 861 455 892 purgatu
467 861 555 882 autem
567 856 642 882 alvos
655 856 713 882 ibes
724 856 872 891 Aegyptiae

75 899 180 921 curant.
220 893 351 920 Auditum
366 898 418 925 est,
436 893 594 928 pantheras,
617 902 686 928 quae
706 894 733 920 in
750 893 873 919 barbaria

75 936 205 958 venenata
215 940 293 958 carne
303 936 470 965 caperentur,
479 931 629 957 remedium
641 930 778 966 quoddam
790 930 875 956 habe-

74 978 116 1000 re,
138 978 192 1004 quo
210 977 294 1003 quum
311 973 401 995 essent
415 977 493 1000 usae,
511 977 564 995 non
580 973 758 1001 morerentur,
779 977 873 1003 capras

74 1011 162 1033 autem
175 1007 203 1033 in
214 1006 290 1033 Creta
301 1005 383 1037 feras,
401 1015 487 1041 quum
501 1011 591 1033 essent
601 1006 722 1032 confixae
733 1006 873 1032 venenatis

73 1045 189 1080 sagittis,
203 1043 314 1070 herbam
326 1052 463 1079 quaerere,
472 1052 541 1079 quae
553 1044 706 1070 dictamnus
717 1049 870 1072 vocaretur:

73 1090 156 1116 quam
172 1089 257 1116 quum
269 1082 466 1116 gustavissent,
484 1082 594 1117 sagittas
610 1081 734 1108 excidere
750 1081 844 1107 dicunt
859 1089 872 1107 e

73 1127 192 1153 corpore.
236 1120 292 1145 127.
314 1118 469 1154 Cervaeque
493 1119 584 1153 paullo
605 1124 664 1145 ante
685 1123 790 1153 partum
812 1127 873 1153 per-

74 1160 191 1192 purgant
210 1164 238 1182 se
258 1155 375 1190 quadam
401 1155 527 1186 herbula,
555 1165 624 1191 quae
645 1156 739 1182 seselis
760 1156 870 1182 dicitur.

74 1195 128 1220 Iam
142 1193 187 1220 illa
199 1194 346 1224 cernimus,
362 1197 492 1220 utcontra
505 1194 559 1219 vim
572 1199 596 1220 et
608 1198 708 1220 metum
721 1194 778 1220 suis
790 1202 818 1219 se
830 1202 873 1219 ar-

75 1232 127 1257 mis
142 1239 266 1266 quaeque
281 1230 417 1257 defendat.
458 1231 591 1258 Cornibus
608 1231 690 1262 tauri,
711 1231 768 1265 apri
784 1231 874 1257 ‹lenti-

74 1269 139 1299 bus,
157 1276 248 1294 morsu
265 1267 368 1299 leones,
391 1268 458 1294 aliae
474 1268 536 1304 fuga
553 1277 594 1299 se,
613 1269 680 1295 aliae
695 1268 872 1295 occultatione

74 1310 205 1336 tutantur,
224 1307 362 1332 atramenti
375 1306 505 1332 effusione
516 1307 621 1340 sepiae,
639 1311 743 1340 torpore
754 1306 873 1340 torpedi-

73 1352 134 1370 nes:
156 1342 256 1369 multae
268 1343 347 1369 etiarn
361 1344 522 1369 insectantes
536 1343 625 1370 odoris
640 1343 803 1369 intolerabili
816 1343 873 1369 soe·

73 1381 155 1407 ditate
166 1380 315 1415 depellunt.
357 1381 398 1407 Ll.
421 1381 454 1407 Ut
465 1390 527 1407 vero
538 1386 684 1416 perpetuus
696 1381 791 1407 mundi
802 1385 873 1407 esset

72 1423 195 1449 ornatus,
217 1426 313 1453 magna
329 1417 450 1444 adhibita
467 1427 530 1445 cura
546 1423 586 1445 est
601 1428 615 1444 a
627 1418 795 1453 providentia
808 1418 872 1445 deo-

72 1460 294 1490 rum,utsemper
304 1460 393 1482 essent
404 1460 429 1482 et
440 1455 587 1482 bestiarum
599 1464 696 1491 genera
709 1461 734 1482 et
745 1456 872 1482 arborum

71 1493 250 1527 omniumque
266 1501 369 1523 rerum,
391 1502 460 1528 quae
476 1493 543 1520 altae
559 1498 605 1519 aut
620 1493 757 1519 radicibus
773 1502 787 1519 a
805 1498 871 1520 terra

72 1535 119 1557 aut
141 1529 273 1565 stirpibus
298 1531 508 1557 continerentur.
548 1530 621 1563 Quae
646 1531 757 1565 quidem
782 1531 872 1557 onmia

72 1576 131 1594 eam
144 1567 199 1593 vim
211 1567 323 1593 seminis
336 1567 435 1594 babent
447 1568 473 1594 in
485 1576 527 1599 se,
545 1573 574 1594 ut
589 1576 621 1594 ex
636 1577 689 1594 uno
701 1568 778 1603 plura
789 1577 873 1604 gene-

72 1609 177 1636 rentur,
196 1604 278 1639 idque
293 1613 384 1631 semen
398 1605 534 1632 inclusum
545 1610 585 1632 est
596 1606 623 1631 in
637 1606 729 1632 intima
743 1611 815 1640 parte
828 1614 872 1632 ea-

71 1651 132 1669 rum
160 1642 302 1673 bacarum,
330 1650 398 1677 quae
419 1651 453 1669 ex
473 1651 581 1678 quaque
601 1643 684 1678 stirpe
706 1643 869 1676 sunduntur3

71 1679 225 1714 iisdemque
240 1680 392 1706 seminibus
407 1684 432 1706 et
443 1680 566 1706 homines
577 1680 679 1706 affatim
690 1685 836 1707 vescuntur
847 1685 873 1708 et

71 1716 283 1744 terraeeiusdem
290 1717 398 1752 generis
409 1717 535 1752 stirpium
548 1719 720 1745 renovatione
732 1718 872 1752 complen-

71 1759 123 1781 tur.
157 1755 213 1781 128.
233 1753 305 1786 Quid
317 1754 420 1789 loquar,
432 1760 531 1790 quanta
543 1755 609 1782 ratio
620 1756 647 1781 in
660 1755 754 1782 bestiis
766 1755 798 1781 ad
811 1764 872 1790 per-

71 1796 179 1827 petuam
185 1792 416 1818 conservationem
427 1793 534 1828 generis
545 1802 637 1819 earum
649 1792 792 1828 appareat?
804 1794 870 1819 Nam

70 1830 190 1864 primum
201 1828 269 1856 aliae
283 1837 379 1860 mares,
396 1829 463 1856 aliae
476 1829 591 1857 feminae
603 1835 675 1861 sunt,
689 1831 761 1865 quod
773 1839 872 1865 perpe-

71 1867 175 1893 tuitatis
189 1875 285 1893 caussa
301 1867 452 1894 machinata
469 1872 562 1894 natura
578 1873 627 1894 est.
668 1868 768 1894 Deinde
782 1874 872 1903 partes

70 1903 190 1937 corporis
196 1908 222 1929 et
232 1903 265 1929 ad
277 1904 472 1938 procreandum
483 1905 552 1931 etad
564 1905 773 1940 concipiendum
787 1907 872 1941 aptis-

70 1941 156 1967 simae
171 1945 197 1967 et
211 1941 238 1967 in
253 1949 325 1967 mare
341 1945 367 1967 et
383 1942 408 1967 in
424 1941 524 1968 semina
539 1942 802 1969 commiscendorum
813 1952 872 1970 cor—

71 1986 167 2013 porum
180 1978 263 2004 mirae
279 1977 418 2004 libidines.
458 1979 548 2011 Quum
560 1984 650 2006 autem
663 1980 690 2006 in
703 1980 768 2006 locis
779 1989 870 2007 semen

71 2015 185 2046 insedit,
203 2015 273 2050 rapit
286 2023 394 2042 omnem
411 2015 466 2042 sere
481 2016 574 2043 cibum
591 2016 624 2043 ad
639 2025 712 2048 sese,
730 2026 815 2052 eoque
829 2026 872 2044 se-

70 2057 147 2087 ptum
160 2053 237 2088 tingit
247 2052 346 2079 animal
355 2046 446 2092 :sfluod
460 2062 546 2088 quum
558 2063 592 2081 ex
604 2058 679 2080 utero
690 2054 812 2089 elapsum
824 2064 872 2082 ex-

70 2090 150 2121 cidit,
169 2091 196 2116 in
213 2090 246 2116 iis
263 2090 461 2121 animantibus,
479 2099 548 2126 quae
564 2091 630 2118 lacte
642 2091 764 2123 aluntur,
782 2093 871 2118 omnis

71 2127 125 2153 fere
148 2127 227 2154 cibus
249 2132 364 2154 matrum
386 2127 528 2155 lactescere
549 2129 656 2163 incipit:
679 2137 779 2164 eaque,
802 2138 871 2164 quae

71 2164 162 2199 paullo
182 2169 243 2191 ante
265 2169 324 2191 nata
339 2170 415 2196 sunt,
439 2165 498 2192 sine
514 2167 656 2202 magistro,
681 2166 750 2192 duce
765 2171 869 2198 natura,

71 2211 202 2228 mammas
221 2207 364 2236 appetunt,
396 2211 544 2238 earumque
565 2204 685 2230 ubertate
706 2209 869 2230 saturantur.

69 2239 171 2274 Atque,
190 2244 219 2266 ut
231 2239 429 2275 intelligamus,
448 2240 516 2266 nibil
535 2241 630 2267 borum
647 2250 706 2267 esse
720 2241 868 2272 fortuitum,

69 2281 96 2303 et
110 2277 175 2303 haec
192 2277 283 2303 omnia
299 2286 358 2303 esse
373 2286 452 2311 opera
469 2278 597 2312 providae
608 2278 779 2313 sollertisque
793 2284 870 2305 natu-

69 2322 126 2340 rae:
145 2323 214 2349 quae
229 2314 395 2348 multiplices
408 2314 476 2341 fetus
489 2320 641 2350 procreant,
655 2321 684 2342 ut
694 2324 771 2347 sues,
787 2321 814 2342 ut
826 2326 870 2342 ca-

70 2359 126 2382 nes,
141 2351 184 2378 his
196 2360 375 2378 mammarum
386 2351 447 2378 data
458 2357 498 2378 est
510 2352 667 2385 multitudo3
681 2362 749 2388 quas
761 2353 869 2379 easdem

70 2397 169 2423 paucas
184 2388 285 2416 babent
294 2398 340 2415 eae
353 2389 463 2420 bestiae,
476 2398 546 2424 quae
557 2399 641 2425 pauca
653 2391 779 2426 gignunt.
812 2393 867 2417 129.

69 2425 140 2458 Quid
151 2425 250 2458 dicam,
262 2431 380 2462 quantus·
392 2436 466 2453 amor
478 2427 624 2454 bestiarum
635 2429 670 2454 sit
682 2429 708 2454 in
720 2428 869 2454 educandis

69 2463 310 2499 custodiendisque
327 2465 373 2495 iis,
395 2473 464 2499 quae
483 2470 704 2499 procreaverunt,
727 2474 814 2500 usque
835 2465 868 2492 ad
898 2493 900 2500 7

69 2508 132 2526 eum
144 2500 238 2532 linem,
255 2501 320 2528 dum
334 2502 438 2536 possint
448 2510 477 2528 se
492 2503 550 2536 ipsa
565 2502 728 2528 defendere?
753 2503 809 2528 Etsi
826 2503 868 2537 pi-

69 2546 137 2568 sces,
147 2542 175 2564 ut
185 2539 268 2570 aiunt,
276 2547 326 2565 ova
336 2548 422 2574 quum
434 2544 596 2574 genuerunt,
606 2539 775 2574 relinquunt:
791 2539 868 2566 facile

69 2575 142 2601 enim
166 2574 212 2602 illa
232 2584 301 2610 aqua
325 2581 351 2603 ct
376 2577 558 2607 sustinentur,
584 2581 610 2603 et
631 2576 714 2603 tetum
739 2576 866 2604 fundunt.

69 2612 123 2638 Lll.
145 2612 305 2639 Testudines
317 2618 406 2640 autem
417 2619 442 2640 et
453 2614 601 2640 crocodilos
611 2614 719 2645 dicunt,
739 2623 824 2648 quum
840 2615 866 2641 in

69 2654 137 2676 terra
148 2655 255 2685 partum
266 2650 414 2683 ediderint,
431 2651 545 2679 obruere
556 2660 619 2684 ova,
633 2651 732 2679 deinde
743 2651 867 2679 discede-

1048 113 1083 139 lI.
1110 113 1162 140 CA
1175 114 1202 139 l'.
1226 114 1257 140 45
1276 129 1313 132 —
1334 114 1376 139 tii.
1658 116 1721 141 1123

923 192 965 210 re:
989 184 1024 210 ita
1038 189 1064 210 et
1075 189 1222 210 nascuntur
1233 189 1258 211 et
1269 184 1417 211 educantur
1428 185 1485 218 ipsa
1498 192 1546 218 per
1556 192 1625 210 sese.
1665 185 1720 211 lam

923 221 1039 257 gallinae
1051 230 1169 256 avesque
1181 221 1300 256 reliquae
1311 227 1337 248 et
1347 222 1469 257 quietum
1481 222 1622 256 requirunt
1633 221 1665 247 ad
1672 230 1721 256 pa-

924 259 1048 285 riendum
1062 259 1163 290 locum,
1186 264 1212 285 et
1225 259 1326 285 cubilia
1341 260 1393 285 sibi
1409 259 1540 293 nidosque
1551 263 1720 290 construunt,

924 304 1023 331 eosque
1045 305 1126 331 quam
1150 301 1263 331 possunt
1287 296 1446 323 mollissime
1471 296 1661 327 substernunt,
1694 301 1723 323 ut

924 342 1005 368 quam
1019 333 1146 359 facillime
1158 343 1207 360 ova
1218 340 1372 360 serventur:
1389 343 1422 360 ex
1433 333 1722 369 quibuspullosquum

925 371 1111 401 excluserunt,
1129 372 1164 397 ita
1176 376 1296 402 tuentur,
1314 376 1342 397 ut
1353 377 1378 398 et
1389 372 1485 406 pennis
1497 371 1616 402 foveant,
1630 380 1663 397 ne
1676 370 1724 397 sri—

925 417 988 443 gore
1005 408 1157 439 laedantur,
1180 413 1218 439 et,
1236 410 1259 435 si
1274 414 1314 435 est
1328 408 1400 435 calor
1413 418 1428 434 a
1443 408 1511 439 sole,
1532 417 1561 434 se
1576 413 1721 443 opponant.

925 446 1014 478 Quum
1026 450 1115 472 autem
1128 445 1196 480 pulli
1208 446 1334 480 pennulis
1347 447 1386 472 uti
1398 450 1524 480 possunt,
1548 451 1605 472 tum
1618 445 1723 474 volatus

925 492 1018 510 eorum
1030 488 1128 509 matres
1138 488 1352 518 prosequuntur,
1375 484 1477 518 reliqua
1489 492 1552 509 cura
1564 483 1722 510 liberantur.

928 522 984 547 130.
1006 520 1117 547 Accedit
1137 521 1216 546 etiam
1238 520 1271 546 ad
1292 520 1483 547 nonnullorum
1504 521 1682 547 animantium
1698 525 1724 547 et

925 566 1018 584 earum
1030 566 1128 588 rerum,
1141 566 1208 592 quas
1220 563 1287 584 terra
1299 559 1395 593 gignit,
1404 559 1633 584 conservationem
1645 563 1670 585 et
1680 567 1724 584 sa-

927 595 1008 621 lutem
1025 595 1167 621 hominum
1182 595 1300 622 sollertia
1316 601 1341 622 et
1352 595 1503 630 diligentia.
1544 596 1610 621 Nam
1623 595 1722 622 multae

925 637 950 658 et
962 632 1079 667 pecudes
1090 637 1116 658 et
1126 633 1224 667 stirpes
1236 637 1311 659 sunt.
1328 642 1397 667 quae
1409 634 1466 658 sine
1478 633 1663 667 procuratione
1676 633 1724 659 llo-

926 671 1030 696 minum
1046 670 1136 696 salvae
1152 679 1210 696 esse
1227 679 1278 696 non
1295 675 1418 704 possunt.
1458 671 1569 705 Magnae
1583 671 1663 696 etiam
1675 679 1723 705 op-

925 708 1100 742 portunitates
1116 707 1149 733 ad
1165 707 1268 734 cultum
1283 707 1424 734 hominum
1438 712 1517 742 atque
1529 707 1723 734 abundantiam

925 745 993 771 aliae
1004 745 1064 770 aliis
1077 745 1104 770 in
1120 744 1184 771 locis
1196 746 1376 779 reperiuntur.
1408 745 1561 780 Aegyptum
1572 744 1650 771 Nilus
1662 745 1724 771 irri—

902 794 904 815 5
925 787 983 817 gat,
1001 787 1038 812 et,
1060 791 1144 816 quum
1161 787 1211 808 tota
1228 787 1326 808 aestate
1340 782 1463 808 obrutam
1479 782 1668 816 oppletamque
1684 787 1724 808 te-

925 819 997 849 nuit,
1021 824 1077 845 tum
1094 819 1194 845 recedit
1212 819 1383 854 mollitosque
1399 825 1424 845 et
1439 819 1581 845 oblimatos
1597 828 1674 854 agros
1690 819 1723 845 ad

925 856 1069 882 serendum
1086 856 1226 891 relinquit.
1267 857 1486 891 Mesopotamiam
1505 856 1618 882 fertilem
1642 856 1724 882 efficit

902 891 903 895 ¹
925 894 1089 929 Euphrates,
1108 895 1135 920 in
1152 903 1234 928 quam
1250 895 1394 929 quotannis
1405 895 1484 928 quasi
1498 902 1582 920 novos
1592 902 1669 929 agros
1682 894 1724 920 in-

925 932 1009 958 vehit.
1050 931 1133 957 Indus
1145 940 1221 962 vero,
1237 932 1286 966 qui
1298 936 1337 958 est
1348 932 1470 957 omnium
1482 930 1625 957 fluminum
1637 931 1724 957 maxi-

926 978 995 1000 mus,
1005 977 1056 995 non
1064 977 1132 1003 aqua
1139 969 1227 995 solum
1242 977 1320 1004 agros
1332 968 1456 995 laetificat
1467 974 1492 995 et
1504 969 1616 1004 mitigat,
1625 968 1672 994 sed
1679 977 1724 995 eos

925 1007 1006 1033 etiam
1022 1007 1151 1032 conserit:
1175 1015 1300 1041 magnam
1317 1007 1389 1032 enim
1406 1007 1462 1032 vim
1478 1007 1614 1032 seminum
1632 1014 1723 1032 secum

926 1044 1053 1071 frumenti
1065 1049 1090 1070 et
1100 1044 1233 1070 similium
1244 1044 1344 1070 dicitur
1358 1043 1506 1078 deportare.
1550 1045 1605 1069 131.
1627 1043 1725 1069 Multa-

925 1091 978 1117 que
993 1081 1044 1108 alia
1062 1082 1088 1107 in
1105 1081 1165 1107 aliis
1183 1081 1247 1107 locis
1263 1080 1509 1107 commemorabilia
1526 1080 1643 1115 proferre
1662 1089 1724 1115 pos-

925 1128 1000 1150 sum,
1018 1118 1117 1145 multos
1134 1118 1235 1145 fertiles
1251 1127 1342 1154 agros,
1365 1118 1431 1145 alios
1446 1118 1559 1144 aliorum
1576 1118 1723 1144 fructuum.

926 1158 990 1183 Llll.
1013 1156 1066 1183 Sed
1082 1156 1127 1182 illa
1143 1161 1243 1191 quanta
1258 1156 1411 1191 benignitas
1430 1161 1552 1186 naturae,
1577 1155 1650 1190 quod
1672 1160 1724 1181 tam

925 1194 1009 1221 multa
1021 1193 1054 1220 ad
1066 1193 1244 1224 vescendum,
1263 1198 1316 1220 tam
1329 1194 1415 1224 varia,
1434 1198 1542 1228 tamque
1554 1193 1670 1219 iucunda
1682 1193 1726 1228 gi-

924 1233 991 1268 gnit,
1006 1240 1093 1266 neque
1105 1240 1135 1258 ea
1149 1240 1201 1257 uno
1213 1236 1332 1266 tempore
1343 1231 1416 1261 anni,
1425 1236 1454 1257 ut
1464 1239 1572 1264 semper
1583 1236 1608 1257 et
1620 1231 1725 1257 novita-

925 1275 948 1296 te
960 1268 1125 1295 delectemur
1136 1273 1161 1295 et
1172 1269 1261 1303 copia!
1285 1270 1371 1300 Quam
1384 1269 1557 1303 tempestivos
1574 1273 1662 1294 autem
1677 1267 1726 1294 de-

924 1307 976 1338 dit,
995 1315 1077 1341 quam
1092 1306 1222 1332 salutares
1239 1315 1291 1332 non
1308 1305 1386 1332 modo
1402 1306 1557 1335 hominum,
1580 1305 1627 1331 sed
1644 1305 1724 1331 etiam

924 1344 1060 1379 pecudum
1072 1345 1174 1379 generi,
1189 1344 1223 1370 iis
1234 1343 1352 1378 denique
1363 1343 1504 1373 omnibus,
1520 1351 1589 1377 quae
1600 1343 1725 1369 oriuntur

924 1391 937 1408 e
949 1387 1026 1412 terra,
1041 1386 1134 1408 ventos
1146 1382 1263 1412 Etesias,
1279 1389 1394 1416 quorum
1407 1380 1469 1406 llatu
1483 1381 1559 1406 nimii
1572 1384 1725 1415 temperan-

924 1424 967 1446 tur
981 1419 1094 1445 calores!
1120 1419 1161 1445 Ab
1174 1419 1270 1445 iisdem
1285 1419 1365 1445 etiam
1377 1418 1504 1444 maritimi
1516 1426 1613 1443 cursus
1624 1417 1724 1443 celeres·

924 1462 949 1483 et
959 1458 1023 1483 certi
1037 1456 1203 1491 diriguntur.
1244 1456 1327 1482 Multa
1343 1454 1535 1490 praetereunda
1552 1460 1628 1485 sunt,
1646 1460 1670 1481 et
1686 1460 1725 1481 ta-

924 1503 985 1520 men
997 1494 1080 1520 multa
1092 1494 1228 1520 dicuntur.
1266 1495 1321 1520 132.
1344 1494 1502 1519 Enumerari
1513 1493 1585 1518 enim
1598 1502 1649 1518 non
1662 1501 1725 1527 pos-

923 1537 987 1558 sunt
999 1531 1141 1557 lluminum
1156 1532 1382 1566 opportunitates,
1401 1536 1490 1557 aestus
1507 1531 1647 1556 maritimi,
1668 1535 1723 1556 tum

924 1569 1094 1599 accedentes,
1112 1574 1168 1595 tum
1181 1568 1349 1598 recedentes,
1369 1573 1471 1594 montes
1484 1568 1573 1594 vestiti
1585 1573 1664 1602 atque
1676 1566 1725 1593 sil-

925 1611 1040 1637 vestres,
1053 1606 1155 1632 salinae
1167 1606 1200 1632 ab
1211 1615 1256 1632 ora
1269 1606 1402 1632 maritima
1415 1606 1623 1635 remotissimae,
1638 1604 1724 1630 medi-

924 1649 1107 1670 camentorum
1120 1643 1280 1670 salutarium
1293 1643 1467 1678 plenissimae
1480 1648 1576 1672 terrae,
1595 1647 1664 1668 artes
1676 1641 1724 1667 ‹le-

925 1682 1007 1716 nique
1023 1681 1235 1708 innumerabiles
1251 1681 1284 1707 ad
1302 1681 1402 1707 victum
1419 1685 1444 1706 et
1458 1680 1490 1706 ad
1503 1681 1584 1706 vitam
1601 1688 1724 1706 necessa-

925 1720 989 1745 riae.
1030 1720 1084 1745 lam
1101 1719 1156 1745 diei
1173 1719 1312 1753 noctisque
1330 1718 1490 1744 vicissitudo
1505 1722 1645 1744 conservat
1666 1717 1724 1742 ani-

925 1761 1037 1787 mantes,
1047 1756 1169 1783 tribuens
1176 1756 1250 1782 aliud
1257 1756 1354 1791 agendi
1367 1761 1482 1790 tempus,
1495 1755 1569 1781 aliud
1581 1755 1724 1789 quiescen-

924 1794 959 1820 di.
982 1794 1026 1820 Sic
1038 1793 1159 1828 undique
1169 1794 1243 1820 omni
1257 1795 1356 1820 ratione
1368 1793 1547 1822 concluditur,
1561 1797 1649 1818 tuente
1661 1800 1724 1817 con-

924 1831 1040 1866 silioque
1065 1831 1159 1857 divino
1183 1831 1273 1857 onmia
1300 1832 1325 1857 ia
1355 1831 1404 1857 hoc
1430 1830 1531 1856 mundo
1554 1830 1587 1856 ad
1609 1829 1724 1855 salutem

923 1869 1046 1895 omnium
1070 1869 1358 1903 conservationemque
1384 1867 1581 1894 admirabiliter
1606 1866 1724 1893 admini-

923 1907 1009 1933 strari.

982 1945 1037 1970 133.
1060 1944 1108 1970 llic
1118 1948 1229 1979 quaerat
1240 1943 1391 1978 quispiam,
1405 1943 1548 1969 cuiusnam
1560 1950 1654 1967 caussa
1667 1946 1724 1967 tan-

924 1986 1010 2008 tarum
1028 1990 1116 2007 rerum
1135 1981 1237 2008 molitio
1254 1980 1320 2007 sacta
1337 1982 1384 2012 sit,
1405 1980 1566 2006 arborumne
1585 1984 1609 2005 et
1627 1978 1724 2004 herba-

924 2018 1002 2045 rum‘?
1016 2027 1086 2053 quae
1097 2027 1264 2053 quamquam
1280 2019 1338 2044 sine
1355 2027 1435 2044 sensu
1449 2023 1525 2047 sunt,
1545 2023 1631 2043 tamen
1647 2025 1659 2042 a
1677 2025 1724 2042 na-

924 2060 981 2082 tura
993 2056 1172 2082 sustinentur.
1213 2056 1245 2082 At
1262 2055 1288 2081 id
1303 2055 1414 2090 quidem
1431 2055 1580 2081 absurdum
1593 2059 1641 2080 est.
1685 2055 1723 2079 λιι

924 2093 1090 2119 bestiarum?
1100 2093 1191 2119 Niliilo
1202 2092 1380 2127 probabilius,
1394 2092 1458 2118 deos
1471 2098 1605 2118 imitor-um
1617 2096 1642 2117 et
1654 2089 1722 2116 nibil

923 2130 1133 2165 intelligentium
1161 2139 1256 2156 caussa
1283 2135 1385 2156 tantum
1413 2129 1556 2156 laborasse.
1602 2128 1721 2160 Quorum

924 2168 1006 2200 igitur
1027 2176 1122 2193 caussa
1143 2168 1206 2201 quis
1227 2167 1327 2193 dixerit
1347 2166 1469 2193 ell'ectum
1490 2176 1548 2192 csse
1573 2164 1723 2191 mundum?

900 2203 901 2206 ’
924 2205 1020 2230 Eorum
1034 2204 1136 2230 scilicct
1147 2204 1337 2233 animantium,
1351 2212 1420 2238 quae
1433 2205 1533 2230 ratione
1546 2208 1667 2229 utuntur.
1690 2202 1721 2227 lli

922 2246 985 2267 sunt
996 2241 1034 2267 dii
1047 2246 1071 2267 et
1084 2241 1216 2270 homines,
1233 2240 1334 2275 quibus
1347 2240 1463 2274 profecto
1475 2241 1542 2267 nibil
1556 2246 1595 2265 est
1608 2239 1718 2265 melius.

923 2280 989 2305 ratio
1000 2283 1040 2304 cst
1051 2279 1122 2304 cuim
1132 2299 1137 2308 ,
1155 2287 1225 2313 quae
1242 2283 1357 2312 praestat
1367 2278 1505 2304 omuibus.
1547 2279 1582 2304 lta
1595 2279 1621 2302 tit
1633 2276 1722 2302 credi-

923 2315 976 2342 bile
987 2315 1099 2342 dcorum
1111 2321 1135 2342 ct
1150 2316 1288 2341 homiuum
1301 2324 1395 2340 (atussa
1408 2315 1506 2341 sactum
1519 2324 1577 2340 csse
1589 2313 1720 2340 mundum

921 2362 1045 2388 quaeque
1059 2354 1084 2379 in
1097 2362 1127 2379 co
1138 2354 1192 2379 sint
1202 2353 1302 2378 omma.
1346 2353 1410 2378 MV.
1437 2352 1608 2386 Faciliusque
1622 2350 1721 2377 inu-tti-

921 2395 1012 2425 gctur,
1028 2400 1041 2415 a
1053 2390 1107 2416 diis
1121 2389 1318 2416 imumrtalibus
1331 2389 1487 2415 liouiinilms
1499 2398 1557 2414 cssc
1570 2389 1718 2423 provisum.

921 2429 943 2453 si
956 2429 1062 2454 erittota
1077 2427 1194 2454 bominis
1207 2427 1345 2453 fabricatio
1357 2427 1656 2461 perspecta.muniisque
1669 2426 1720 2452 ltu-

922 2473 1015 2491 mauac
1040 2470 1149 2491 natm-ac
1174 2466 1258 2499 ligura
1280 2470 1359 2499 atquc
1380 2464 1516 2498 perfectio.
1565 2465 1619 2489 ⁴:³6.
1654 2464 1719 2489 Nam

921 2511 1005 2537 quum
1024 2502 1110 2528 tribus
1127 2503 1208 2528 rebus
1224 2502 1402 2528 animantium
1422 2503 1474 2527 vita
1492 2506 1624 2530 tem-ntur.
1645 2501 1715 2529 cibo,

921 2540 1041 2574 potione,
1064 2540 1174 2574 spiritu:
1198 2540 1229 2565 ad
1249 2540 1312 2565 liacc
1331 2540 1420 2565 «annia
1443 2538 1615 2573 percipienda
1631 2547 1660 2564 os
1679 2544 1718 2564 cst

920 2578 1106 2611 aptissimum:
1128 2578 1199 2612 (μιυι1
1215 2577 1350 2603 adiunctis
1363 2576 1473 2602 nnrilms
1485 2578 1581 2610 spirita
1594 2582 1716 2611 augetur.

921 2614 1049 2640 Dentibus
1061 2620 1149 2641 autem
1163 2616 1188 2641 iu
1201 2624 1244 2640 ore
1256 2615 1416 2640 constructis
1429 2614 1577 2642 matiditur,
1593 2619 1672 2648 atquc
1684 2613 1718 2638 al»

920 2651 962 2678 bis
977 2657 1136 2679 extenuatur
1147 2657 1171 2678 et
1187 2652 1294 2678 molitur
1305 2651 1393 2678 cibus.
1425 2651 1522 2677 Eorum
1535 2651 1640 2678 adversi
1654 2660 1717 2676 acu—

1440 2701 1482 2724 1⁴1
1501 2699 1510 2709 ’
