1941 3052
219 178 267 203 :150
786 174 828 198 25.
863 172 898 198 Μ.
932 172 962 198 Τ.
997 171 1038 197 Cl

214 247 320 273 cuniam
335 246 445 274 dederit.
463 253 512 271 non
528 249 572 270 aut
587 242 746 269 induriodio
758 242 873 272 utdicat,
890 246 935 267 aut
945 242 1003 276 cogi
1025 242 1034 315 l

215 284 352 317 reliyioue:
368 283 464 308 deinde
478 282 500 307 ni
515 290 566 315 qua
580 281 661 314 gretia
677 284 756 305 testes
770 279 949 310 deterrentur,
966 283 1004 304 ta-
1033 284 1035 292 ’

215 321 293 348 bultio
311 320 419 355 quidem
438 324 507 344 certe
527 319 691 351 incorruptae
709 321 788 350 atquc
810 317 926 351 integrae
948 324 1005 341 mn·
1033 327 1035 335 ⁴

215 363 286 385 nent.
329 358 378 383 Fue
395 365 487 382 omncs
506 355 682 380 amicissimos
697 353 804 379 Fonteio
823 352 920 379 fuisso:
947 358 1006 379 tan-
1026 329 1035 386 l*

216 401 271 422 tuni
287 394 425 420 hominurn
440 399 582 418 numerum
598 391 827 425 ignotissimorum
842 394 922 425 atque
940 390 1006 416 alit>-
1026 407 1028 416 i

216 433 387 459 nissimoruni
403 429 554 464 pepercisse
568 427 648 453 liuius
662 428 756 462 capiti,
779 427 948 454 consuluisse
967 426 1005 453 fa-
1026 423 1029 446 Ι

216 478 286 495 niue:
303 476 344 493 res
359 468 414 502 ipsa
430 472 516 492 tamen
531 473 560 490 ac
574 465 640 491 ratio
651 464 806 495 litterarum,
821 464 1005 499 confectioque
1026 477 1028 503 !

216 505 379 534 tabularum,
400 503 478 529 habet
492 503 559 529 lianc
573 502 641 531 vim,
664 507 693 528 ut
711 510 744 528 ex
757 503 872 537 acceptis
886 506 911 528 et
924 501 1002 533 datis,
1026 506 1028 518 ¹

214 541 347 577 quidquid
370 542 484 575 tingatur
505 544 551 565 aut
573 539 734 573 surripiatur
756 544 802 566 aut
822 548 874 566 non
892 543 1002 570 constet,

214 583 347 614 appareat.
385 578 512 611 Act-eptas
528 576 626 611 populo
640 577 757 603 Romano
771 577 898 612 pecunias
912 586 1004 603 omnes
1026 591 1029 613 ρ

215 617 257 642 isti
277 615 436 641 retulerunt:
465 615 487 640 si
507 614 628 648 protinus
646 614 706 640 aliis
725 623 809 649 acque
829 623 937 650 magnas
960 619 1005 640 aut
1026 618 1029 646 ζ

213 653 351 679 solverunt
368 656 413 678 aut
430 651 574 682 dederunt,
595 656 636 682 ut,
659 651 731 686 quod
750 656 887 686 acceptum
907 651 1006 686 populo

214 691 330 716 ltoinuno
349 694 401 719 est.
427 689 453 715 id
472 697 620 723 expensum
639 689 755 723 cuipiam
774 689 822 720 sit,
847 694 916 715 certe
937 688 1004 715 nibil

213 731 371 762 potestesse
385 726 542 752 detractum.
583 725 630 752 Sin
645 726 729 761 aliqui
747 726 856 753 domum
876 727 1002 757 tulerunt,

213 774 246 791 ex
260 773 352 791 eorum
366 772 434 794 arca,
450 772 464 789 0
478 772 504 789 ra
516 762 527 776 ‘
539 762 550 775 ⁶
562 763 573 775 ‘

270 802 294 828 t.
316 801 428 827 Deorum
445 800 638 835 hominumque
653 800 746 826 fideml
775 801 849 827 testis
864 809 914 827 non
929 801 1006 827 inv&

214 839 285 865 nitur
302 839 330 864 in
348 838 471 864 ducentis
489 842 514 863 ct
535 838 622 864 tricies
636 838 767 864 sestertio.
807 838 892 870 Quam
908 838 1006 864 multo-
1027 842 1028 846 ’

213 885 272 903 rum
292 874 450 902 hominum?
475 874 664 901 Sexcentorum
683 875 810 909 amplius.
850 874 955 908 Quibus
978 876 1004 901 in

214 913 290 940 terris
303 917 410 948 gestum
425 913 560 947 negotium
576 912 633 938 cst‘?
658 912 716 943 illo,
734 912 779 939 illo
793 913 917 947 inquam,
939 913 1002 943 loco,

212 959 294 985 quem
313 950 418 976 videtis.
459 950 538 976 Extra
557 949 712 976 ordinemne
731 951 843 984 pecunia
867 955 907 976 est
928 950 1006 976 data?

213 988 296 1014 imino
310 996 373 1014 vero
386 995 514 1013 nummus
528 987 620 1013 nullus
634 987 692 1013 sine
707 987 801 1014 litteris
820 987 912 1013 multis
933 996 1006 1013 com-

214 1030 302 1051 motus
316 1029 365 1051 est.
405 1024 478 1057 Quae
492 1029 532 1050 est
546 1024 627 1060 igitur
641 1025 688 1050 ista
703 1026 843 1055 accusatio,
859 1033 928 1059 quae
941 1025 1006 1058 [aci-

205 1062 267 1089 ·lius
282 1062 367 1097 possit
380 1061 470 1096 Alpes,
486 1070 566 1096 quam
582 1070 679 1096 paucos
694 1062 786 1088 aerarii
800 1062 899 1097 gradus
914 1071 1007 1088 ascen-

213 1099 288 1126 dere:
314 1099 472 1135 diligentius
486 1099 663 1130 Rutenorum,
683 1108 764 1134 quam
784 1099 875 1134 populi
895 1099 1006 1125 Romani

213 1136 338 1163 defendat
361 1137 506 1162 aerarium:
536 1136 672 1162 lubentius
695 1137 807 1171 ignotis,
833 1145 914 1171 quam
937 1140 1006 1163 notis

213 1178 316 1205 utatur,
341 1173 512 1209 alienigenis,
532 1182 613 1208 quam
627 1173 781 1200 domesticis
796 1174 923 1200 testibus:
948 1173 1007 1209 pla—

213 1211 276 1238 nius
286 1219 315 1237 se
325 1211 481 1237 confirmare
491 1211 591 1237 crimen
604 1210 724 1237 lubidine
735 1211 916 1242 barbarorum,
925 1219 1006 1246 quam

214 1253 364 1275 nostrorum
379 1248 519 1274 hominum
535 1247 629 1274 litteris
643 1248 804 1274 arbitretur?
841 1250 866 1275 5.
888 1249 1005 1275 Duorum

213 1286 433 1321 magistratuum,
453 1294 568 1320 quorum
587 1289 699 1320 uterque
718 1286 745 1312 in
762 1286 876 1320 pecunia
890 1286 1007 1312 maxima

213 1322 347 1349 tractanda
366 1322 584 1357 procurandaque
602 1327 723 1349 versatus
741 1328 794 1354 est,
821 1323 1006 1349 triumviratus

213 1364 238 1386 et
251 1364 410 1395 quaesturae
425 1360 490 1386 ratio
504 1360 542 1385 sic
556 1359 689 1391 redditur,
706 1359 817 1391 iudices,
833 1365 863 1386 ut
876 1361 903 1386 in
918 1361 952 1387 iis
966 1369 1008 1386 re-

212 1397 278 1428 bus,
298 1405 367 1432 quae
381 1401 440 1423 ante
454 1396 545 1423 oculos
558 1401 648 1432 gestae
663 1401 739 1428 sunt,
761 1397 794 1423 ad
812 1399 911 1424 multos
924 1398 1008 1433 perti-

213 1438 343 1465 nuerunt,
362 1433 494 1460 confectae
509 1434 626 1468 publicis
640 1434 806 1470 privatisque
821 1434 919 1461 tabulis
933 1439 1005 1466 sunt,

213 1471 287 1498 nulla
301 1471 460 1507 significatio
475 1470 551 1502 furti,
568 1471 641 1497 nulla
655 1471 770 1498 alicuius
784 1471 874 1499 delicti
888 1472 1008 1507 suspicio

213 1508 351 1535 referatur.
382 1510 406 1535 6.
422 1509 607 1543 Hispaniensis
623 1508 718 1545 legatio
731 1513 872 1536 consecuta
886 1514 934 1540 est,
951 1514 1008 1536 tur-

212 1545 401 1573 bulentissimo
426 1545 590 1581 reipublicae
617 1550 747 1581 tempore,
777 1555 863 1582 quum
889 1546 1007 1573 adventu

213 1583 243 1609 L.
257 1582 347 1610 Sullae
361 1583 388 1610 in
402 1582 505 1609 Italiam
524 1583 635 1609 maximi
654 1584 786 1610 exercitus
805 1585 907 1610 civium
925 1584 1005 1611 dissi-

212 1620 305 1647 derent
318 1623 348 1646 de
361 1620 469 1647 iudiciis
483 1629 513 1647 ac
527 1619 647 1670 legibus:
675 1625 756 1657 atque
773 1621 824 1649 hoc
843 1621 1007 1657 reipublicae

213 1662 283 1684 statu
297 1657 436 1693 desperato
449 1657 539 1693 qualis
576 1657 589 1671 ‘
598 1657 611 1671 ⁴

293 1729 318 1750 Β.
338 1729 468 1755 Fragmenta
477 1736 490 1749 a
500 1730 524 1749 C.
535 1729 592 1750 lulio
604 1728 696 1750 victore
705 1729 822 1750 memoriae
831 1729 929 1757 prodita:

267 1774 293 1800 7.
315 1773 344 1800 Si
358 1773 431 1800 nulla
445 1774 558 1808 pecunia
573 1778 710 1800 numerata
720 1778 774 1807 est3
789 1775 868 1801 cuius
879 1774 1007 1809 pecuniae

213 1811 438 1846 quinquagesima
460 1810 518 1837 est?
542 1831 834 1838 .............
853 1812 926 1847 quod
948 1812 1007 1838 eius

213 1856 308 1874 caussa
322 1856 374 1874 non
388 1848 424 1874 sit
436 1847 538 1879 eadem,
553 1856 622 1883 quae
636 1848 724 1875 Verris
737 1848 750 1861 ‘
759 1849 772 1861 ⁴
783 1848 794 1861 ‘

215 1918 239 1937 C.
262 1917 392 1942 Fragmenta
406 1923 418 1937 e
431 1916 512 1937 ceteris
527 1917 676 1945 scriptoribus
690 1917 734 1938 inm
744 1917 898 1945 superior-ilius
908 1917 1007 1943 cognita:

268 1963 293 1988 8.
315 1962 452 1988 Frumenti
466 1963 602 1989 maximus
615 1970 746 1989 numerus
760 1971 774 1989 e
787 1961 888 1993 Gallia,
904 1962 1008 1997 pedita-

212 2004 256 2026 tus
269 1999 452 2034 amplissimae
465 2000 556 2035 copiae
565 2008 580 2026 e
589 1999 686 2031 Gallia,
701 2000 807 2035 equites
820 2008 933 2027 numero
946 2000 1006 2035 plu-

214 2037 274 2063 rimi
287 2045 302 2063 e
316 2036 413 2063 Gallia.

401 2072 496 2100 (Aquila
507 2079 525 2093 t.
536 2075 568 2094 35.
580 2080 601 2100 p.
614 2075 659 2094 ¹78.
670 2072 704 2093 ed.
715 2071 818 2099 Βαδὺ.)

267 2110 292 2134 9.
314 2108 405 2135 Gallos
419 2109 529 2144 posthac
541 2108 656 2135 dilutius
669 2117 730 2136 esse
743 2113 866 2144 poturos,
881 2109 954 2145 quod
967 2109 1007 2136 illi

213 2153 345 2172 venenum
359 2155 418 2173 esse
432 2146 637 2173 arbitrabantur.

413 2182 539 2207 (Ananiam.
549 2182 655 2203 Marcell.
668 2182 719 2203 XV.
729 2189 747 2203 e.
758 2183 803 2208 12.)

272 2219 309 2244 10.
333 2216 475 2255 [Plaetorii]
499 2223 624 2250 matrem,
652 2218 718 2245 dum
741 2218 867 2250 vixisset,
895 2217 1005 2246 ludum:

212 2259 355 2290 postquam
368 2261 473 2283 mortua
486 2261 564 2287 esset,
580 2256 722 2292 magistros
736 2255 874 2283 habuisse.

480 2292 604 2318 (Quinctil.
618 2293 654 2316 Nl,
665 2294 685 2316 3.
696 2293 740 2318 51.)

270 2329 308 2354 Η.
329 2328 383 2354 Hoc
397 2333 516 2363 praetore
528 2337 684 2363 oppressam
698 2336 758 2354 esse
772 2336 832 2354 aere
846 2327 933 2355 alieno
943 2328 1008 2355 Gal-

214 2363 284 2390 liam.
306 2365 328 2391 A
338 2365 440 2400 quibus
450 2374 574 2392 versuras
589 2371 721 2392 tantarum
735 2366 910 2400 pecuniarum
925 2365 1007 2392 factas

213 2409 271 2427 esse
284 2401 395 2429 dicunt?
407 2403 430 2429 A
440 2402 544 2430 Gallis?
556 2403 630 2430 Niliil
641 2404 741 2429 minus.
763 2403 785 2429 Α
794 2403 897 2438 quibus
907 2402 1007 2439 igitur?

212 2437 234 2464 A
247 2438 352 2465 civibus
366 2440 505 2471 Romanis,
525 2441 573 2475 qui
590 2441 760 2476 negotiantur
773 2441 802 2466 in
816 2440 912 2467 Gallia.
952 2440 1007 2467 Cur

213 2482 303 2501 eorum
318 2476 397 2503 verba
411 2486 464 2504 non
477 2477 622 2504 audimus?
634 2486 682 2504 cur
695 2486 787 2504 eorum
799 2477 905 2504 tabulae
916 2477 1007 2504 nullae

214 2511 400 2545 proferuntur?
425 2515 540 2541 Insector
562 2515 631 2542 ultro
654 2519 735 2550 atque
756 2515 827 2541 insto
847 2515 1004 2546 accusatori,

213 2548 328 2575 iudices:
345 2550 468 2582 insector,
484 2552 603 2587 inquam,
619 2557 645 2578 et
657 2551 746 2587 flagito
760 2556 851 2578 testes.
878 2551 943 2578 Plus
957 2561 1006 2588 ego

213 2584 241 2611 in
256 2585 304 2611 liac
317 2595 410 2613 caussa
425 2587 522 2615 laboris
536 2594 562 2615 et
574 2597 670 2624 operae
683 2597 812 2615 consumo
824 2589 853 2615 in
863 2589 1006 2623 poscendis

215 2622 340 2654 testibus,
356 2632 437 2658 quam
451 2627 531 2652 ceteri
542 2626 696 2652 defensores
709 2626 738 2652 in
751 2625 910 2652 refutandis.
949 2626 1006 2652 Au-

214 2658 314 2686 daciter
327 2660 375 2686 hoc
388 2661 457 2692 dico,
472 2662 588 2689 iudices:
605 2671 658 2689 non
672 2667 770 2689 temere
782 2662 920 2689 confirmo.
953 2663 1007 2690 Re-

214 2694 279 2722 ferta
293 2696 379 2724 Gallia
392 2699 585 2734 negotiatorum
598 2704 651 2731 est,
666 2699 746 2735 plena
759 2700 862 2727 civium
873 2701 1008 2727 Romano-

1054 169 1272 197 CERONlS

1055 249 1125 266 rum.
1166 240 1250 266 Nemo
1262 239 1400 267 Gallorum
1419 240 1478 267 sine
1494 241 1554 267 cive
1568 241 1686 268 Romano
1698 241 1848 277 quidquam

1056 277 1154 312 negotii
1171 278 1253 313 gerit:
1279 286 1408 304 nummus
1427 278 1453 304 in
1467 278 1553 304 Gallia
1568 278 1661 305 nullus
1675 279 1733 306 nine
1746 279 1848 307 civium

1056 315 1233 341 Romanorum
1252 314 1352 341 tabulis
1369 320 1560 342 commovetur.
1602 317 1642 342 ⁴2.
1666 316 1770 347 Videte.
1794 325 1849 352 quo

1055 351 1224 382 descendam,
1241 351 1352 382 iudices,
1367 361 1447 387 quam
1465 352 1541 388 longe
1556 352 1646 379 videar
1658 353 1692 379 ab
1705 358 1849 381 consuetu-

1055 389 1118 414 dine
1137 398 1194 415 mea
1212 393 1239 415 et
1257 390 1379 416 cautione
1393 398 1423 415 ac
1435 389 1573 425 diligentia
1588 390 1735 417 discedere.
1776 390 1849 418 Unae

1057 425 1162 452 tabulae
1176 425 1352 461 proferantur,
1368 426 1394 453 in
1409 427 1511 462 quibua
1526 428 1668 462 vestigium
1682 428 1717 455 uit
1728 427 1846 463 aliquod.

1055 463 1127 498 quod
1141 464 1287 499 significet,
1308 464 1449 498 pecuniam
1464 464 1573 491 Fonteio
1590 464 1692 497 dnum,
1717 473 1801 492 unum
1815 474 1849 493 ex

1056 505 1109 527 toto
1123 501 1329 536 negotiatorum,
1350 501 1519 532 colonorum,
1536 501 1749 536 publicanorum,
1764 507 1849 530 arato-

1056 546 1129 569 rum,
1152 539 1337 572 pecuariorum
1356 547 1468 565 numero
1486 543 1580 565 testem
1599 539 1759 574 producant,
1787 548 1850 567 vere

1056 580 1209 602 accusatum
1223 585 1282 602 esse
1295 576 1449 602 concedam.
1474 576 1523 602 Pro
1535 576 1573 602 dii
1588 576 1765 603 immorulec!
1800 586 1850 604 uae

1057 612 1120 638 haec
1138 618 1178 639 est
1196 612 1308 639 caussa?
1330 622 1398 648 quae
1419 613 1557 640 defensio?
1580 613 1733 640 Provinciae
1747 614 1785 641 Ga
1800 614 1850 641 liae

1057 650 1091 676 M.
1108 650 1232 676 Fonteius
1252 650 1378 685 praefuit,
1397 659 1466 685 quae
1483 655 1585 677 constat
1602 659 1635 678 ex
1653 652 1686 678 iis
1703 651 1850 687 generibus

1027 703 1028 711 η
1057 687 1195 713 hominum
1210 692 1235 714 et
1248 688 1395 718 civitatum,
1409 688 1465 723 qui,
1482 693 1510 714 ut
1523 693 1609 714 vetera
1624 689 1736 719 mittam.
1753 689 1849 724 partim

1056 728 1143 750 nostra
1163 726 1288 751 memoria
1307 725 1376 751 bella
1394 734 1455 751 curn
1471 725 1570 760 populo
1584 725 1701 752 nomano
1713 726 1806 752 acerba
1819 734 1850 752 ac

1055 761 1181 788 diuturna
1196 767 1350 798 gesserunt:
1373 764 1468 797 partim
1483 763 1562 789 modo
1575 762 1608 789 ab
1622 763 1720 789 nostris
1734 763 1850 798 impen-

1057 800 1158 826 toribus
1173 800 1289 831 subacti,
1312 800 1390 826 modo
1404 800 1474 826 bello
1487 800 1595 831 domiti,
1612 800 1691 827 modo
1705 800 1850 835 triumphis

1056 845 1085 862 ac
1099 838 1280 863 monumentis
1295 839 1384 867 notati,
1402 837 1480 864 modo
1493 837 1526 863 ab
1536 842 1629 864 senatu
1641 838 1712 873 agris
1723 838 1851 864 urbibus-

1056 882 1108 908 que
1123 873 1241 900 mulctati
1256 879 1332 900 sunt:
1359 875 1464 909 partim,
1480 875 1527 910 qui
1542 883 1602 901 cum
1618 875 1677 910 ipso
1691 875 1726 901 M,
1742 875 1852 902 Fonteio

1057 911 1155 937 ferrum
1170 920 1199 937 ac
1214 920 1309 938 manus
1323 911 1504 943 contulerunt,
1528 912 1666 947 multoque
1679 913 1738 938 eius
1752 912 1851 938 sudore

1056 957 1086 974 ac
1104 948 1191 974 labore
1209 949 1261 974 sub
1279 949 1371 983 populi
1386 949 1495 975 Romani
1511 949 1652 984 imperium
1667 949 1852 984 ditionemque

1056 985 1218 1012 ceciderunt.
1260 987 1300 1012 ⁴3.
1322 986 1369 1012 Est
1382 987 1409 1012 in
1423 986 1515 1012 eadem
1530 987 1665 1021 provincia
1679 986 1768 1012 Narbo
1782 987 1852 1013 Mar-

1056 1023 1129 1053 cius,
1149 1022 1251 1049 colonia
1266 1027 1415 1050 nostrorum
1430 1024 1544 1054 civium,
1565 1023 1673 1058 specula
1693 1023 1785 1058 populi
1799 1024 1851 1050 Ro-

1057 1060 1129 1086 mani
1143 1068 1172 1086 ac
1186 1061 1416 1096 propugnaculum
1426 1081 1432 1091 ,
1448 1061 1508 1087 istis
1522 1061 1589 1096 ipsis
1603 1061 1755 1087 nationibus
1767 1069 1852 1096 oppo-

1057 1098 1139 1124 situm
1154 1102 1180 1123 et
1193 1097 1341 1124 obiectum:
1357 1103 1397 1125 est
1407 1098 1468 1124 item
1481 1098 1544 1124 urbs
1555 1098 1682 1129 Massilia,
1697 1098 1730 1124 de
1739 1107 1793 1133 qua
1803 1107 1852 1125 an-

1058 1138 1082 1161 te
1100 1134 1170 1165 dixi.
1191 1134 1396 1161 fortissimorum
1415 1135 1688 1170 fidelissimorumque
1706 1136 1850 1167 sociorum,

1057 1172 1105 1207 qui
1124 1171 1288 1198 Gallicorum
1306 1172 1437 1199 bellorum
1461 1172 1579 1207 pericula
1602 1173 1714 1208 praetori
1734 1173 1853 1199 Romano

1058 1210 1139 1236 remis
1152 1209 1292 1244 copiisque
1305 1215 1526 1244 compensarunt:
1551 1214 1592 1236 est
1609 1215 1742 1245 praeterea
1756 1218 1853 1236 nume-

1058 1255 1105 1273 rus
1123 1247 1224 1273 civium
1238 1247 1417 1273 Romanorum
1436 1252 1516 1282 atque
1534 1247 1674 1274 hominum
1694 1247 1854 1274 honestissi-

1058 1292 1173 1311 morum.
1214 1284 1246 1310 11.
1267 1285 1334 1310 Huic
1348 1285 1513 1319 provinciae,
1533 1293 1602 1319 quae
1621 1293 1654 1311 ex
1667 1284 1716 1311 hac
1730 1285 1853 1320 gentium

1058 1321 1184 1348 varietate
1201 1326 1346 1352 constaret,
1367 1322 1402 1348 M.
1423 1322 1563 1352 Fonteius,
1584 1326 1613 1348 ut
1630 1321 1701 1352 dixi,
1721 1321 1851 1357 praefuit:

1058 1358 1105 1393 qui
1120 1363 1194 1385 erant
1208 1358 1310 1388 hostes,
1330 1359 1452 1395 subegit:
1477 1359 1524 1394 qui
1539 1359 1653 1394 proximi
1668 1358 1785 1390 fuerant,
1807 1367 1853 1386 eos

1058 1404 1092 1422 ex
1106 1396 1139 1422 iis
1152 1396 1237 1431 agris,
1259 1396 1360 1431 quibus
1374 1401 1448 1422 erant
1462 1396 1595 1427 mulctati,
1611 1396 1738 1423 decedere
1751 1397 1851 1432 coegit:

1058 1433 1162 1463 ceteris,
1178 1433 1225 1468 qui
1237 1433 1335 1460 idcirco
1345 1434 1449 1469 magnis
1459 1442 1539 1469 saepe
1550 1438 1623 1460 erant
1633 1433 1712 1460 bellis
1722 1433 1852 1469 superati,

1059 1475 1089 1497 ut
1101 1479 1209 1505 semper
1222 1470 1322 1505 populo
1335 1471 1453 1497 Romano
1467 1476 1602 1506 parerent,
1624 1479 1735 1507 magnos
1749 1471 1854 1507 equita—

1059 1513 1102 1534 tus
1116 1507 1149 1534 ad
1163 1516 1193 1534 ea
1207 1507 1285 1539 bella,
1301 1517 1370 1543 quae
1384 1513 1441 1535 tum
1455 1509 1482 1535 iu
1497 1513 1550 1535 toto
1563 1508 1625 1535 orbe
1640 1513 1769 1535 terrarum
1779 1517 1794 1534 a
1805 1516 1854 1543 po-

1058 1545 1123 1580 pulo
1133 1546 1251 1572 Romano
1263 1546 1432 1581 gerebantur,
1449 1554 1559 1582 magnas
1573 1546 1700 1581 pecunias
1714 1545 1747 1572 ad
1761 1553 1854 1572 eorum

1059 1582 1233 1617 stipendium,
1250 1583 1397 1609 maximum
1413 1582 1538 1609 frumenti
1555 1591 1697 1610 numerum
1711 1582 1744 1609 ad
1758 1583 1855 1618 Hispa-

1059 1620 1151 1646 niense
1169 1619 1272 1646 bellum
1290 1619 1458 1647 tolerandum
1472 1620 1623 1655 imperavit.
1665 1621 1706 1647 tt.
1727 1621 1766 1651 ls,
1789 1619 1855 1646 haec

1058 1657 1106 1692 qui
1119 1657 1218 1692 gessit,
1238 1657 1265 1683 in
1279 1656 1410 1683 iudicium
1424 1661 1546 1684 vocatur:
1575 1666 1636 1687 vos,
1655 1657 1703 1692 qui
1717 1657 1745 1684 in
1759 1665 1787 1684 re
1801 1665 1854 1684 non

1058 1693 1228 1725 interfuistis,
1244 1702 1367 1721 caussam
1382 1703 1435 1721 una
1449 1703 1510 1721 cum
1520 1694 1621 1730 populo
1629 1694 1748 1721 Romano
1756 1702 1855 1730 eogno-

1058 1732 1143 1758 scitis.
1182 1731 1279 1758 Dicunt
1296 1736 1399 1763 contra,
1427 1732 1528 1767 quibus
1548 1732 1720 1758 invitissimis
1738 1731 1856 1767 impera-

1059 1773 1116 1795 tum
1130 1773 1183 1795 est:
1199 1768 1301 1799 dicunt.
1317 1769 1364 1804 qui
1379 1777 1412 1795 ex
1426 1769 1497 1805 agris
1511 1777 1545 1796 ex
1555 1769 1603 1796 Cn.
1614 1769 1735 1804 Pompeii
1749 1768 1855 1796 decreto

1059 1805 1186 1832 decedere
1199 1811 1263 1832 sunt
1276 1806 1372 1832 coacti:
1400 1806 1507 1837 dicunt,
1523 1807 1571 1841 qui
1585 1815 1619 1833 ex
1631 1806 1715 1838 bello,
1735 1805 1816 1833 caede
1828 1810 1856 1833 et

1059 1843 1122 1879 fuga
1140 1851 1212 1869 nunc
1231 1844 1348 1878 primum
1362 1843 1461 1870 audent
1474 1849 1563 1870 contra
1578 1844 1613 1870 M.
1630 1843 1769 1870 Fonteium
1782 1843 1856 1870 iner-

1059 1889 1130 1906 mem
1155 1881 1308 1907 consistere.
1348 1879 1419 1913 Quid
1443 1880 1530 1907 coloni
1556 1880 1760 1907 Narbonenses?
1787 1879 1856 1916 quid

1059 1917 1171 1944 volunt?
1195 1917 1263 1953 quid
1276 1917 1448 1944 existimant?
1473 1918 1550 1945 Hunc
1563 1926 1610 1953 per
1623 1926 1671 1945 vos
1689 1917 1797 1950 volunt3
1824 1925 1856 1944 se

1059 1963 1107 1990 per
1124 1955 1196 1982 hunc
1214 1955 1362 1982 incolumes
1385 1956 1541 1982 existimant
1561 1963 1630 1982 esse.
1669 1954 1741 1988 Quid
1758 1954 1856 1982 Massi-

1060 1992 1187 2019 liensium
1200 1992 1314 2019 civitas?
1332 1992 1407 2019 hunc
1419 1998 1585 2027 praesentem
1599 1993 1634 2019 iis
1647 1992 1734 2019 afl'ecit
1745 1992 1856 2019 honori-

1059 2029 1123 2061 bus.
1147 2038 1216 2065 quos
1236 2030 1330 2056 habuit
1349 2030 1545 2065 amplissimos:
1573 2038 1621 2056 vos
1644 2034 1734 2056 autem
1754 2029 1854 2056 absens

1059 2071 1115 2094 orat
1127 2071 1207 2102 atque
1220 2067 1349 2098 obsecrat,
1365 2071 1395 2093 ut
1408 2075 1457 2093 sua
1471 2067 1578 2103 religio,
1595 2066 1723 2098 laudatio,
1739 2066 1855 2093 aucton'-
1899 2078 1911 2097 η

1059 2109 1112 2135 tas,
1133 2104 1236 2140 aliquid
1253 2104 1325 2140 apud
1344 2109 1446 2131 vestros
1464 2105 1567 2131 animos
1584 2104 1713 2131 momenti
1725 2103 1856 2130 habuisse

1059 2141 1191 2168 videatur.
1234 2143 1274 2168 ⁴5.
1296 2141 1385 2174 Quid?
1406 2142 1508 2168 civium
1521 2142 1701 2168 Romanorum
1718 2149 1788 2176 quae
1806 2149 1855 2168 vo-

1059 2178 1147 2205 luntas
1165 2178 1223 2205 est?
1248 2179 1332 2205 Nemo
1349 2182 1390 2205 est
1407 2187 1440 2205 ex
1458 2183 1530 2205 tanto
1547 2186 1673 2209 numero,
1695 2178 1764 2213 quin
1782 2177 1855 2205 bunc
1894 2184 1909 2213 V:

1058 2217 1158 2251 optime
1171 2216 1204 2242 de
1218 2217 1364 2251 provincia,
1380 2216 1414 2242 de
1427 2216 1552 2251 imperio,
1567 2215 1600 2242 de
1613 2216 1694 2242 sociis
1707 2220 1734 2241 et
1745 2215 1854 2242 civibus

1058 2254 1184 2280 meritum
1202 2261 1261 2280 esse
1278 2253 1429 2280 arbitretur.
1467 2254 1512 2280 111.
1532 2252 1664 2285 Quoniam
1682 2252 1766 2288 igitur
1778 2251 1855 2279 vide-
1904 2283 1907 2292 Ἰ

1058 2291 1101 2322 tis,
1116 2291 1164 2326 qui
1177 2295 1362 2326 oppugnatum
1375 2291 1412 2317 M.
1423 2290 1573 2321 Fonteium,
1588 2289 1730 2325 cognostis,
1746 2290 1795 2325 qui
1806 2289 1855 2316 de-
1894 2286 1903 2295 ’

1058 2327 1165 2354 fensum
1179 2328 1276 2354 velint:
1301 2328 1409 2354 statuite
1426 2336 1512 2358 nunc,
1533 2326 1601 2362 quid
1619 2331 1707 2353 vestra
1721 2327 1851 2362 aequitas.
1900 2333 1901 2341 ¹

1057 2365 1124 2400 quid
1138 2364 1231 2400 populi
1244 2365 1355 2392 Romani
1369 2364 1487 2401 dignitas
1499 2363 1630 2400 postulet:
1647 2368 1738 2390 utrum
1751 2362 1854 2391 colonis
1899 2371 1903 2377 “

1057 2403 1164 2434 vesu-is,
1180 2402 1389 2438 negotiatoribus
1403 2402 1509 2433 vestris,
1524 2401 1698 2428 amicissimis
1712 2405 1792 2436 atque
1805 2409 1855 2428 an-
1896 2415 1898 2418 ·

1058 2440 1221 2475 tiquissimis
1234 2440 1324 2471 sociis,
1340 2444 1366 2466 et
1378 2439 1484 2466 credere
1497 2443 1523 2466 et
1535 2438 1676 2465 consulere
1689 2437 1803 2469 malitis,
1818 2446 1854 2465 an

1057 2477 1105 2508 iis,
1125 2477 1227 2512 quibus
1245 2485 1333 2512 neque
1350 2481 1457 2512 propter
1469 2475 1635 2503 iracundiam
1649 2474 1743 2506 fidem,
1764 2483 1854 2510 neque

1057 2519 1165 2549 propter
1181 2513 1366 2541 infidelitatem
1383 2513 1510 2540 honorem
1533 2513 1632 2540 habere
1654 2511 1768 2539 debetis.
1809 2513 1851 2538 16.

1057 2550 1141 2583 Quid,
1162 2551 1186 2578 si
1204 2551 1332 2578 maiorem
1349 2550 1491 2576 hominum
1504 2550 1584 2577 etiam
1598 2549 1852 2591 honestissimorum
1894 2543 1901 2573 ἶ

1683 2590 1852 2613 innocentiae
1890 2599 1897 2615 .-
1923 2594 1928 2600 ·

1057 2626 1208 2652 testimonio
1221 2625 1327 2660 possint
1339 2623 1417 2651 esse?
1429 2629 1552 2651 tamenne
1565 2623 1628 2659 plus
1638 2623 1778 2651 Gallorum
1786 2631 1852 2650 oon-
1894 2626 1898 2631 ”

1056 2589 1161 2623 copiam
1177 2588 1269 2619 afl'ero,
1293 2588 1341 2623 qui
1363 2587 1445 2614 huius
1468 2588 1562 2614 virtuti
1581 2595 1596 2613 a

1057 2663 1147 2689 sensio
1164 2661 1276 2693 valebit,
1295 2670 1376 2697 quam
1394 2669 1516 2687 summae
1532 2661 1696 2688 auctoritatis
1709 2659 1851 2687 omnium?

1056 2698 1146 2732 Quum
1158 2698 1260 2726 Galliae
1270 2699 1397 2726 Fonteius
1405 2703 1549 2734 praeesset,
1564 2698 1649 2730 scitis,
1663 2697 1777 2730 iudices,
1792 2705 1851 2724 ma-
1886 2737 1889 2742 .
