1941 3052
399 154 454 182 AD
486 155 782 182 HERENNIUM
815 155 901 182 LIB.
936 155 978 181 IV.

25 236 132 265 quoque
146 226 329 253 vehementius
343 225 556 252 immutabimus.
572 226 625 252 Hoc
639 235 726 261 neque
739 234 812 252 com-

26 265 179 293 modissime
200 264 280 290 scribi
298 267 384 298 potest
406 271 491 298 neque
509 272 604 298 parum
621 268 661 290 est
675 268 809 299 apertum;

25 312 106 340 quare
120 311 170 329 non
185 305 244 337 eget
257 300 380 335 exempli.

79 341 170 367 XLIII.
198 340 239 365 55.
267 338 385 364 Tertium
411 346 496 373 genus
521 342 562 363 est
586 338 808 369 commutationis,

24 378 97 414 quod
119 375 250 404 tractando
267 375 413 406 conficitur,
433 375 456 400 si
475 375 631 401 sententiam
649 376 811 401 traiiciemus

25 420 71 442 aut
84 415 116 441 ad
129 413 374 440 sermocinationem
388 416 433 438 aut
446 412 478 438 ad
491 413 733 438 exsuscitationem.
749 412 812 438 Ser—

25 452 164 479 mocinatio
181 455 228 481 est,
249 449 291 484 (de
308 458 361 484 qua
379 449 486 484 planius
504 449 594 484 paullo
611 454 670 484 post
688 458 737 475 suo
756 449 811 476 Ioco

25 489 158 521 dicemus3
178 496 248 513 nunc
262 487 384 517 breviter,
401 487 473 522 quod
491 487 523 512 ad
537 487 604 513 hanc
618 496 673 513 rem
687 487 751 512 satis
766 487 808 518 sit,

26 524 205 562 attingemus,)
227 525 254 551 in
276 533 329 559 qua
351 524 526 550 constituetur
548 524 661 550 alicuius
684 532 810 558 personae

25 564 106 591 oratio
119 561 312 589 accommodata
325 561 358 587 ad
372 561 535 596 dignitatem,
552 561 601 587 hoc
612 561 697 591 modo,
712 565 749 591 ut,
758 569 812 595 quo

26 600 128 628 facilius
150 608 192 626 res
213 599 336 634 cognosci
358 599 450 633 possit,
475 607 507 624 ne
525 598 557 624 ab
576 598 668 624 eadem
682 599 810 624 sententia

25 637 191 665 recedamus:
220 636 340 670 Sapiens,
365 636 413 670 qui
435 636 522 661 omnia
541 635 703 670 reipublicae
717 644 811 661 caussa
832 650 841 674 2,

26 673 193 710 suscipienda
215 673 332 708 pericula
354 673 466 707 putabit,
491 681 569 707 saepe
591 673 649 707 ipse
667 673 705 698 sic
719 681 810 698 secum
832 682 833 688 ¹

27 712 159 747 loquetur:
176 712 233 737 Non
247 711 313 737 mihi
327 710 385 741 soli,
402 710 449 736 sed
463 711 551 742 etiam,
564 714 642 744 atque
653 710 717 736 adeo
727 710 811 736 multo

25 750 121 785 potius,
146 753 223 774 natus
241 757 301 774 sum
320 748 432 782 patriae,
461 748 522 778 vita,
540 756 608 782 quae
623 747 675 773 sato
688 747 808 778 debetur,

25 786 104 814 saluti
121 786 220 821 patriae
237 786 407 820 potissimum
426 784 553 811 solvatur.
588 784 661 810 Aluit
675 785 739 811 haec
753 794 808 817 me3

26 829 80 851 tute
98 827 176 858 atque
190 823 299 849 honeste
312 822 438 857 produxit
455 831 542 857 usque
556 822 588 848 ad
603 822 670 848 hanc
684 826 808 854 aetatem3

26 861 121 888 muniit
134 869 206 886 meas
220 861 333 886 rationes
347 860 424 885 bonis
435 859 548 895 legibus,
561 860 669 894 optimis
680 859 808 890 moribus,

25 898 219 925 honestissimis
237 897 398 932 disciplinis.
425 896 495 929 Quid
509 902 557 928 est,
577 897 649 932 quod
663 906 676 922 a
692 905 733 922 me
747 897 810 922 satis

24 936 48 962 ‘ei
67 934 182 970 persolw'
200 935 292 970 possit,
312 934 384 960 unde
402 934 465 960 haec
484 939 588 969 accepta
607 933 687 960 sunt‘?
725 934 811 966 Quare

24 981 101 1007 saepe
119 981 168 1008 ego
184 973 212 998 in
230 972 356 1007 periculis
374 971 536 1006 reipublicae
550 971 655 998 nullum
670 972 728 1006 ipse
741 972 812 1006 peri—

23 1010 115 1036 eulum
129 1009 196 1045 fugi.
229 1010 293 1036 Item
312 1013 429 1035 mutatur
446 1018 487 1035 res
502 1009 643 1040 tractando,
660 1010 681 1035 si
697 1009 812 1035 traduci-
840 1010 842 1039 ἶ

25 1051 67 1073 tur
80 1047 113 1073 ad
126 1047 367 1077 exsuscitationem,
388 1055 472 1081 quum
487 1051 512 1072 et
526 1056 573 1073 nos
587 1047 710 1073 commoti
725 1046 812 1072 dicere

24 1085 174 1116 videamur3
199 1089 224 1110 et
245 1084 372 1110 auditoris
395 1085 513 1110 animum
532 1092 741 1115 commovemus,
757 1084 809 1110 sic:

23 1121 89 1154 Quis
108 1126 147 1148 est
165 1126 216 1147 tam
235 1122 307 1147 tenui
325 1122 483 1156 cogitatione
501 1121 646 1156 praeditus,
662 1122 740 1147 cuius
755 1122 812 1147 ani-

24 1168 84 1185 mus
107 1160 185 1185 tantis
206 1159 339 1194 angustiis
361 1158 477 1185 invidiae
500 1159 657 1190 continetur,
686 1159 733 1193 qui
760 1167 811 1184 non

23 1196 95 1223 hunc
117 1196 251 1223 hominem
273 1196 469 1222 studiosissime
492 1196 581 1222 laudet
598 1201 624 1222 et
645 1197 813 1231 sapientissi-

23 1242 97 1260 mum
111 1233 218 1264 iudicet,
234 1233 281 1268 qui
296 1242 342 1268 pro
356 1233 440 1259 salute
454 1234 561 1268 patriae,
574 1233 812 1268 proincolumitate

23 1271 145 1302 civitatis,
166 1279 214 1305 pro
226 1270 388 1305 reipublicae
403 1270 515 1297 fortunis
533 1271 657 1306 quamvis
684 1280 811 1306 magnum

23 1313 101 1343 atque
120 1312 193 1334 atrox
210 1308 359 1342 periculum
378 1308 496 1334 studiose
515 1309 644 1343 suscipiat
661 1312 687 1334 et
701 1308 813 1334 libenter

22 1345 134 1372 subeat‘?
164 1345 297 1380 Equidem
316 1345 388 1372 hunc
406 1346 541 1372 hominem
556 1346 641 1381 magis
655 1347 734 1380 cupio
748 1346 812 1372 satis

23 1382 138 1414 laudare,
158 1391 239 1417 quam
257 1391 380 1417 possum,
408 1382 534 1418 idemque
553 1383 601 1409 hoc
615 1388 684 1409 certo
698 1383 752 1409 scio
766 1392 813 1409 vo-

22 1420 64 1446 bis
90 1420 215 1446 omnibus
237 1429 289 1446 usu
307 1420 407 1446 venire.
442 1421 482 1446 56.
502 1420 601 1446 Eadem
620 1429 661 1446 res
675 1421 756 1455 igitur
770 1420 812 1446 his

22 1458 108 1484 tribus
126 1458 153 1483 in
171 1457 283 1483 dicendo
300 1457 507 1483 commutabitur
524 1458 612 1488 rebus,
639 1458 735 1488 verbis,
752 1466 813 1492 pro-

23 1495 176 1525 nuntiando,
202 1494 348 1527 tractando;
376 1494 422 1520 sed
439 1495 572 1521 tractando
584 1494 735 1529 dupliciter,
757 1503 812 1521 ser-

23 1532 196 1558 mocinatione
209 1536 234 1558 et
247 1532 459 1558 exsuscitatione.

77 1569 167 1596 XLIV.
185 1568 236 1595 Sed
250 1569 282 1595 de
297 1569 387 1595 eadem
404 1578 430 1595 re
444 1577 528 1603 quum
543 1569 673 1600 dicemus,
687 1568 811 1603 pluribus

22 1611 129 1634 utemur
142 1606 404 1633 commutationibus
430 1607 497 1632 Nam
511 1615 596 1641 quum
611 1615 665 1632 rem
681 1606 812 1640 simplici·
833 1614 835 1633 ἐ

22 1648 60 1670 ter
73 1644 343 1679 pronuntiaverimus,
362 1644 488 1669 rationem
503 1644 649 1678 poterimus
664 1644 808 1676 subiicere3
833 1647 835 1660 ³

22 1681 118 1708 deinde
131 1680 273 1716 dupliciter
287 1680 328 1707 vel
343 1681 401 1707 sine
416 1681 563 1707 rationibus
577 1680 619 1706 vel
630 1690 690 1707 cum
703 1681 811 1707 rationi-

23 1755 73 1783 bus
90 1756 215 1783 omnibus
234 1755 352 1782 diximus
371 1756 397 1781 in
413 1756 554 1782 verborum
568 1755 811 1791 exornationibusz)

22 1792 117 1820 deinde
139 1792 227 1820 simile
249 1798 274 1819 et
291 1792 458 1827 exemplum,
478 1793 521 1828 (de
534 1802 588 1828 quo
601 1802 651 1819 suo
665 1792 720 1819 loco
734 1793 809 1828 plura

22 1830 167 1866 dicemus:)
185 1830 280 1856 deinde
294 1830 505 1863 conclusionem‘,
529 1831 571 1866 (de
585 1839 637 1865 qua
652 1831 679 1857 in
693 1830 811 1857 secundo

24 1867 97 1900 libro,
122 1877 190 1904 quae
211 1876 279 1903 opus
306 1867 422 1899 fuerunt,
447 1867 575 1899 diximus,
599 1868 810 1894 demonstrantes

22 1913 50 1932 ar
70 1906 274 1932 umentationem
289 1905 515 1940 quemadmodum
535 1905 693 1931 concludere
707 1910 811 1940 oporte-

23 1947 56 1969 at.
89 1941 127 1979 [In
141 1943 190 1969 hoc
206 1942 272 1969 libro
285 1943 435 1974 docuimus,
451 1942 603 1969 cuiusmodi
617 1947 686 1969 esset
700 1951 810 1969 exorna-

22 1980 58 2007 tio
71 1980 154 2011 verbi,
170 1980 213 2006 cui
227 1979 391 2006 conclusioni
405 1988 500 2006 nomen
515 1978 575 2016 est.]
590 1980 660 2015 Ergo
670 1980 811 2006 huiusmo-

22 2016 49 2043 di
62 2017 232 2044 vehementer
245 2022 334 2044 ornata
347 2017 442 2052 poterit
455 2026 514 2044 esse
523 2017 657 2052 expolitio,
669 2026 738 2052 quae
747 2026 810 2043 con-

23 2054 101 2081 stabit
122 2063 155 2081 ex
177 2054 362 2090 frequentibus
385 2055 526 2081 verborum
549 2055 766 2082 exornationibus
786 2059 810 2081 et

23 2092 221 2118 sententiarum.
255 2092 308 2118 Hoc
322 2092 400 2118 modo
413 2092 495 2127 igitur
508 2096 610 2127 septem
624 2092 744 2126 partibus
760 2097 811 2118 tra-

22 2129 143 2156 ctabitur.
178 2128 230 2155 Sed
249 2129 282 2155 ab
295 2129 416 2155 eiusdem
430 2130 574 2156 sententiae
589 2138 641 2156 non
655 2129 810 2156 recedemus

22 2166 152 2202 exemplo,
172 2170 202 2192 ut
219 2167 286 2192 scire
304 2167 400 2201 possis,
425 2175 506 2201 quam
529 2166 605 2193 facile
627 2167 810 2201 praeceptione

23 2202 149 2230 rhetorica
163 2212 204 2230 res
218 2203 334 2238 simplex
347 2203 489 2239 multiplici
504 2205 603 2230 ratione
614 2209 750 2230 tractetur:
767 2205 808 2230 57.

23 2239 133 2276 Sapiens
160 2240 264 2267 nullum
291 2249 338 2275 pro
363 2241 499 2276 republica
525 2241 674 2276 periculum
702 2241 808 2273 vitabit,

22 2277 81 2305 ideo
101 2278 174 2314 quod
196 2286 274 2313 saepe
297 2278 333 2309 stt,
358 2282 396 2310 ut,
415 2287 500 2313 quum
515 2287 562 2313 pro
576 2279 710 2313 republica
726 2280 810 2313 perire

23 2314 143 2347 noluerit,
164 2315 311 2342 necessario
328 2323 389 2341 cum
408 2316 544 2350 republica
563 2321 659 2351 pereat.
694 2317 726 2342 Et
743 2325 810 2351 quo-

24 2352 93 2379 niam
112 2357 175 2379 sunt
192 2353 279 2379 omnia
298 2352 434 2378 commoda
448 2361 462 2379 a
476 2354 558 2387 patria
573 2357 686 2388 accepta,
704 2353 808 2379 nullum

22 2389 219 2416 incommodum
239 2398 286 2424 pro
304 2390 386 2424 patria
401 2398 480 2425 grave
495 2390 643 2424 putandum
658 2395 706 2416 est.
741 2391 810 2424 Ergo

23 2427 70 2462 qui
84 2426 191 2463 fugiunt
204 2427 230 2453 id
246 2427 403 2462 periculum,
428 2427 499 2462 quod
522 2436 569 2462 pro
591 2428 726 2462 republica
745 2429 810 2454 sub>

23 2463 141 2490 eundum
155 2468 203 2495 est,
220 2464 300 2490 stulte
314 2463 423 2490 faciunt.
455 2465 521 2490 Nam
541 2473 626 2499 neque
641 2465 755 2500 effugere
770 2465 810 2491 in-

23 2501 158 2528 commoda
181 2505 301 2536 possunt,
325 2505 351 2527 et
368 2502 464 2537 ingrati
483 2502 510 2527 in
524 2502 658 2528 civitatem
673 2503 810 2536 reperiun—

23 2540 75 2564 tur.
108 2538 149 2570 At,
169 2539 216 2573 qui
231 2539 328 2573 patriae
343 2538 459 2573 pericula
478 2547 527 2565 suo
541 2539 658 2573 periculo
672 2544 807 2574 expetunt,

22 2573 52 2602 hi
68 2575 200 2610 sapientes
218 2575 328 2610 putandi
347 2580 418 2607 sunt,
439 2585 524 2610 quum
543 2581 643 2602 etcum
669 2585 750 2611 quem
764 2577 810 2602 de-

23 2610 87 2639 beat
111 2612 235 2639 honorem
250 2612 412 2647 reipublicae
425 2613 547 2642 reddunt,
563 2617 589 2639 et
603 2622 649 2647 pro
662 2613 754 2639 multis
765 2622 811 2648 pe-

24 2648 75 2676 rire
88 2649 198 2681 malunt,
214 2658 294 2685 quam
308 2658 369 2676 cum
384 2650 485 2677 multis.
523 2651 626 2676 Etenim
642 2650 811 2677 veliementer

24 2689 64 2713 eet
76 2686 208 2722 iniquum,
225 2687 315 2718 vitum,
331 2695 411 2722 quam
426 2696 439 2714 a
455 2693 545 2714 natura
560 2692 692 2723 acceptam
705 2692 811 2723 propter

839 786 840 791 ¹
863 784 951 809 amisit
975 784 1064 813 vitam,
1089 788 1113 809 at
1128 792 1178 809 non
1202 783 1325 818 perdidit.

839 949 841 956 ‹
863 933 992 959 enitescit.

833 973 841 1009 ¹j
863 970 1021 1005 periculum,
1047 975 1072 996 et
1095 971 1192 996 ratione
1210 970 1420 997 demonstratum
1439 976 1477 997 est
1493 977 1516 997 et
1531 973 1653 1007 exemplo

1014 155 1032 181 C
1047 154 1066 180 A
1081 155 1110 180 P.
1133 156 1163 180 39
1184 170 1219 174 —
1241 156 1280 181 40.
1620 160 1651 184 33

863 226 974 260 patriam
993 226 1199 256 conservaveris,
1221 230 1336 256 naturae,
1359 234 1443 260 quum
1458 232 1540 262 cogat,
1558 228 1653 254 redde-

863 271 899 293 re,
924 263 1031 297 patriae,
1056 271 1141 297 quum
1163 267 1245 298 roget,
1262 272 1313 289 non
1328 263 1402 294 dare3
1427 268 1452 289 et
1465 273 1550 298 quum
1565 267 1652 300 possis

862 308 925 325 cum
947 308 1051 325 summa
1075 301 1172 326 virtute
1195 304 1219 326 et
1241 300 1339 326 honore
1362 309 1408 334 pro
1430 302 1512 335 patria
1534 303 1649 333 interire,

863 336 942 362 malle
956 345 1003 371 per
1016 337 1132 363 dedecus
1146 342 1171 363 et
1184 338 1318 372 ignaviam
1333 338 1435 369 vivere,
1469 343 1493 364 et
1506 348 1590 373 quum
1606 349 1653 374 pro

863 374 955 400 amicis
970 379 995 400 et
1009 375 1163 409 parentibus
1181 380 1206 400 et
1219 375 1312 401 ceteris
1327 376 1482 401 necessariis
1497 376 1568 402 adire
1583 378 1653 411 peri-

862 411 954 437 culum
978 412 1053 442 velis,
1079 420 1126 446 pro
1144 412 1288 446 republica,
1313 412 1341 438 in
1359 421 1411 446 qua
1430 417 1454 438 et
1469 413 1532 439 haec
1546 418 1570 439 et
1585 414 1652 440 illud

862 449 1062 474 sanctissimum
1077 458 1172 475 nomen
1185 450 1282 483 patriae
1292 449 1467 480 continentur,
1481 450 1550 476 nolle
1560 451 1587 477 in
1597 451 1653 477 dis-

862 486 961 511 crimen
981 487 1080 511 venire.
1115 487 1205 521 Itaque
1225 487 1263 512 uti
1277 487 1486 513 contemnendus
1500 493 1547 518 est,
1564 489 1610 522 qui
1626 489 1652 514 in

863 523 1012 558 navigando
1034 532 1062 549 se
1080 532 1161 558 quam
1180 524 1269 549 navim
1296 524 1398 550 mavult
1420 524 1589 556 incolumem,
1618 527 1652 552 ita

862 560 1056 594 vituperandus
1070 565 1117 591 est,
1138 561 1185 594 qui
1203 562 1231 587 in
1245 561 1406 595 reipublicae
1421 562 1574 588 discrimine
1589 572 1652 589 suae

863 597 933 631 plus,
962 606 1042 632 quam
1069 599 1203 623 communi
1230 598 1318 629 saluti,
1342 599 1466 625 consulit.
1501 600 1567 626 Navi
1581 601 1651 626 enim

863 634 951 665 fracta,
973 634 1050 660 multi
1074 634 1221 660 incolumes
1239 640 1392 667 evaserunt,
1409 645 1441 662 ex
1455 637 1592 672 naufragio
1606 646 1653 672 pa-

863 672 926 697 triae
949 671 1040 697 salvus
1064 680 1141 697 nemo
1160 677 1245 706 potest
1267 677 1380 698 enatare.
1415 673 1490 705 Quod
1505 675 1571 700 mihi
1586 675 1652 701 bene

863 708 969 735 videtur
986 709 1082 734 Decius
1100 708 1272 739 intellexisse,
1294 711 1341 744 qui
1360 719 1387 736 se
1402 710 1541 738 devovisse
1555 712 1653 738 dicitur

863 751 888 772 et
906 755 952 780 pro
967 746 1117 781 legionibus
1135 747 1161 772 in
1177 746 1265 772 hostes
1280 747 1424 773 immisisse
1438 749 1553 775 medios:
1583 749 1652 775 unde

1369 785 1405 810 Re
1428 787 1498 811 enim
1521 786 1652 812 vilissima

862 825 959 847 certam
974 825 998 846 et
1013 827 1092 855 parva
1107 822 1251 846 maximam
1267 821 1387 847 redemit.
1421 823 1496 848 Dedit
1511 824 1653 851 vita1n.ac-

840 878 841 882 ,
862 859 932 893 cepit
943 859 1067 892 patriam:
1081 859 1169 884 amisit
1179 859 1304 889 animam,
1317 859 1417 893 potitus
1427 864 1466 885 est
1477 860 1649 895 gloriasquae,

862 905 923 922 cum
943 904 1049 921 summa
1069 895 1146 921 laude
1164 895 1274 930 prodita,
1292 900 1421 922 vetustate
1435 894 1553 931 quotidie
1569 899 1652 933 magis

1029 933 1106 965 Quod
1120 934 1151 963 si,
1169 942 1215 967 pro
1229 933 1364 967 republica
1378 934 1470 960 decere
1485 935 1606 960 accedere
1621 936 1653 961 ad

863 1007 1072 1042 comprobatum,
1089 1008 1107 1034 ii
1122 1008 1254 1042 sapientes
1268 1013 1330 1034 sunt
1344 1009 1522 1037 existimandi.
1536 1011 1581 1044 qui
1594 1010 1654 1035 nul-

864 1045 919 1071 lum
938 1054 985 1080 pro
1004 1045 1088 1071 salute
1107 1046 1205 1080 patriae
1223 1045 1372 1079 periculum
1388 1046 1480 1072 vitant.
1511 1049 1552 1073 58.
1569 1048 1596 1073 ln
1611 1047 1653 1073 his

840 1095 841 1107 ι
863 1083 945 1118 igitur
963 1083 1107 1117 generibus
1126 1082 1252 1117 expolitio
1270 1088 1398 1114 versatur,
1419 1083 1451 1109 de
1466 1093 1517 1119 qua
1533 1084 1653 1119 producti

863 1129 959 1146 sumus
977 1124 1007 1146 ut
1024 1119 1100 1154 plura
1118 1120 1276 1151 diceremus,
1298 1120 1369 1155 quod
1388 1130 1439 1147 non
1466 1122 1551 1152 modo,
1569 1130 1652 1157 quum

863 1166 985 1184 caussam
1008 1157 1132 1189 dicimus,
1154 1158 1261 1184 adiuvat
1279 1162 1303 1184 et
1317 1163 1425 1184 exornat
1438 1160 1590 1186 orationem.
1607 1159 1653 1185 scd

864 1195 947 1221 multo
962 1195 1077 1221 maxime
1096 1204 1143 1230 per
1156 1204 1214 1221 eam
1228 1204 1383 1221 exercemur
1400 1195 1432 1221 ad
1446 1196 1601 1222 elocutionis
1617 1197 1654 1222 fa-

863 1232 998 1258 cultatem.
1033 1232 1119 1264 Quare
1142 1233 1280 1259 conveniet
1302 1238 1375 1259 extra
1394 1242 1515 1259 caussam
1533 1235 1560 1260 in
1579 1243 1653 1260 exer-

863 1270 946 1296 cendo
965 1271 1078 1296 rationes
1098 1270 1224 1296 adhibere
1242 1270 1420 1305 expolitionis,
1437 1271 1464 1297 in
1478 1271 1590 1297 dicendo
1605 1272 1651 1302 uti,

864 1316 948 1342 quum
967 1308 1156 1334 exornabimus
1175 1309 1438 1343 argumentationem,
1459 1318 1511 1344 qua
1523 1309 1558 1339 de
1573 1318 1599 1335 re
1613 1309 1654 1335 di-

864 1346 954 1370 ximus
968 1346 994 1371 in
1010 1345 1078 1371 libro
1091 1345 1218 1371 secundo.

919 1382 998 1409 XLV.
1024 1382 1200 1409 Commoratio
1214 1387 1262 1414 est,
1278 1392 1363 1418 quum
1378 1384 1405 1409 in
1420 1383 1476 1409 loco
1491 1384 1651 1414 firmissimo,

863 1428 917 1454 quo
931 1424 982 1445 tota
996 1429 1089 1446 caussa
1103 1421 1260 1451 continetur,
1277 1425 1399 1446 manetur
1412 1421 1514 1446 diutius
1528 1426 1551 1447 et
1562 1422 1653 1447 codem

863 1457 970 1491 saepius
990 1457 1099 1483 reditur.
1134 1458 1186 1483 llac
1205 1459 1243 1483 uti
1260 1459 1375 1484 maxime
1389 1459 1519 1489 convenit,
1536 1463 1561 1484 et
1575 1459 1600 1484 id
1615 1464 1655 1485 cst

863 1495 972 1520 oratoris
999 1494 1061 1520 boui
1088 1495 1204 1520 maxime
1231 1496 1378 1529 proprium.
1412 1496 1469 1521 Non
1493 1497 1562 1521 enim
1578 1496 1655 1522 datur

863 1531 975 1557 auditori
992 1536 1107 1566 potestas
1121 1532 1240 1558 animum
1255 1532 1288 1557 de
1302 1541 1329 1558 re
1345 1533 1497 1558 firmissima
1511 1533 1655 1559 demoven-

840 1569 841 1578 ¹
863 1569 899 1594 di.
916 1569 982 1594 Huic
996 1569 1150 1603 exemplum
1165 1570 1228 1595 satis
1243 1569 1368 1595 idoneum
1383 1570 1479 1595 subiici
1495 1579 1545 1596 non
1559 1571 1652 1604 potuit,

863 1610 999 1640 propterea
1018 1606 1090 1640 quod
1110 1607 1152 1632 hic
1167 1606 1239 1632 locus
1259 1616 1309 1633 non
1324 1611 1363 1632 est
1377 1616 1390 1632 a
1405 1612 1455 1633 tota
1470 1616 1563 1633 caussa
1578 1616 1655 1642 sepa-

863 1648 944 1673 ratus,
965 1644 1043 1669 sicuti
1068 1644 1217 1669 membrum
1241 1644 1358 1678 aliquod,
1379 1645 1425 1670 scd
1445 1649 1578 1679 tamquam
1594 1654 1654 1671 san-

22 1718 73 1745 bus
87 1719 269 1754 pronuntiare-
290 1717 385 1744 deinde
400 1718 490 1744 afferre
503 1719 677 1744 contrarium·
694 1718 736 1753 (de
750 1719 797 1753 qui
840 1698 841 1719 l
861 1681 923 1716 gnis
938 1680 1064 1714 perfusus
1079 1686 1117 1706 ⁰51
1132 1690 1178 1715 1³⁰1·
1193 1685 1276 1707 mmm
1291 1690 1387 1716 corpus
1401 1683 1536 1708 orationis·

266 1740 270 1751 ¹
673 1739 677 1751 a
798 1734 811 1738 “
833 1731 841 1751 l*

919 1718 1056 1744 Contentio
1082 1723 1129 1748 est,
1159 1727 1205 1752 pcr
1231 1727 1311 1753 quam
1338 1720 1466 1745 contraria
1493 1719 1653 1747 referuntur.

862 1755 899 1781 Ea
921 1759 961 1782 est
984 1756 1009 1781 in
1029 1755 1170 1781 verborum
1194 1756 1420 1786 exornationibus,
1446 1761 1474 1782 ut
1489 1762 1548 1783 ante
1562 1757 1656 1784 docui-

863 1801 932 1824 mus,
954 1792 1123 1819 huiusmodi:
1149 1793 1266 1819 Inimicis
1285 1798 1309 1819 te
1324 1793 1490 1828 placabilem,
1507 1795 1599 1821 amicis
1614 1796 1655 1821 in-

862 1830 1023 1856 exorabilem
1051 1830 1171 1865 praebes.
1206 1831 1233 1856 In
1254 1832 1455 1862 sententiarum,
1483 1832 1652 1859 huiusmodi:

862 1868 914 1894 Vos
933 1867 1015 1893 huius
1030 1868 1206 1894 incommodis
1221 1867 1326 1903 lugetis,
1348 1869 1396 1894 iste
1411 1869 1572 1903 reipublicae
1586 1870 1655 1896 cala—

863 1905 952 1931 mitate
977 1904 1097 1931 laetatur.
1132 1905 1183 1932 Vos
1207 1906 1302 1931 vestris
1327 1905 1438 1932 fortunis
1457 1906 1587 1937 diffiditis,
1605 1908 1654 1934 iste

862 1941 935 1968 solus
950 1943 1007 1968 suis
1021 1951 1052 1969 eo
1066 1943 1151 1978 magis
1165 1942 1282 1969 confidit.
1320 1944 1388 1969 Inter
1403 1943 1466 1970 haec
1480 1944 1533 1970 duo
1547 1950 1654 1971 conten-

862 1980 964 2006 tionum
979 1988 1076 2015 genera
1091 1980 1140 2006 hoc
1154 1981 1275 2006 interest:
1304 1980 1372 2006 illud
1386 1989 1418 2006 ex
1434 1981 1522 2007 verbis
1536 1982 1655 2008 celeriter

862 2017 950 2043 relatis
965 2022 1079 2050 constat,
1097 2017 1140 2043 hic
1154 2018 1299 2044 sententiae
1312 2019 1458 2044 contrariae
1471 2027 1504 2044 ex
1518 2028 1655 2054 compara-

863 2055 931 2081 tione
946 2054 1092 2081 referantur
1105 2059 1215 2089 oportet.

918 2093 959 2118 59.
976 2092 1131 2118 Similitudo
1144 2096 1184 2118 est
1197 2093 1279 2119 oratio
1293 2092 1433 2119 traducens
1447 2093 1479 2119 ad
1494 2102 1548 2119 rem
1559 2102 1654 2129 quam-

863 2130 932 2164 piam
956 2129 1058 2164 aliquid
1081 2138 1115 2156 ex
1138 2138 1164 2156 re
1183 2129 1283 2164 dispari
1298 2129 1395 2156 simile.
1430 2130 1466 2157 Ea
1480 2132 1596 2157 sumitur
1610 2137 1653 2158 aut

861 2166 971 2193 ornandi
986 2175 1079 2193 caussa
1094 2172 1139 2193 aut
1153 2167 1281 2202 probandi
1301 2172 1345 2193 aut
1359 2168 1476 2202 apertius
1490 2168 1594 2195 dicendi
1610 2174 1653 2195 aut

862 2208 921 2230 ante
935 2203 1026 2230 oculos
1040 2204 1165 2239 ponendi.
1200 2204 1232 2230 Et
1246 2204 1379 2239 quomodo
1392 2210 1517 2239 quattuor
1530 2206 1563 2231 de
1577 2215 1654 2232 caus-

861 2242 899 2267 sis
913 2242 1037 2272 sumitur,
1055 2242 1088 2267 ita
1103 2246 1228 2277 quattuor
1242 2242 1327 2268 modis
1341 2242 1451 2268 dicitur:
1469 2251 1515 2277 per
1528 2245 1653 2269 contrari-

862 2287 917 2310 um,
934 2287 981 2313 per
996 2279 1171 2314 negationem,
1185 2288 1230 2314 per
1241 2279 1404 2309 brevitatem,
1419 2288 1465 2314 per
1475 2279 1651 2306 collationem.

862 2316 901 2342 Ad
925 2325 1005 2342 unam
1028 2325 1163 2351 quamque
1187 2316 1332 2343 sumendae
1354 2326 1475 2342 (antissam
1498 2317 1653 2344 similitudi-

862 2354 903 2379 nis
922 2353 1183 2379 accommodabimus
1206 2353 1327 2389 singulos
1347 2354 1438 2380 modos
1453 2355 1651 2388 pronuntiandi.

840 2403 841 2407 ¹
862 2390 952 2416 XLvt.
973 2390 1088 2417 Ornandi
1107 2400 1200 2417 caussa
1219 2392 1335 2416 sumitur
1354 2400 1399 2425 per
1413 2392 1582 2420 contrarium,
1599 2393 1650 2418 sic:

863 2428 919 2453 Non
942 2428 1022 2458 enim,
1047 2428 1274 2462 quemadmodum
1298 2429 1323 2454 in
1347 2428 1484 2462 palaestra,
1502 2430 1548 2464 qui
1565 2430 1652 2455 taedas

862 2464 983 2491 ardentes
997 2465 1100 2499 accipit,
1116 2465 1225 2491 celerior
1239 2470 1277 2491 cst
1294 2466 1318 2491 in
1333 2474 1414 2491 cursu
1429 2467 1651 2501 contiuuo,quam

862 2501 916 2532 ille,
933 2502 979 2536 qui
995 2502 1082 2532 tradit,
1099 2503 1132 2528 ita
1148 2502 1241 2528 melior
1255 2503 1396 2537 imperator
1411 2511 1504 2533 novus,
1521 2505 1567 2538 qui
1584 2505 1652 2530 acci-

862 2539 899 2573 pit
922 2539 1081 2569 exercitum,
1106 2548 1186 2574 quam
1211 2539 1267 2569 ille,
1296 2540 1343 2574 qui
1366 2539 1483 2571 decedit:
1516 2547 1651 2576 propterea

840 2593 841 2599 ,
861 2576 933 2611 quod
955 2575 1115 2611 defatigatus
1137 2585 1229 2602 cursor
1251 2577 1352 2612 integro
1376 2577 1468 2608 facem,
1494 2579 1536 2604 hic
1552 2580 1652 2613 peritus

862 2614 1003 2648 imperator
1017 2614 1140 2648 imperito
1153 2614 1297 2640 exercitum
1314 2614 1399 2641 tradit.
1432 2615 1484 2642 lloc
1498 2616 1555 2642 sine
1569 2617 1650 2642 simili

861 2651 926 2677 satis
949 2650 1025 2685 plane
1047 2655 1071 2677 ct
1095 2652 1234 2686 perspicue
1256 2656 1281 2677 et
1300 2652 1471 2687 probabiliter
1488 2653 1540 2679 dici
1556 2654 1649 2688 potuit.

862 2688 912 2714 hoc
925 2688 1016 2715 modo:
1031 2688 1118 2715 Minus
1134 2689 1216 2715 bonos
1230 2689 1400 2724 imperatores
1414 2698 1427 2715 a
1440 2690 1594 2716 melioribus
1605 2699 1651 2716 ex-

1431 2739 1446 2763 5
