1941 3052
502 128 553 154 DE
585 127 635 154 RE
666 127 862 154 PUBLICA
891 128 971 154 LIB.

86 199 116 225 L.
129 198 210 225 Furio
221 196 306 228 Philo,
315 205 384 232 quae
390 197 549 230 Carneades,
558 198 677 225 Graecus
692 198 772 226 homo
783 203 808 225 et
819 207 882 225 con-

85 240 179 263 suetus
189 234 263 270 quod
273 235 444 262 commodum
455 241 534 267 esset,
547 236 638 262 verbis
649 236 661 249 *
673 236 685 248 *
696 235 708 248 *

201 280 364 314 (Desiderari
373 283 491 308 videntur
500 283 611 315 passivae
622 282 765 315 quattuor.)

141 327 167 352 9.
189 327 214 352 3.
235 325 254 359 ἦ·
266 326 351 360 Neque
362 336 406 360 eqo
417 328 499 353 hercle
510 336 543 353 eoe
554 336 609 352 mea
619 330 700 353 animi
710 329 835 353 sententia
847 328 884 352 lo·

85 372 161 397 quar,
175 365 218 389 sed
230 368 259 389 ut
269 363 399 390 Carneadi
411 364 604 399 respondeatis
618 364 666 398 qui
677 372 757 398 saepe
767 364 883 398 optimas

85 409 195 427 caussas
206 400 310 436 ingenii
320 400 455 427 calumnia
467 401 599 427 ludificari
610 401 687 428 solet.
719 409 807 432 (Nonius
815 408 881 427 suea-

85 437 166 456 lumuin
175 443 196 461 p.
206 438 250 456 263.
261 437 287 456 cf.
301 438 398 457 Lactnut.
408 438 460 457 lnst.
470 439 484 456 l.
496 438 541 456 VH.
552 444 570 456 c.
581 439 609 461 7.)

141 463 184 490 Vl.
207 464 230 489 4.
246 463 265 497 ἦ-
278 463 430 494 Carneades,
442 464 609 490 Academicae
619 468 702 490 sectae
711 465 882 497 philosophus,
904 485 905 489 ,

85 503 160 527 cuius
170 503 198 526 in
208 502 354 527 disserendo
365 510 430 535 quae
440 503 479 527 vis
488 503 648 534 fucrit,qu(1e
658 503 809 534 eloquentia,
817 502 884 534 quod

85 546 200 568 acumen,
213 540 258 571 qui
268 541 354 569 nescit,
367 541 390 565 is
400 547 433 564 ecc
442 541 635 572 praedicatione
648 538 778 564 Ciceronis
788 540 884 564 intelli-

84 580 125 609 ρει
135 580 180 601 aut
194 575 297 606 Lucilii,
309 578 378 609 apud
389 584 462 610 quem
473 578 600 602 disserens
611 576 743 609 Neptunus
753 578 783 601 dc
794 585 821 602 re
832 577 884 608 dif-

84 614 201 646 ficillima
216 615 324 639 ostendit
338 622 389 639 non
400 622 474 646 posse
484 615 511 639 id
521 615 662 646 eoeplicari,
683 622 737 639 nec
756 615 783 639 si
806 613 884 638 Car-

84 652 211 676 neadem
231 652 330 683 ipsum
347 650 447 677 Orcus
466 653 618 677 remittat.
658 651 685 676 Is
696 659 773 684 quum
787 651 885 683 leqatus

85 688 117 714 ab
130 688 323 713 Atheniensibus
335 688 438 714 Romam
449 690 541 714 missus
552 693 626 718 esset,
643 690 783 720 disputavit
798 689 828 712 de
843 689 884 712 iu-

84 726 157 751 stitia
169 727 274 757 copiose,
285 727 404 751 audiente
415 725 499 751 Galba
509 730 532 751 et
546 725 640 751 Catone
656 725 782 754 Censorio,
796 726 884 750 mazi-
904 732 905 737 ¹

84 764 134 788 ‘mis
145 766 204 787 tunc
214 764 368 788 oratoribus.
407 762 458 789 Sed
468 764 534 788 idem
544 764 741 795 disputationem
754 770 827 788 suani
837 770 884 794 po-

84 801 175 825 stridie
199 802 333 826 contraria
352 802 524 833 disputatione
542 801 678 829 subvertit,
707 804 730 825 et
749 801 882 827 iustitiam,

85 845 163 870 quam
172 839 257 869 pridie
269 839 429 867 laudaverat,
443 838 547 863 sustulit
553 847 561 869 ‚·
573 845 622 863 non
633 838 733 870 quidem
742 837 885 869 philosophi

84 876 220 908 yravucue,
234 877 306 900 cuius
315 876 391 908 firma
399 879 422 900 et
432 876 532 900 stabilis
543 876 612 900 debet
623 882 675 900 esse
685 876 823 906 sententia;
841 875 885 899 sed

85 913 162 946 quasi
175 913 290 937 oratorio
306 913 425 938 exercitii
438 920 528 944 ¹qenere
539 914 566 937 in
576 916 711 944 utramque
719 916 820 944 partem
831 913 884 936 dis-

84 950 195 975 serendi.
238 948 311 980 Quod
322 950 365 974 ille
375 952 460 982 facere
470 950 577 979 solebat,
595 953 623 974 ut
633 950 699 974 alios
709 950 831 982 quidlibet
842 956 886 974 as-

84 990 195 1013 serentes
204 990 287 1018 posset
298 988 421 1019 refutare.
455 986 520 1012 Eam
530 988 735 1019 disputationem,
748 995 799 1019 qua
810 988 885 1011 iusti-

85 1026 123 1050 tia
133 1026 263 1054 evertitur,
275 1025 345 1057 apud
358 1023 538 1050 CiceronemL.
546 1023 642 1050 Furius
650 1025 817 1049 recordatur.-
830 1031 885 1049 cre-

85 1062 125 1091 do,
133 1063 254 1094 quoniam
263 1063 293 1086 de
305 1063 445 1094 republica
455 1063 603 1092 disserebat,
610 1065 637 1087 ut
648 1063 815 1095 defensionem
827 1062 885 1086 lau-

85 1100 262 1132 dationemque
277 1101 332 1124 eius
347 1101 489 1128 induceret,
509 1101 563 1124 sine
581 1107 631 1132 qua
644 1100 752 1131 putabat
766 1100 821 1131 reqi
835 1106 886 1123 nou

82 1144 156 1169 posse
166 1143 220 1161 rem
233 1137 374 1169 publicam.
417 1136 561 1162 Carneades
576 1140 673 1166 autem,
688 1140 715 1161 ut
726 1136 886 1161 Aristotelem

84 1174 211 1207 refelleret
221 1182 251 1199 ac
259 1173 396 1205 Platonem,
410 1175 524 1199 iustitiae
533 1178 664 1206 patronos,
676 1175 762 1206 prima
773 1174 819 1198 illa
830 1175 886 1198 dis-

81 1213 216 1244 putatione
226 1211 325 1244 colleyit
336 1219 365 1237 ea
376 1214 469 1241 omn-m,
482 1219 547 1244 quae
556 1220 604 1244 pro
614 1213 715 1236 iustitia
725 1212 882 1243 dicebantur,

84 1253 113 1274 ut
122 1252 205 1281 posset
217 1249 272 1277 illa,
284 1250 426 1282 sieutfecz't,
440 1253 558 1274 evertere.
574 1255 742 1278 (anm11t,1nst.
754 1255 803 1274 LV.
815 1261 833 1274 c.
844 1255 884 1277 14.)
907 1265 908 1274 η

141 1285 196 1312 Vll.
221 1286 260 1311 40.
283 1287 305 1312 5.
327 1285 345 1319 -ξ-
361 1286 470 1311 Plurimi
485 1288 586 1319 quidem
600 1287 820 1318 philosophorum,
843 1287 886 1311 sed

84 1325 198 1349 mamime
209 1323 281 1349 Plato
293 1328 316 1349 et
326 1324 486 1355 Aristoteles,
504 1325 534 1348 de
549 1325 649 1349 iustitia
660 1325 740 1349 multa
752 1325 884 1353 dixerunt,

85 1365 225 1386 asserentes
236 1365 258 1386 et
270 1362 418 1387 extollentes
429 1369 483 1386 eam
494 1369 593 1387 sumnia
604 1362 679 1387 laude
685 1362 886 1393 virtutein,qttod

85 1406 160 1424 suum
172 1400 261 1431 cuique
273 1400 377 1428 tribuat,
390 1400 456 1432 quod
466 1401 621 1431 aequitatem
632 1400 659 1424 in
669 1400 785 1424 omnibus
795 1402 885 1427 servet,

85 1439 108 1461 et
119 1444 195 1469 quum
207 1440 304 1461 ceterae
315 1438 421 1462 virtutes
431 1438 506 1469 quasi
518 1438 612 1462 tacitae
622 1438 680 1466 sint,
689 1440 711 1461 et
723 1438 792 1461 inlus
804 1437 886 1461 inclu-

84 1481 136 1503 sae,
148 1474 228 1498 solam
239 1481 291 1499 esse
301 1475 434 1502 iustitiam,
447 1482 512 1506 quae
523 1481 567 1499 nec
578 1474 627 1499 sibi
638 1477 736 1499 tantum
748 1475 886 1499 conciliata

83 1512 126 1540 sil,
138 1518 183 1536 nec
194 1512 307 1541 occulta,
323 1512 367 1537 sed
377 1513 449 1544 foras
461 1515 512 1536 tota
522 1513 678 1543 promineat,
695 1512 762 1536 etad
773 1512 831 1536 bene
844 1513 886 1544 fa-
907 1517 908 1520 ’

86 1549 202 1574 ciendum
211 1556 295 1580 prona
305 1550 346 1577 sit,
362 1552 389 1574 ut
401 1556 478 1581 quam
487 1549 607 1580 plurimis
616 1550 708 1581 prosit.
752 1548 832 1579 Quasi
843 1557 886 1573 ve-

84 1593 115 1610 ro
129 1587 157 1610 in
172 1586 300 1611 iudicibus
312 1586 374 1611 solis
384 1590 460 1618 atque
471 1587 498 1611 in
506 1590 630 1618 potestate
641 1587 731 1619 aliqua
743 1587 886 1611 constitutis

85 1623 187 1648 iustitia
198 1630 249 1648 esse
260 1625 347 1649 debeat
358 1627 380 1648 et
392 1625 480 1648 nonin
490 1625 615 1649 omnibus.
658 1623 695 1648 Η.
710 1624 789 1655 Atqui
799 1624 886 1649 nullus

85 1663 121 1686 est
132 1661 259 1685 hominum
274 1669 304 1685 ne
319 1662 479 1693 infirmorum
494 1662 595 1693 quidem
610 1669 642 1686 ac
655 1662 841 1690 mendicorum,
859 1662 886 1686 in

85 1705 158 1730 quem
174 1699 274 1723 iustitia
289 1700 380 1723 eadere
395 1706 446 1723 non
458 1700 548 1730 possit.
590 1698 639 1724 Sed
650 1699 712 1730 quia
722 1699 884 1730 iquorabant,

85 1736 148 1768 quid
158 1738 228 1764 esset.
241 1737 307 1761 unde
315 1737 461 1768 proflueret,
473 1737 535 1768 quid
546 1738 630 1768 operis
640 1736 749 1764 liaberet,
762 1743 886 1761 suminam

85 1773 158 1798 illam
172 1773 304 1802 virtutem,
323 1774 349 1798 id
364 1777 399 1798 est
411 1780 540 1798 commune
550 1775 661 1798 onmium
676 1774 779 1802 tionum,
794 1774 886 1805 paucis

86 1810 243 1839 tribuerunt,
264 1818 369 1843 eamque
383 1811 469 1835 nullas
483 1811 607 1836 utilitates
615 1812 738 1842 proprias
747 1812 884 1842 aucupari,

85 1848 129 1872 sed
139 1847 232 1873 alienis
243 1851 341 1873 tantum
353 1849 488 1873 commodis
498 1849 599 1873 studere
609 1849 742 1873 dixerunt.
774 1847 827 1873 Nec
839 1849 886 1872 ini—

85 1885 176 1909 merito
186 1886 283 1910 exstitit
293 1884 446 1913 Carneades,
453 1885 525 1910 homo
535 1893 632 1910 summo
642 1886 744 1918 inqenio
753 1889 776 1910 ct
786 1893 859 1910 acum
864 1887 887 1910 i-

85 1929 129 1950 ne,
150 1922 196 1954 qui
210 1922 334 1955 refelleret
353 1923 461 1947 istorum
476 1924 616 1947 orationem
631 1926 654 1947 et
667 1924 805 1951 iustitiam,
821 1931 887 1956 quae

85 1959 278 1992 fundamentum
292 1959 382 1984 stabile
397 1966 448 1984 non
462 1959 581 1988 habebut,
603 1963 738 1990 everteret;
760 1968 810 1985 non
825 1962 886 1992 quia

85 1997 283 2028 vituperandam
294 2004 347 2021 esse
358 1997 482 2021 iustitiam
492 1997 627 2024 sentiebat.
640 1998 683 2021 sed
694 2000 721 2022 ut
733 1997 790 2022 illos
800 1999 886 2029 defen-

85 2040 156 2059 sores
176 2035 231 2059 eius
244 2035 383 2059 ostenderet
397 2034 461 2058 nihil
476 2036 550 2063 certi,
574 2034 637 2058 nihil
654 2034 723 2066 firmi
741 2036 771 2059 dc
788 2035 886 2059 iustitia

87 2071 227 2104 dispulttre.
268 2078 374 2100 (Luctant.
385 2078 470 2101 epitom.
481 2082 499 2096 c.
510 2077 551 2099 bb.)

1001 128 1167 155 IlLCAP.
1202 130 1320 156 1—11.
1665 134 1723 158 1191

934 208 976 230 sa,
997 204 1042 226 aut
1058 199 1131 234 quod
1146 201 1256 226 omnino
1270 199 1415 226 consilium
1431 199 1498 227 suit‘?
1517 206 1562 227 aut
1576 202 1726 237 ingenium,

934 245 987 271 quo
1001 237 1128 263 omnibus
1143 238 1341 272 praestiterunt.
1381 237 1434 264 Sed
1449 247 1541 265 eorum
1560 244 1585 265 et
1606 239 1729 266 volunta-

934 278 986 300 tem
998 279 1023 300 et
1033 275 1138 309 copiam
1149 284 1242 301 caussa
1256 276 1329 301 vicit.
1363 276 1406 301 Ius
1418 277 1500 306 enim,
1513 275 1546 302 de
1557 285 1610 311 quo
1621 278 1729 311 quaeri-

935 320 1008 342 mus,
1026 312 1105 338 civile
1119 317 1159 338 est
1170 312 1288 347 aliquod,
1303 312 1422 339 naturale
1433 313 1554 340 nullum:
1576 322 1637 340 nam
1650 315 1673 340 si
1685 322 1729 340 es-

934 353 986 378 set,
1000 353 1029 375 ut
1040 349 1125 375 calida
1137 355 1162 376 et
1174 349 1284 385 frigida,
1303 355 1328 376 et
1339 359 1427 376 amara
1438 356 1464 377 et
1475 350 1563 377 dulcia
1572 372 1578 382 ,
1591 352 1630 378 sie
1641 356 1730 378 essent

936 386 1004 412 iusta
1016 391 1042 412 et
1052 387 1151 412 iniusta
1163 387 1255 413 eadem
1267 388 1404 414 omnibus.

989 423 1035 449 IX.
1061 425 1099 450 tt.
1123 425 1199 450 Nunc
1210 430 1313 455 autem,
1331 426 1354 451 si
1366 426 1443 460 quis,
1462 424 1507 451 illo
1517 426 1731 452 Pacuvianoin-

936 460 1057 486 vehens
1078 461 1193 487 alitum
1215 463 1372 497 anguium
1394 471 1505 493 curru,
1529 462 1626 489 multas
1642 468 1667 489 et
1683 472 1731 490 va-

936 498 988 523 rias
998 502 1090 533 gentes
1102 503 1126 524 et
1138 499 1217 524 urbes
1229 499 1366 533 despicere
1379 504 1403 525 et
1413 499 1499 525 oeulis
1506 500 1661 526 collustrare
1668 509 1731 534 pos-

936 535 982 567 sit;
1008 535 1097 561 videat
1113 537 1230 569 pri-mum
1247 537 1274 562 in
1291 536 1335 562 illa
1352 537 1502 571 incorrupta
1520 538 1636 563 maxime
1652 542 1730 573 gente

935 572 1142 608 Aegyptiorum,
1161 582 1230 608 quae
1244 574 1422 608 plurimorum
1434 574 1601 601 saeculorum
1613 580 1638 601 et
1649 583 1731 601 even-

936 614 1022 635 torum
1035 611 1192 636 memoriam
1210 610 1303 637 litteris
1319 612 1449 642 continet,
1472 611 1568 638 bovem
1585 612 1730 646 quemdam

935 647 1023 681 putari
1035 647 1125 678 deum,
1142 656 1222 682 quem
1235 649 1314 682 Apim
1327 649 1451 684 Aegyptii
1464 650 1613 675 nominent:
1633 649 1731 675 multa-

935 693 988 718 que
1004 684 1055 710 alia
1072 690 1191 719 portenta
1207 686 1279 720 apud
1295 686 1417 717 eosdem,
1440 691 1465 712 et
1479 687 1611 721 cuiusque
1623 687 1730 722 generis

936 721 1040 747 belluas
1055 731 1166 748 numero
1181 728 1346 749 consecratas
1365 723 1486 749 deorum.
1533 723 1631 749 Deinde
1648 724 1731 750 Grae-

935 760 1001 789 ciae,
1015 760 1085 785 sicut
1096 759 1167 793 apud
1180 768 1226 786 nos
1235 781 1240 790 ,
1254 760 1365 787 delubra
1378 761 1518 796 magnilica
1531 761 1656 787 humanis
1668 770 1731 787 eon-

936 801 1037 822 secrata
1053 797 1220 828 simulacris,
1242 806 1311 832 quae
1328 799 1421 824 Persae
1439 798 1537 824 nefaria
1554 803 1728 832 putaverunt:

936 842 1050 868 eamque
1066 843 1146 860 unam
1162 835 1196 860 ob
1212 844 1334 861 caussam
1351 835 1455 861 Xerxes
1474 834 1633 861 inflammari
1650 835 1732 861 Athe-

937 871 1073 897 niensium
1091 871 1149 897 fana
1167 872 1279 898 iussisse
1295 872 1407 903 dicitur.
1430 872 1502 907 quod
1518 872 1595 903 deos,
1616 881 1730 906 quorum

937 908 1034 934 domus
1048 914 1118 935 esset
1132 910 1221 935 omnis
1238 909 1282 935 hic
1298 909 1430 940 mundus,
1449 909 1567 935 inclusos
1583 910 1732 944 parietibus

936 946 1068 972 contineri
1089 945 1163 972 nefas
1184 955 1242 973 esse
1263 947 1382 973 duceret.
1425 948 1464 973 15.
1486 948 1547 973 Post
1565 952 1653 973 autem
1670 956 1731 973 cum

937 983 1025 1009 Persis
1046 988 1071 1009 et
1087 983 1229 1018 Philippus
1246 985 1293 1019 qui
1308 985 1448 1019 cogitavit,
1472 989 1496 1010 et
1513 984 1664 1010 Alexander
1684 985 1732 1019 qui

937 1021 1034 1056 gessit,
1058 1021 1126 1047 hanc
1138 1021 1391 1048 bellandicaussam
1403 1021 1546 1052 inserebat,
1569 1022 1639 1056 quod
1654 1022 1734 1048 vellet

937 1059 1064 1085 Graeciae
1077 1058 1136 1085 sana
1149 1060 1258 1093 punire:
1272 1068 1341 1094 qnae
1354 1068 1386 1085 ne
1393 1059 1534 1085 reficienda
1541 1059 1650 1093 quidem
1659 1060 1732 1085 Graii

938 1100 1114 1131 putaverunt,
1131 1101 1160 1123 ut
1173 1101 1244 1123 esset
1258 1097 1373 1131 posteris
1389 1101 1448 1123 ante
1464 1096 1573 1123 ocutos*
1586 1096 1734 1122 documen-

938 1138 994 1160 tum
1011 1134 1151 1159 Persarum
1170 1133 1280 1160 sceleris
1296 1134 1500 1169 sempiternum.
1541 1134 1626 1166 Quam
1644 1133 1731 1164 multi,

913 1176 915 1185 '
937 1175 967 1197 ut
978 1171 1058 1197 Tauri
1071 1171 1098 1197 in
1109 1171 1205 1202 Axino,
1223 1176 1252 1198 ut
1262 1180 1309 1198 rex
1319 1172 1434 1207 Aegypti
1446 1171 1557 1201 Busiris,
1572 1171 1691 1201 utGa11i‚
1705 1176 1735 1197 ut

144 2108 170 2134 6.
191 2107 324 2142 †1ustitia
336 2106 405 2133 foras
417 2111 518 2142 spectat
528 2111 554 2133 et
564 2107 680 2141 proiectu
692 2111 744 2133 tota
755 2111 795 2133 est
806 2111 885 2141 atquo
916 2110 917 2114 ’

86 2144 197 2171 eminet.
233 2153 258 2175 (Ε
265 2152 329 2172 cim.
339 2153 365 2171 de
375 2152 425 2176 Rep.
436 2152 471 2175 11..
482 2154 505 2171 ut
515 2152 543 2171 nlt
553 2152 632 2171 Nonius
642 2158 663 2171 v.
673 2153 791 2171 Proiectum
802 2158 821 2175 p.
832 2153 885 2174 ³7³.)

142 2188 167 2214 7.
189 2187 208 2221 †
222 2187 295 2219 Quae
312 2187 398 2213 virtus
411 2190 514 2221 praeter
524 2191 625 2212 ceteras
637 2191 688 2213 tota
700 2195 728 2212 se
740 2185 772 2212 ad
785 2185 886 2212 alicnus

87 2225 201 2260 porrigit
212 2224 341 2251 utilitates
352 2228 432 2259 atque
443 2223 570 2258 explicat.
602 2231 714 2254 muudum,
726 2233 748 2250 ιιι
758 2231 787 2250 nn
797 2231 854 2249 laem

86 2262 196 2286 Explicure
206 2267 226 2285 p.
237 2262 290 2284 ‘2990

143 2295 211 2323 V111.
235 2297 275 2321 ⁴⁶2.
291 2294 302 2308 ⁴¹
315 2294 326 2307 ‘¹
337 2293 350 2308 *
361 2299 387 2322 et
397 2295 526 2329 reperiret
537 2299 563 2321 et
575 2299 705 2327 tueretur;
719 2293 785 2320 alter
795 2298 886 2320 autem
908 2300 910 2314 ν’

85 2332 120 2359 de
133 2333 192 2368 ipsa
203 2333 305 2359 iustitia
316 2336 442 2367 quattuor
454 2331 577 2366 implevit.
588 2340 651 2358 sane
662 2331 778 2367 grandes
791 2331 885 2357 libros.

86 2370 154 2397 Nam
165 2370 198 2396 ab
205 2370 357 2406 Chrysippo
371 2369 439 2396 nihil
453 2377 579 2404 magnum
593 2377 641 2395 nec
652 2369 825 2404 magnificum
838 2368 887 2394 de-

86 2407 219 2439 sideravi,
241 2416 288 2443 qui
309 2416 358 2434 suo
373 2406 490 2442 quodam
509 2415 580 2433 moro
597 2406 728 2441 loquitur.
752 2411 781 2432 ut
795 2406 886 2432 omnin
908 2424 909 2432 1

87 2445 232 2472 verborum
248 2445 405 2475 momentis,
426 2453 477 2471 non
493 2452 582 2470 rerum
599 2443 765 2478 ponderibus
781 2444 887 2469 exami-

87 2486 141 2509 net.
178 2482 287 2509 Illorum
309 2482 360 2509 suit
375 2482 500 2512 heroum,
522 2490 580 2507 enm
597 2481 738 2511 virtutem,
760 2489 829 2515 quac.
845 2485 887 2506 est

86 2527 149 2551 una,
159 2520 268 2546 simodo
279 2525 328 2551 est,
338 2520 454 2546 maxime
466 2518 592 2545 munifica
604 2523 629 2545 et
642 2517 770 2548 liberalis,
779 2522 804 2543 ct
815 2525 886 2552 quae

86 2565 179 2583 omnes
194 2558 293 2593 magis,
311 2566 393 2593 quam
409 2565 487 2591 sepse
503 2555 606 2591 diligit.
629 2555 690 2581 nnis
708 2559 766 2581 natu
783 2555 883 2589 potius,

86 2602 168 2629 quam
183 2594 250 2626 sibi,
273 2596 389 2622 excitare
410 2595 538 2620 iacentem
555 2598 581 2620 et
596 2593 623 2619 in
640 2592 686 2619 illo
699 2592 793 2618 divino
816 2591 885 2618 solio

86 2640 139 2658 non
161 2631 239 2667 longe
260 2641 274 2659 a
289 2632 420 2667 sapientia
436 2631 575 2658 collocare.
618 2632 658 2656 ⁴3.
681 2630 734 2656 Nec
750 2637 812 2655 vero
829 2628 885 2655 illis

85 2673 132 2696 aut
143 2668 266 2696 voluntas
277 2669 376 2697 deluit:
389 2677 459 2705 quae
470 2669 543 2695 enim
555 2668 589 2695 iis
599 2667 736 2694 scribendi
747 2666 885 2693 aliueaus-

937 1209 1032 1239 Poeni,
1055 1209 1178 1234 homines
1194 1209 1331 1235 immolare
1347 1214 1372 1235 ct
1383 1209 1458 1243 pium
1471 1213 1496 1235 et
1510 1208 1564 1234 diis
1576 1208 1734 1234 immortali-

937 1246 989 1272 bus
1001 1247 1185 1281 gratissimum
1203 1255 1262 1272 esse
1277 1246 1425 1273 duxerunt!
1448 1247 1522 1272 Vitae
1538 1255 1600 1272 vero
1613 1246 1732 1272 instituta

937 1284 976 1310 sic
991 1284 1104 1315 distant,
1129 1288 1157 1310 ut
1172 1284 1262 1310 Cretes
1278 1289 1304 1310 et
1320 1283 1403 1310 Aetoli
1421 1283 1571 1309 latrocinari
1591 1283 1733 1309 honestum

938 1325 1045 1356 putent,
1069 1321 1274 1348 Lacedaemonii
1290 1330 1353 1347 suos
1364 1330 1458 1347 omnes
1469 1330 1546 1356 agros
1556 1329 1614 1346 esse
1626 1320 1734 1346 dictita-

938 1360 1004 1390 rint,
1029 1367 1098 1394 quos
1121 1359 1227 1393 spiculo
1248 1363 1357 1393 possent
1376 1360 1515 1394 attingere.
1556 1357 1734 1384 Athenienses

938 1397 1025 1423 iurare
1037 1397 1117 1422 etiam
1130 1396 1238 1431 publice
1249 1396 1382 1426 solebant.
1400 1405 1506 1422 omnem
1519 1404 1595 1422 suam
1610 1404 1669 1420 esse
1682 1400 1734 1421 ter-

937 1442 1007 1465 ram,
1029 1442 1098 1468 quae
1117 1434 1203 1460 oleam
1226 1433 1351 1469 frugesve
1368 1433 1455 1460 ferret.
1497 1433 1567 1459 Galli
1584 1437 1660 1466 turpe
1675 1440 1734 1458 esso

937 1471 1040 1498 ducunt
1053 1471 1217 1497 frumentum
1230 1480 1309 1497 manu
1317 1480 1457 1506 quaerere:
1472 1469 1734 1505 ituquearinatialie-

938 1518 985 1535 nos
998 1518 1075 1544 agros
1091 1508 1240 1535 demetunt.
1277 1510 1315 1534 tss.
1338 1509 1391 1534 Nos
1408 1517 1469 1534 vero
1486 1508 1627 1533 iustissimi
1647 1506 1734 1532 homi-

938 1555 999 1577 nes,
1021 1547 1068 1581 qui
1086 1546 1275 1581 'l'ransulpinas
1294 1551 1387 1581 gentes
1408 1545 1492 1571 oleam
1507 1550 1531 1571 et
1549 1545 1628 1570 ritem
1646 1552 1734 1569 serere

938 1577 989 1610 n'ou
1002 1583 1128 1614 sinimus,
1137 1593 1190 1618 quo
1202 1583 1288 1618 pluris
1301 1584 1355 1609 siut
1367 1588 1454 1609 nosti-u
1466 1582 1562 1608 oliveta
1576 1587 1734 1616 nostraeque

939 1622 1047 1647 vineae:
1064 1621 1135 1656 quod
1148 1630 1232 1656 (pium
1249 1620 1392 1650 faciamus.
1407 1619 1551 1655 prudenter
1564 1619 1648 1645 facere
1664 1618 1734 1644 dici-

939 1668 1007 1689 mur,
1023 1659 1090 1684 iuste
1103 1668 1154 1685 uon
1168 1658 1297 1690 dicimur3
1314 1663 1341 1684 ut
1354 1657 1522 1693 intelligatis,
1536 1657 1688 1690 discrepare
1700 1657 1734 1681 ab

938 1696 1071 1731 aequitate
1088 1696 1258 1730 sapientiam.
1302 1696 1440 1731 Lycurgus
1456 1700 1558 1724 nutem,
1583 1693 1626 1719 ille
1644 1693 1733 1728 legum

915 1756 916 1761 ,
937 1734 1098 1768 optimarum
1112 1738 1136 1759 et
1151 1733 1308 1768 aequissimi
1327 1733 1392 1758 iuris
1410 1733 1544 1762 inventor.
1566 1740 1643 1766 agros
1661 1730 1733 1757 loeu-

938 1771 1051 1807 pletinm
1064 1770 1146 1805 plebi,
1161 1776 1190 1797 ut
1201 1771 1320 1799 servitio.
1332 1770 1458 1796 colendos
1469 1769 1553 1795 dedit.

994 1808 1028 1834 X.
1054 1809 1092 1834 Π,
1109 1809 1212 1835 Genera
1229 1816 1291 1834 vero
1305 1809 1328 1834 si
1342 1807 1422 1833 velim
1440 1807 1520 1837 iuris.
1540 1807 1732 1834 institutorum,

939 1855 1043 1872 morum
1056 1846 1339 1880 consuetudimimque
1355 1845 1520 1874 describere,
1545 1853 1595 1869 uon
1614 1842 1691 1869 modo
1708 1843 1734 1868 iu

939 1889 975 1910 tot
985 1883 1113 1919 gentibus
1126 1884 1208 1914 varia,
1217 1883 1263 1909 sed
1273 1883 1297 1909 iu
1307 1892 1358 1909 una
1371 1882 1436 1908 urbe
1449 1881 1490 1907 vel
1504 1882 1529 1907 in
1543 1881 1591 1907 hac
1604 1881 1660 1915 ipsa
1673 1879 1734 1905 mil-

940 1921 988 1947 lies
1004 1925 1102 1947 mutata
1118 1921 1313 1947 demonstrem:
1332 1925 1360 1946 ut
1372 1920 1414 1946 liic
1427 1920 1493 1945 iuris
1506 1924 1593 1945 noster
1605 1919 1735 1952 interpres

939 1958 989 1984 alia
1002 1967 1073 1984 nunc
1081 1958 1207 1984 Manilius
1220 1959 1277 1984 iura
1288 1957 1358 1984 dieat
1370 1966 1428 1983 esse
1439 1956 1471 1982 de
1484 1956 1628 1982 mulierum
1642 1955 1735 1989 hue-ans

939 2001 964 2022 et
985 1996 1194 2027 hereditatibus,
1217 1995 1268 2021 ulia
1289 1995 1384 2021 solitus
1405 1995 1439 2020 sit
1459 1993 1613 2020 adolescens
1634 1992 1733 2020 dicere.

940 2033 1058 2059 nondum
1072 2034 1186 2059 Voconia
1201 2033 1257 2067 lege
1271 2033 1334 2059 luta.-
1352 2041 1420 2067 quoe
1435 2031 1544 2066 quidem
1559 2032 1615 2065 ipsa
1629 2030 1670 2056 lex
1683 2029 1735 2055 uti-

941 2071 1021 2096 litatis
1035 2071 1152 2096 virorum
1164 2071 1248 2105 gratia
1266 2075 1354 2105 rogata
1372 2071 1398 2096 in
1417 2069 1542 2095 mulieres
1554 2068 1630 2103 plena
1642 2072 1680 2093 est
1694 2067 1734 2092 in-

940 2108 1034 2133 iuriae.
1075 2108 1128 2133 Cur
1140 2109 1211 2133 enim
1224 2108 1366 2141 pecuniam
1379 2116 1430 2133 non
1449 2107 1543 2132 halwil(
1560 2104 1674 2131 nuilier‘?
1687 2112 1734 2128 rur

939 2145 1039 2180 virgini
1052 2144 1151 2170 Vestali
1163 2145 1198 2170 sit
1211 2144 1295 2173 lieres,
1315 2153 1365 2170 nou
1378 2145 1412 2169 sit
1424 2149 1500 2169 matri
1517 2142 1598 2169 suae?
1618 2143 1670 2167 Cur
1686 2149 1734 2166 uu-

939 2187 1006 2212 teni,
1027 2182 1049 2206 si
1068 2182 1196 2215 pecuniae
1214 2181 1310 2207 modus
1325 2181 1482 2207 statuendus
1500 2180 1547 2206 tuit
1565 2179 1685 2207 seminis,
1704 2178 1732 2203 l‘.

915 2224 916 2228 ¹
939 2219 1027 2245 itu-assi
1044 2218 1097 2244 lilia
1113 2223 1203 2252 posset
1219 2218 1329 2248 habero.
1351 2219 1374 2243 si
1391 2219 1468 2244 unici·
1482 2218 1548 2252 pun-i
1564 2222 1647 2246 esset.
1664 2215 1733 2241 aeris

940 2256 1038 2282 millies
1049 2255 1122 2281 salva
1137 2255 1207 2290 lege:
1225 2264 1282 2281 inea
1294 2255 1383 2281 tricies
1396 2264 1446 2281 non
1459 2260 1547 2289 possa-t
1561 2257 1568 2264 ⁸
1583 2254 1592 2264 ⁸
1607 2253 1617 2264 ’

1083 2294 1243 2325 (Di-siderum·
1256 2295 1372 2318 ridentur
1380 2295 1490 2325 payimu'
1501 2295 1576 2317 Anac.
1587 2295 1588 2298 ’

994 2330 1040 2356 xl.
1057 2331 1096 2356 48.
1114 2330 1124 2341 ’
1134 2329 1143 2342 ‘
1152 2329 1163 2341 ⁸
1175 2330 1309 2356 sanxisset
1322 2330 1378 2355 iura
1391 2329 1482 2361 nobis;
1495 2334 1520 2355 et
1530 2337 1623 2354 ornnes
1636 2326 1732 2353 iisdem

938 2372 963 2394 et
981 2367 1051 2393 idem
1069 2376 1119 2393 non
1131 2367 1197 2393 nlius
1209 2367 1270 2393 aliis
1281 2371 1428 2392 uterentur.
1469 2367 1572 2397 Qnawro
1587 2370 1688 2390 nutem:
1709 2364 1731 2390 si

940 2405 1002 2431 iusti
1020 2404 1138 2430 hominis
1154 2409 1179 2430 et
1193 2405 1214 2430 si
1233 2404 1294 2430 boui
1311 2409 1349 2429 est
1367 2404 1416 2429 viri
1430 2412 1520 2437 parere
1534 2402 1651 2437 lugdun&
1671 2403 1734 2436 ipti-

939 2441 1008 2468 bns?
1019 2450 1051 2468 an
1062 2450 1250 2476 ‹pinei-unique
1262 2441 1357 2467 eruut?
1367 2446 1391 2467 nt
1404 2449 1450 2466 nee
1464 2441 1667 2466 inconstanta-nn
1678 2439 1732 2465 vir-

939 2487 980 2506 tus
998 2480 1105 2514 recipit,
1127 2488 1175 2505 nec
1193 2480 1345 2505 varietatem
1362 2483 1453 2504 nutura
1471 2478 1581 2511 palium
1607 2476 1733 2511 legesque

938 2525 1031 2551 poena,
1046 2525 1097 2543 non
1111 2517 1211 2542 institia
1225 2522 1310 2542 nostra
1320 2536 1325 2545 ,
1341 2515 1557 2550 comprobantur.
1600 2513 1671 2540 Nihil
1686 2514 1732 2539 lui-

938 2555 982 2580 bet
993 2554 1075 2587 igitur
1087 2554 1205 2580 nuturnle
1218 2554 1272 2579 ius:
1285 2563 1318 2579 ex
1329 2562 1382 2587 quo
1396 2552 1461 2578 illud
1473 2552 1597 2579 eflicitur.
1607 2561 1639 2578 ne
1648 2552 1732 2578 iustos

937 2587 1047 2626 quidem
1064 2600 1122 2617 esse
1138 2596 1240 2617 nutura.
1282 2592 1321 2616 An
1339 2599 1400 2616 vero
1418 2590 1443 2616 iu
1460 2589 1565 2624 legibus
1577 2590 1731 2615 varietatem

937 2637 996 2655 esso
1012 2628 1119 2655 dicunt:
1143 2633 1235 2654 nutura
1251 2633 1340 2654 nutem
1353 2628 1424 2653 virus
1436 2627 1519 2653 bonos
1530 2635 1588 2653 eum
1603 2627 1731 2653 iustitiam

936 2666 1024 2702 sequi,
1039 2674 1108 2702 quae
1120 2666 1163 2698 sit,
1173 2675 1223 2692 nun
1236 2674 1381 2701 t·nin,qune
1393 2664 1518 2700 putetur-⁸?
1529 2673 1587 2691 esse
1599 2665 1670 2691 enim
1684 2664 1732 2690 lion:
