<?xml version="1.0" encoding="UTF-8"?>
<!DOCTYPE html PUBLIC "-//W3C//DTD XHTML 1.0 Transitional//EN"
    "http://www.w3.org/TR/xhtml1/DTD/xhtml1-transitional.dtd">
<html xmlns="http://www.w3.org/1999/xhtml" xml:lang="en" lang="en">
 <head>
  <title>
</title>
<meta http-equiv="Content-Type" content="text/html;charset=utf-8" />
  <meta name='ocr-system' content='tesseract 3.04.00' />
  <meta name='ocr-capabilities' content='ocr_page ocr_carea ocr_par ocr_line ocrx_word'/>
</head>
<body>
  <div class='ocr_page' id='page_1' title='image "./operaomniaunovol00ciceuoft_1268.png"; bbox 0 0 1941 3052; ppageno 0'>
   <div class='ocr_carea' id='block_1_1' title="bbox 227 115 1021 518">
    <p class='ocr_par' dir='ltr' id='par_1_1' title="bbox 227 115 1021 518">
     <span class='ocr_line' id='line_1_1' title="bbox 234 115 969 143; baseline -0.001 0"><span class='ocrx_word' id='word_1_1' title='bbox 234 117 295 143; x_wconf 66' lang='lat'>⁴254</span> <span class='ocrx_word' id='word_1_2' title='bbox 774 117 830 142; x_wconf 76' lang='lat'>⁴37.</span> <span class='ocrx_word' id='word_1_3' title='bbox 869 115 904 142; x_wconf 82' lang='grc' dir='ltr'>Μ.</span> <span class='ocrx_word' id='word_1_4' title='bbox 938 115 969 142; x_wconf 88' lang='lat' dir='ltr'>T.</span> 
     </span>
     <span class='ocr_line' id='line_1_2' title="bbox 229 185 1018 221; baseline 0 -9"><span class='ocrx_word' id='word_1_5' title='bbox 229 191 382 221; x_wconf 76' lang='lat' dir='ltr'>coeperunt,</span> <span class='ocrx_word' id='word_1_6' title='bbox 396 186 490 213; x_wconf 65' lang='lat' dir='ltr'>alicnis</span> <span class='ocrx_word' id='word_1_7' title='bbox 503 186 578 211; x_wconf 64' lang='lat' dir='ltr'>bonis</span> <span class='ocrx_word' id='word_1_8' title='bbox 591 194 685 211; x_wconf 72' lang='lat' dir='ltr'>manus</span> <span class='ocrx_word' id='word_1_9' title='bbox 696 185 788 211; x_wconf 75' lang='lat' dir='ltr'>afferre</span> <span class='ocrx_word' id='word_1_10' title='bbox 799 190 941 219; x_wconf 70' lang='lat' dir='ltr'>coguntur.</span> <span class='ocrx_word' id='word_1_11' title='bbox 973 187 1018 217; x_wconf 87' lang='lat' dir='ltr'>lta,</span> 
     </span>
     <span class='ocr_line' id='line_1_3' title="bbox 230 223 1021 259; baseline -0.001 -10"><span class='ocrx_word' id='word_1_12' title='bbox 230 233 314 259; x_wconf 81' lang='lat' dir='ltr'>quum</span> <span class='ocrx_word' id='word_1_13' title='bbox 329 224 528 250; x_wconf 72' lang='lat' dir='ltr'>lietu-valentine</span> <span class='ocrx_word' id='word_1_14' title='bbox 539 223 731 257; x_wconf 75' lang='lat' dir='ltr'>eoiupnrandne</span> <span class='ocrx_word' id='word_1_15' title='bbox 743 232 837 248; x_wconf 75' lang='lat' dir='ltr'>caussa</span> <span class='ocrx_word' id='word_1_16' title='bbox 850 223 962 249; x_wconf 74' lang='lat' dir='ltr'>benefici</span> <span class='ocrx_word' id='word_1_17' title='bbox 978 232 1021 249; x_wconf 68' lang='lat' dir='ltr'>es-</span> 
     </span>
     <span class='ocr_line' id='line_1_4' title="bbox 230 259 1021 295; baseline 0.001 -10"><span class='ocrx_word' id='word_1_18' title='bbox 230 271 258 286; x_wconf 66' lang='lat' dir='ltr'>ew</span> <span class='ocrx_word' id='word_1_19' title='bbox 272 261 361 290; x_wconf 77' lang='lat' dir='ltr'>velint.</span> <span class='ocrx_word' id='word_1_20' title='bbox 372 270 421 286; x_wconf 88' lang='lat' dir='ltr'>nou</span> <span class='ocrx_word' id='word_1_21' title='bbox 437 266 504 286; x_wconf 79' lang='lat' dir='ltr'>tauta</span> <span class='ocrx_word' id='word_1_22' title='bbox 517 259 603 285; x_wconf 67' lang='lat' dir='ltr'>nuntia</span> <span class='ocrx_word' id='word_1_23' title='bbox 616 264 796 294; x_wconf 62' lang='lat' dir='ltr'>assequuntur</span> <span class='ocrx_word' id='word_1_24' title='bbox 809 260 1021 295; x_wconf 79' lang='lat' dir='ltr'>eorurn,quil›us</span> 
     </span>
     <span class='ocr_line' id='line_1_5' title="bbox 230 296 1019 332; baseline 0.003 -10"><span class='ocrx_word' id='word_1_25' title='bbox 230 298 369 326; x_wconf 78' lang='lat' dir='ltr'>dederunt,</span> <span class='ocrx_word' id='word_1_26' title='bbox 384 303 480 332; x_wconf 77' lang='lat' dir='ltr'>quauta</span> <span class='ocrx_word' id='word_1_27' title='bbox 493 296 552 322; x_wconf 86' lang='lat' dir='ltr'>odia</span> <span class='ocrx_word' id='word_1_28' title='bbox 564 305 665 325; x_wconf 72' lang='lat' dir='ltr'>eorum,</span> <span class='ocrx_word' id='word_1_29' title='bbox 679 297 780 331; x_wconf 82' lang='lat' dir='ltr'>quibus</span> <span class='ocrx_word' id='word_1_30' title='bbox 791 297 958 324; x_wconf 86' lang='lat' dir='ltr'>ademerunt.</span> <span class='ocrx_word' id='word_1_31' title='bbox 977 299 1019 324; x_wconf 73' lang='lat'>55.</span> 
     </span>
     <span class='ocr_line' id='line_1_6' title="bbox 229 333 1021 366; baseline 0.003 -8"><span class='ocrx_word' id='word_1_32' title='bbox 229 335 406 366; x_wconf 77' lang='lat' dir='ltr'>Qiuuuohrem</span> <span class='ocrx_word' id='word_1_33' title='bbox 425 343 472 359; x_wconf 77' lang='lat' dir='ltr'>nec</span> <span class='ocrx_word' id='word_1_34' title='bbox 490 335 522 359; x_wconf 82' lang='lat' dir='ltr'>ita</span> <span class='ocrx_word' id='word_1_35' title='bbox 539 333 686 359; x_wconf 65' lang='lat' dir='ltr'>rumh-ndu</span> <span class='ocrx_word' id='word_1_36' title='bbox 704 343 745 359; x_wconf 66' lang='lat' dir='ltr'>res</span> <span class='ocrx_word' id='word_1_37' title='bbox 760 339 800 360; x_wconf 89' lang='lat' dir='ltr'>est</span> <span class='ocrx_word' id='word_1_38' title='bbox 816 334 970 365; x_wconf 79' lang='lat' dir='ltr'>familiaris,</span> <span class='ocrx_word' id='word_1_39' title='bbox 994 340 1021 361; x_wconf 92' lang='lat' dir='ltr'>ut</span> 
     </span>
     <span class='ocr_line' id='line_1_7' title="bbox 229 371 1018 405; baseline -0.001 -8"><span class='ocrx_word' id='word_1_40' title='bbox 229 381 286 397; x_wconf 80' lang='lat' dir='ltr'>eam</span> <span class='ocrx_word' id='word_1_41' title='bbox 300 371 450 403; x_wconf 70' lang='lat' dir='ltr'>benignitas</span> <span class='ocrx_word' id='word_1_42' title='bbox 461 371 561 404; x_wconf 81' lang='lat' dir='ltr'>aperire</span> <span class='ocrx_word' id='word_1_43' title='bbox 574 380 623 396; x_wconf 84' lang='lat' dir='ltr'>nou</span> <span class='ocrx_word' id='word_1_44' title='bbox 637 372 734 405; x_wconf 75' lang='lat' dir='ltr'>possit:</span> <span class='ocrx_word' id='word_1_45' title='bbox 758 380 805 397; x_wconf 80' lang='lat' dir='ltr'>nec</span> <span class='ocrx_word' id='word_1_46' title='bbox 821 372 854 398; x_wconf 87' lang='lat' dir='ltr'>ita</span> <span class='ocrx_word' id='word_1_47' title='bbox 868 372 1018 402; x_wconf 79' lang='lat' dir='ltr'>reseranda,</span> 
     </span>
     <span class='ocr_line' id='line_1_8' title="bbox 230 407 1021 443; baseline 0.001 -9"><span class='ocrx_word' id='word_1_48' title='bbox 230 414 257 434; x_wconf 92' lang='lat' dir='ltr'>ut</span> <span class='ocrx_word' id='word_1_49' title='bbox 270 413 354 442; x_wconf 78' lang='lat' dir='ltr'>pateat</span> <span class='ocrx_word' id='word_1_50' title='bbox 365 408 501 433; x_wconf 79' lang='lat' dir='ltr'>omnibus.</span> <span class='ocrx_word' id='word_1_51' title='bbox 543 407 637 433; x_wconf 68' lang='lat' dir='ltr'>Modus</span> <span class='ocrx_word' id='word_1_52' title='bbox 648 407 816 438; x_wconf 84' lang='lat' dir='ltr'>adhiheatur,</span> <span class='ocrx_word' id='word_1_53' title='bbox 834 409 910 443; x_wconf 75' lang='lat' dir='ltr'>isque</span> <span class='ocrx_word' id='word_1_54' title='bbox 922 409 1021 435; x_wconf 84' lang='lat' dir='ltr'>refera-</span> 
     </span>
     <span class='ocr_line' id='line_1_9' title="bbox 229 444 1018 476; baseline 0.001 -5"><span class='ocrx_word' id='word_1_55' title='bbox 229 450 271 471; x_wconf 90' lang='lat' dir='ltr'>tur</span> <span class='ocrx_word' id='word_1_56' title='bbox 286 445 318 470; x_wconf 87' lang='lat' dir='ltr'>ad</span> <span class='ocrx_word' id='word_1_57' title='bbox 337 445 482 470; x_wconf 71' lang='lat' dir='ltr'>facultates,</span> <span class='ocrx_word' id='word_1_58' title='bbox 517 444 632 470; x_wconf 82' lang='lat' dir='ltr'>Omnino</span> <span class='ocrx_word' id='word_1_59' title='bbox 651 446 806 472; x_wconf 71' lang='lat' dir='ltr'>meminisse</span> <span class='ocrx_word' id='word_1_60' title='bbox 827 446 958 472; x_wconf 81' lang='lat' dir='ltr'>debemus</span> <span class='ocrx_word' id='word_1_61' title='bbox 983 446 1018 476; x_wconf 85' lang='lat' dir='ltr'>id,</span> 
     </span>
     <span class='ocr_line' id='line_1_10' title="bbox 227 482 1019 518; baseline 0.004 -12"><span class='ocrx_word' id='word_1_62' title='bbox 227 482 298 516; x_wconf 80' lang='lat' dir='ltr'>quod</span> <span class='ocrx_word' id='word_1_63' title='bbox 311 491 323 506; x_wconf 84' lang='lat' dir='ltr'>a</span> <span class='ocrx_word' id='word_1_64' title='bbox 337 482 434 507; x_wconf 78' lang='lat' dir='ltr'>nostris</span> <span class='ocrx_word' id='word_1_65' title='bbox 447 482 602 507; x_wconf 83' lang='lat' dir='ltr'>hominibus</span> <span class='ocrx_word' id='word_1_66' title='bbox 613 483 771 516; x_wconf 62' lang='lat' dir='ltr'>saepissime</span> <span class='ocrx_word' id='word_1_67' title='bbox 784 488 952 518; x_wconf 66' lang='lat' dir='ltr'>usurpatum,</span> <span class='ocrx_word' id='word_1_68' title='bbox 968 485 1019 510; x_wconf 87' lang='lat' dir='ltr'>iam</span> 
     </span>
    </p>
   </div>
   <div class='ocr_carea' id='block_1_2' title="bbox 1050 209 1052 315">
    <p class='ocr_par' dir='ltr' id='par_1_2' title="bbox 1050 209 1052 315">
     <span class='ocr_line' id='line_1_11' title="bbox 1050 209 1052 315; baseline 0 0"><span class='ocrx_word' id='word_1_69' title='bbox 1050 209 1052 315; x_wconf 95' lang='lat' dir='ltr'> </span> 
     </span>
    </p>
   </div>
   <div class='ocr_carea' id='block_1_3' title="bbox 1050 342 1052 426">
    <p class='ocr_par' dir='ltr' id='par_1_3' title="bbox 1050 342 1052 426">
     <span class='ocr_line' id='line_1_12' title="bbox 1050 342 1052 426; baseline 0 2626"><span class='ocrx_word' id='word_1_70' title='bbox 1050 342 1052 426; x_wconf 95' lang='lat' dir='ltr'> </span> 
     </span>
    </p>
   </div>
   <div class='ocr_carea' id='block_1_4' title="bbox 230 519 1051 554">
    <p class='ocr_par' dir='ltr' id='par_1_4' title="bbox 230 519 1051 554">
     <span class='ocr_line' id='line_1_13' title="bbox 230 519 1051 554; baseline 0.001 -9"><span class='ocrx_word' id='word_1_71' title='bbox 230 520 254 545; x_wconf 92' lang='lat' dir='ltr'>iu</span> <span class='ocrx_word' id='word_1_72' title='bbox 269 519 402 553; x_wconf 82' lang='lat' dir='ltr'>proverbii</span> <span class='ocrx_word' id='word_1_73' title='bbox 414 519 635 545; x_wconf 77' lang='lat' dir='ltr'>consuetudinem</span> <span class='ocrx_word' id='word_1_74' title='bbox 649 520 730 549; x_wconf 75' lang='lat' dir='ltr'>veuit,</span> <span class='ocrx_word' id='word_1_75' title='bbox 745 522 904 553; x_wconf 72' lang='lat' dir='ltr'>larqi&#39;tt&#39;onem</span> <span class='ocrx_word' id='word_1_76' title='bbox 914 524 1020 554; x_wconf 81' lang='lat' dir='ltr'>(undum</span> <span class='ocrx_word' id='word_1_77' title='bbox 1050 546 1051 552; x_wconf 55' lang='grc'>,</span> 
     </span>
    </p>
   </div>
   <div class='ocr_carea' id='block_1_5' title="bbox 229 556 1020 592">
    <p class='ocr_par' dir='ltr' id='par_1_5' title="bbox 229 556 1020 592">
     <span class='ocr_line' id='line_1_14' title="bbox 229 556 1020 592; baseline 0.004 -12"><span class='ocrx_word' id='word_1_78' title='bbox 229 565 275 581; x_wconf 77' lang='lat' dir='ltr'>mm</span> <span class='ocrx_word' id='word_1_79' title='bbox 287 558 384 582; x_wconf 60' lang='lat' dir='ltr'>habere.</span> <span class='ocrx_word' id='word_1_80' title='bbox 424 556 528 582; x_wconf 84' lang='lat' dir='ltr'>Etenim</span> <span class='ocrx_word' id='word_1_81' title='bbox 541 556 603 591; x_wconf 82' lang='lat' dir='ltr'>quis</span> <span class='ocrx_word' id='word_1_82' title='bbox 615 561 699 590; x_wconf 78' lang='lat' dir='ltr'>potest</span> <span class='ocrx_word' id='word_1_83' title='bbox 711 557 806 583; x_wconf 72' lang='lat' dir='ltr'>modus</span> <span class='ocrx_word' id='word_1_84' title='bbox 818 566 885 588; x_wconf 77' lang='lat' dir='ltr'>esse,</span> <span class='ocrx_word' id='word_1_85' title='bbox 899 566 982 592; x_wconf 85' lang='lat' dir='ltr'>quum</span> <span class='ocrx_word' id='word_1_86' title='bbox 995 563 1020 584; x_wconf 74' lang='lat' dir='ltr'>et</span> 
     </span>
    </p>
   </div>
   <div class='ocr_carea' id='block_1_6' title="bbox 229 593 1050 627">
    <p class='ocr_par' dir='ltr' id='par_1_6' title="bbox 229 593 1050 627">
     <span class='ocr_line' id='line_1_15' title="bbox 229 593 1050 627; baseline 0.005 -10"><span class='ocrx_word' id='word_1_87' title='bbox 229 593 306 622; x_wconf 75' lang='lat' dir='ltr'>idi-iu,</span> <span class='ocrx_word' id='word_1_88' title='bbox 325 594 371 627; x_wconf 81' lang='lat' dir='ltr'>qui</span> <span class='ocrx_word' id='word_1_89' title='bbox 387 598 562 623; x_wconf 73' lang='lat' dir='ltr'>consuerunt,</span> <span class='ocrx_word' id='word_1_90' title='bbox 576 598 601 619; x_wconf 88' lang='lat' dir='ltr'>ct</span> <span class='ocrx_word' id='word_1_91' title='bbox 621 593 689 619; x_wconf 83' lang='lat' dir='ltr'>idem</span> <span class='ocrx_word' id='word_1_92' title='bbox 707 594 773 620; x_wconf 90' lang='lat' dir='ltr'>illud</span> <span class='ocrx_word' id='word_1_93' title='bbox 790 594 836 621; x_wconf 90' lang='lat' dir='ltr'>alii</span> <span class='ocrx_word' id='word_1_94' title='bbox 850 594 1021 621; x_wconf 65' lang='lat' dir='ltr'>desiderent?</span> <span class='ocrx_word' id='word_1_95' title='bbox 1049 619 1050 622; x_wconf 76' lang='grc'>,</span> 
     </span>
    </p>
   </div>
   <div class='ocr_carea' id='block_1_7' title="bbox 219 630 1021 1334">
    <p class='ocr_par' dir='ltr' id='par_1_7' title="bbox 219 630 1021 1334">
     <span class='ocr_line' id='line_1_16' title="bbox 229 630 1020 666; baseline 0.004 -11"><span class='ocrx_word' id='word_1_96' title='bbox 229 630 294 656; x_wconf 57' lang='lat' dir='ltr'>xit</span> <span class='ocrx_word' id='word_1_97' title='bbox 308 630 424 656; x_wconf 75' lang='lat' dir='ltr'>(hunino</span> <span class='ocrx_word' id='word_1_98' title='bbox 435 630 488 656; x_wconf 92' lang='lat' dir='ltr'>duo</span> <span class='ocrx_word' id='word_1_99' title='bbox 499 635 562 656; x_wconf 83' lang='lat' dir='ltr'>suut</span> <span class='ocrx_word' id='word_1_100' title='bbox 573 640 664 662; x_wconf 60' lang='lat' dir='ltr'>(tener-n</span> <span class='ocrx_word' id='word_1_101' title='bbox 676 633 814 664; x_wconf 66' lang='lat' dir='ltr'>tur-qurum,</span> <span class='ocrx_word' id='word_1_102' title='bbox 828 641 942 666; x_wconf 88' lang='lat' dir='ltr'>quorum</span> <span class='ocrx_word' id='word_1_103' title='bbox 955 632 1020 658; x_wconf 84' lang='lat' dir='ltr'>altc-</span> 
     </span>
     <span class='ocr_line' id='line_1_17' title="bbox 227 667 1020 703; baseline 0.004 -10"><span class='ocrx_word' id='word_1_104' title='bbox 227 668 246 693; x_wconf 87' lang='lat' dir='ltr'>ri</span> <span class='ocrx_word' id='word_1_105' title='bbox 261 667 374 701; x_wconf 77' lang='lat' dir='ltr'>prodigi,</span> <span class='ocrx_word' id='word_1_106' title='bbox 392 668 466 693; x_wconf 81' lang='lat' dir='ltr'>alteri</span> <span class='ocrx_word' id='word_1_107' title='bbox 480 667 616 694; x_wconf 78' lang='lat' dir='ltr'>liberales:</span> <span class='ocrx_word' id='word_1_108' title='bbox 638 671 753 701; x_wconf 70' lang='lat' dir='ltr'>prodiqi.</span> <span class='ocrx_word' id='word_1_109' title='bbox 771 670 817 703; x_wconf 87' lang='lat' dir='ltr'>qui</span> <span class='ocrx_word' id='word_1_110' title='bbox 830 669 919 703; x_wconf 85' lang='lat' dir='ltr'>epulis</span> <span class='ocrx_word' id='word_1_111' title='bbox 935 675 960 696; x_wconf 88' lang='lat' dir='ltr'>ct</span> <span class='ocrx_word' id='word_1_112' title='bbox 979 670 1020 695; x_wconf 90' lang='lat' dir='ltr'>vi-</span> 
     </span>
     <span class='ocr_line' id='line_1_18' title="bbox 224 704 1021 738; baseline 0.005 -9"><span class='ocrx_word' id='word_1_113' title='bbox 224 705 419 730; x_wconf 80' lang='lat' dir='ltr'>scerationibus</span> <span class='ocrx_word' id='word_1_114' title='bbox 429 710 453 730; x_wconf 84' lang='lat' dir='ltr'>et</span> <span class='ocrx_word' id='word_1_115' title='bbox 464 704 640 738; x_wconf 74' lang='lat' dir='ltr'>gladiatorum</span> <span class='ocrx_word' id='word_1_116' title='bbox 657 706 822 735; x_wconf 63' lang='lat' dir='ltr'>munet-ibim,</span> <span class='ocrx_word' id='word_1_117' title='bbox 838 706 961 733; x_wconf 86' lang='lat' dir='ltr'>ludorum</span> <span class='ocrx_word' id='word_1_118' title='bbox 975 716 1021 733; x_wconf 81' lang='lat' dir='ltr'>ve-</span> 
     </span>
     <span class='ocr_line' id='line_1_19' title="bbox 225 742 1017 777; baseline 0.004 -10"><span class='ocrx_word' id='word_1_119' title='bbox 225 742 417 776; x_wconf 75' lang='lat' dir='ltr'>nationumque</span> <span class='ocrx_word' id='word_1_120' title='bbox 429 748 555 776; x_wconf 80' lang='lat' dir='ltr'>apparatu</span> <span class='ocrx_word' id='word_1_121' title='bbox 569 743 696 776; x_wconf 84' lang='lat' dir='ltr'>pecunias</span> <span class='ocrx_word' id='word_1_122' title='bbox 709 743 907 777; x_wconf 88' lang='lat' dir='ltr'>profunduntin</span> <span class='ocrx_word' id='word_1_123' title='bbox 915 753 959 770; x_wconf 87' lang='lat' dir='ltr'>eas</span> <span class='ocrx_word' id='word_1_124' title='bbox 966 753 1017 774; x_wconf 85' lang='lat' dir='ltr'>res,</span> 
     </span>
     <span class='ocr_line' id='line_1_20' title="bbox 224 780 1018 813; baseline 0.004 -9"><span class='ocrx_word' id='word_1_125' title='bbox 224 787 338 813; x_wconf 86' lang='lat' dir='ltr'>quarum</span> <span class='ocrx_word' id='word_1_126' title='bbox 362 781 516 805; x_wconf 87' lang='lat' dir='ltr'>memoriam</span> <span class='ocrx_word' id='word_1_127' title='bbox 538 785 582 805; x_wconf 83' lang='lat' dir='ltr'>aut</span> <span class='ocrx_word' id='word_1_128' title='bbox 604 780 712 806; x_wconf 85' lang='lat' dir='ltr'>brevem</span> <span class='ocrx_word' id='word_1_129' title='bbox 732 785 776 806; x_wconf 90' lang='lat' dir='ltr'>aut</span> <span class='ocrx_word' id='word_1_130' title='bbox 792 780 893 807; x_wconf 89' lang='lat' dir='ltr'>nullam</span> <span class='ocrx_word' id='word_1_131' title='bbox 909 782 1018 808; x_wconf 90' lang='lat' dir='ltr'>omnino</span> 
     </span>
     <span class='ocr_line' id='line_1_21' title="bbox 223 816 1019 852; baseline 0.005 -11"><span class='ocrx_word' id='word_1_132' title='bbox 223 816 278 842; x_wconf 87' lang='lat' dir='ltr'>sint</span> <span class='ocrx_word' id='word_1_133' title='bbox 290 816 421 848; x_wconf 79' lang='lat' dir='ltr'>relicturi;</span> <span class='ocrx_word' id='word_1_134' title='bbox 454 818 494 842; x_wconf 77' lang='lat'>56.</span> <span class='ocrx_word' id='word_1_135' title='bbox 516 819 632 843; x_wconf 54' lang='lat' dir='ltr'>titum-ates</span> <span class='ocrx_word' id='word_1_136' title='bbox 643 822 744 848; x_wconf 82' lang='lat' dir='ltr'>autem,</span> <span class='ocrx_word' id='word_1_137' title='bbox 758 818 805 852; x_wconf 87' lang='lat' dir='ltr'>qui</span> <span class='ocrx_word' id='word_1_138' title='bbox 816 819 874 844; x_wconf 89' lang='lat' dir='ltr'>suis</span> <span class='ocrx_word' id='word_1_139' title='bbox 887 818 1019 845; x_wconf 87' lang='lat' dir='ltr'>facultati-</span> 
     </span>
     <span class='ocr_line' id='line_1_22' title="bbox 224 853 1018 888; baseline 0.005 -10"><span class='ocrx_word' id='word_1_140' title='bbox 224 853 275 879; x_wconf 88' lang='lat' dir='ltr'>bus</span> <span class='ocrx_word' id='word_1_141' title='bbox 287 858 431 888; x_wconf 86' lang='lat' dir='ltr'>autcaptos</span> <span class='ocrx_word' id='word_1_142' title='bbox 443 863 456 879; x_wconf 89' lang='lat' dir='ltr'>a</span> <span class='ocrx_word' id='word_1_143' title='bbox 473 854 653 888; x_wconf 86' lang='lat' dir='ltr'>praedonibus</span> <span class='ocrx_word' id='word_1_144' title='bbox 664 854 811 886; x_wconf 89' lang='lat' dir='ltr'>redimunt,</span> <span class='ocrx_word' id='word_1_145' title='bbox 833 860 877 882; x_wconf 92' lang='lat' dir='ltr'>aut</span> <span class='ocrx_word' id='word_1_146' title='bbox 893 864 937 882; x_wconf 85' lang='lat' dir='ltr'>aes</span> <span class='ocrx_word' id='word_1_147' title='bbox 953 856 1018 882; x_wconf 88' lang='lat' dir='ltr'>alie—</span> 
     </span>
     <span class='ocr_line' id='line_1_23' title="bbox 224 891 1018 925; baseline 0.004 -9"><span class='ocrx_word' id='word_1_148' title='bbox 224 899 289 916; x_wconf 91' lang='lat' dir='ltr'>num</span> <span class='ocrx_word' id='word_1_149' title='bbox 302 891 454 925; x_wconf 85' lang='lat' dir='ltr'>suscipiunt</span> <span class='ocrx_word' id='word_1_150' title='bbox 465 892 626 921; x_wconf 77' lang='lat' dir='ltr'>amicorum.</span> <span class='ocrx_word' id='word_1_151' title='bbox 643 893 725 918; x_wconf 86' lang='lat' dir='ltr'>autin</span> <span class='ocrx_word' id='word_1_152' title='bbox 738 892 854 919; x_wconf 77' lang='lat' dir='ltr'>[iliarum</span> <span class='ocrx_word' id='word_1_153' title='bbox 866 893 1018 919; x_wconf 86' lang='lat' dir='ltr'>collocatio-</span> 
     </span>
     <span class='ocr_line' id='line_1_24' title="bbox 225 927 1016 965; baseline 0.004 -12"><span class='ocrx_word' id='word_1_154' title='bbox 225 936 257 953; x_wconf 81' lang='lat' dir='ltr'>ne</span> <span class='ocrx_word' id='word_1_155' title='bbox 269 927 412 958; x_wconf 79' lang='lat' dir='ltr'>adiuvant.</span> <span class='ocrx_word' id='word_1_156' title='bbox 436 933 481 954; x_wconf 88' lang='lat' dir='ltr'>aut</span> <span class='ocrx_word' id='word_1_157' title='bbox 495 928 661 963; x_wconf 83' lang='lat' dir='ltr'>opitulantur</span> <span class='ocrx_word' id='word_1_158' title='bbox 677 930 702 955; x_wconf 89' lang='lat' dir='ltr'>in</span> <span class='ocrx_word' id='word_1_159' title='bbox 719 938 745 955; x_wconf 91' lang='lat' dir='ltr'>re</span> <span class='ocrx_word' id='word_1_160' title='bbox 758 929 798 955; x_wconf 93' lang='lat' dir='ltr'>vel</span> <span class='ocrx_word' id='word_1_161' title='bbox 811 930 962 965; x_wconf 84' lang='lat' dir='ltr'>quaerenda</span> <span class='ocrx_word' id='word_1_162' title='bbox 977 931 1016 956; x_wconf 87' lang='lat' dir='ltr'>vel</span> 
     </span>
     <span class='ocr_line' id='line_1_25' title="bbox 223 965 1018 1001; baseline 0.005 -11"><span class='ocrx_word' id='word_1_163' title='bbox 223 965 356 999; x_wconf 83' lang='lat' dir='ltr'>augenda.</span> <span class='ocrx_word' id='word_1_164' title='bbox 398 966 488 1000; x_wconf 87' lang='lat' dir='ltr'>ltaque</span> <span class='ocrx_word' id='word_1_165' title='bbox 512 967 606 996; x_wconf 82' lang='lat' dir='ltr'>miror.</span> <span class='ocrx_word' id='word_1_166' title='bbox 633 966 699 1001; x_wconf 88' lang='lat' dir='ltr'>quid</span> <span class='ocrx_word' id='word_1_167' title='bbox 726 967 751 992; x_wconf 95' lang='lat' dir='ltr'>in</span> <span class='ocrx_word' id='word_1_168' title='bbox 777 972 892 993; x_wconf 89' lang='lat' dir='ltr'>mentem</span> <span class='ocrx_word' id='word_1_169' title='bbox 915 969 1018 994; x_wconf 83' lang='lat' dir='ltr'>venerit</span> 
     </span>
     <span class='ocr_line' id='line_1_26' title="bbox 223 1002 1016 1039; baseline 0.005 -12"><span class='ocrx_word' id='word_1_170' title='bbox 223 1002 406 1036; x_wconf 70' lang='lat' dir='ltr'>Theophrasto</span> <span class='ocrx_word' id='word_1_171' title='bbox 418 1003 444 1028; x_wconf 90' lang='lat' dir='ltr'>in</span> <span class='ocrx_word' id='word_1_172' title='bbox 457 1011 487 1029; x_wconf 86' lang='lat' dir='ltr'>eo</span> <span class='ocrx_word' id='word_1_173' title='bbox 500 1002 576 1033; x_wconf 89' lang='lat' dir='ltr'>libro,</span> <span class='ocrx_word' id='word_1_174' title='bbox 590 1012 670 1037; x_wconf 88' lang='lat' dir='ltr'>quem</span> <span class='ocrx_word' id='word_1_175' title='bbox 683 1003 716 1029; x_wconf 86' lang='lat' dir='ltr'>de</span> <span class='ocrx_word' id='word_1_176' title='bbox 729 1003 834 1030; x_wconf 84' lang='lat' dir='ltr'>divitiis</span> <span class='ocrx_word' id='word_1_177' title='bbox 845 1006 966 1039; x_wconf 83' lang='lat' dir='ltr'>scripsit:</span> <span class='ocrx_word' id='word_1_178' title='bbox 991 1006 1016 1031; x_wconf 92' lang='lat' dir='ltr'>in</span> 
     </span>
     <span class='ocr_line' id='line_1_27' title="bbox 222 1039 1017 1074; baseline 0.005 -10"><span class='ocrx_word' id='word_1_179' title='bbox 222 1047 276 1073; x_wconf 85' lang='lat' dir='ltr'>quo</span> <span class='ocrx_word' id='word_1_180' title='bbox 289 1039 370 1065; x_wconf 89' lang='lat' dir='ltr'>multa</span> <span class='ocrx_word' id='word_1_181' title='bbox 383 1039 528 1074; x_wconf 65' lang='lat' dir='ltr'>praeclare,</span> <span class='ocrx_word' id='word_1_182' title='bbox 543 1040 610 1066; x_wconf 92' lang='lat' dir='ltr'>illud</span> <span class='ocrx_word' id='word_1_183' title='bbox 623 1040 748 1067; x_wconf 80' lang='lat' dir='ltr'>absurde.</span> <span class='ocrx_word' id='word_1_184' title='bbox 775 1042 821 1068; x_wconf 83' lang='lat' dir='ltr'>Est</span> <span class='ocrx_word' id='word_1_185' title='bbox 832 1043 903 1068; x_wconf 88' lang='lat' dir='ltr'>enim</span> <span class='ocrx_word' id='word_1_186' title='bbox 917 1042 1017 1068; x_wconf 92' lang='lat' dir='ltr'>multus</span> 
     </span>
     <span class='ocr_line' id='line_1_28' title="bbox 222 1076 1016 1114; baseline 0.004 -12"><span class='ocrx_word' id='word_1_187' title='bbox 222 1076 249 1102; x_wconf 90' lang='lat' dir='ltr'>iu</span> <span class='ocrx_word' id='word_1_188' title='bbox 266 1076 397 1103; x_wconf 86' lang='lat' dir='ltr'>laudanda</span> <span class='ocrx_word' id='word_1_189' title='bbox 415 1078 611 1112; x_wconf 81' lang='lat' dir='ltr'>magnificentia</span> <span class='ocrx_word' id='word_1_190' title='bbox 628 1079 833 1112; x_wconf 87' lang='lat' dir='ltr'>etapparatione</span> <span class='ocrx_word' id='word_1_191' title='bbox 845 1079 1016 1114; x_wconf 90' lang='lat' dir='ltr'>popularium</span> 
     </span>
     <span class='ocr_line' id='line_1_29' title="bbox 222 1114 1016 1149; baseline 0.004 -10"><span class='ocrx_word' id='word_1_192' title='bbox 222 1122 378 1143; x_wconf 86' lang='lat' dir='ltr'>munerum,</span> <span class='ocrx_word' id='word_1_193' title='bbox 398 1114 546 1149; x_wconf 81' lang='lat' dir='ltr'>taliumque</span> <span class='ocrx_word' id='word_1_194' title='bbox 562 1120 719 1149; x_wconf 82' lang='lat' dir='ltr'>sumptuum</span> <span class='ocrx_word' id='word_1_195' title='bbox 738 1115 887 1142; x_wconf 77' lang='lat' dir='ltr'>facultatem</span> <span class='ocrx_word' id='word_1_196' title='bbox 901 1116 1016 1143; x_wconf 86' lang='lat' dir='ltr'>fructum</span> 
     </span>
     <span class='ocr_line' id='line_1_30' title="bbox 221 1150 474 1185; baseline 0.004 -9"><span class='ocrx_word' id='word_1_197' title='bbox 221 1150 378 1176; x_wconf 86' lang='lat' dir='ltr'>divitiarum</span> <span class='ocrx_word' id='word_1_198' title='bbox 391 1156 474 1185; x_wconf 88' lang='lat' dir='ltr'>putat.</span> 
     </span>
     <span class='ocr_line' id='line_1_31' title="bbox 222 1188 1017 1224; baseline 0.005 -11"><span class='ocrx_word' id='word_1_199' title='bbox 222 1188 264 1217; x_wconf 87' lang='lat' dir='ltr'>tis,</span> <span class='ocrx_word' id='word_1_200' title='bbox 278 1189 356 1214; x_wconf 87' lang='lat' dir='ltr'>cuius</span> <span class='ocrx_word' id='word_1_201' title='bbox 369 1197 451 1222; x_wconf 88' lang='lat' dir='ltr'>pauca</span> <span class='ocrx_word' id='word_1_202' title='bbox 464 1189 585 1223; x_wconf 80' lang='lat' dir='ltr'>exempla</span> <span class='ocrx_word' id='word_1_203' title='bbox 597 1190 688 1224; x_wconf 77' lang='lat' dir='ltr'>posui,</span> <span class='ocrx_word' id='word_1_204' title='bbox 708 1189 791 1216; x_wconf 88' lang='lat' dir='ltr'>multo</span> <span class='ocrx_word' id='word_1_205' title='bbox 806 1195 831 1216; x_wconf 85' lang='lat' dir='ltr'>et</span> <span class='ocrx_word' id='word_1_206' title='bbox 845 1191 929 1217; x_wconf 88' lang='lat' dir='ltr'>maior</span> <span class='ocrx_word' id='word_1_207' title='bbox 940 1191 1017 1217; x_wconf 88' lang='lat' dir='ltr'>vide—</span> 
     </span>
     <span class='ocr_line' id='line_1_32' title="bbox 221 1225 1016 1262; baseline 0.005 -12"><span class='ocrx_word' id='word_1_208' title='bbox 221 1229 264 1250; x_wconf 89' lang='lat' dir='ltr'>tur</span> <span class='ocrx_word' id='word_1_209' title='bbox 279 1230 303 1250; x_wconf 88' lang='lat' dir='ltr'>et</span> <span class='ocrx_word' id='word_1_210' title='bbox 319 1226 423 1251; x_wconf 77' lang='lat' dir='ltr'>certior.</span> <span class='ocrx_word' id='word_1_211' title='bbox 464 1225 567 1257; x_wconf 87' lang='lat' dir='ltr'>Quanto</span> <span class='ocrx_word' id='word_1_212' title='bbox 583 1226 737 1253; x_wconf 74' lang='lat' dir='ltr'>Aristoteles</span> <span class='ocrx_word' id='word_1_213' title='bbox 753 1228 864 1262; x_wconf 82' lang='lat' dir='ltr'>gravius</span> <span class='ocrx_word' id='word_1_214' title='bbox 880 1232 905 1254; x_wconf 90' lang='lat' dir='ltr'>et</span> <span class='ocrx_word' id='word_1_215' title='bbox 925 1229 1016 1255; x_wconf 85' lang='lat' dir='ltr'>verius</span> 
     </span>
     <span class='ocr_line' id='line_1_33' title="bbox 220 1262 1015 1298; baseline 0.006 -11"><span class='ocrx_word' id='word_1_216' title='bbox 220 1270 268 1287; x_wconf 92' lang='lat' dir='ltr'>nos</span> <span class='ocrx_word' id='word_1_217' title='bbox 280 1262 464 1296; x_wconf 82' lang='lat' dir='ltr'>reprehendit,</span> <span class='ocrx_word' id='word_1_218' title='bbox 481 1264 529 1297; x_wconf 85' lang='lat' dir='ltr'>qui</span> <span class='ocrx_word' id='word_1_219' title='bbox 547 1263 593 1289; x_wconf 86' lang='lat' dir='ltr'>has</span> <span class='ocrx_word' id='word_1_220' title='bbox 609 1265 786 1298; x_wconf 83' lang='lat' dir='ltr'>pecuniarum</span> <span class='ocrx_word' id='word_1_221' title='bbox 802 1264 947 1291; x_wconf 79' lang='lat' dir='ltr'>effusiones</span> <span class='ocrx_word' id='word_1_222' title='bbox 963 1275 1015 1292; x_wconf 95' lang='lat' dir='ltr'>non</span> 
     </span>
     <span class='ocr_line' id='line_1_34' title="bbox 219 1298 1013 1334; baseline 0.006 -10"><span class='ocrx_word' id='word_1_223' title='bbox 219 1298 392 1330; x_wconf 84' lang='lat' dir='ltr'>admiremur,</span> <span class='ocrx_word' id='word_1_224' title='bbox 402 1308 470 1334; x_wconf 89' lang='lat' dir='ltr'>quae</span> <span class='ocrx_word' id='word_1_225' title='bbox 482 1300 548 1326; x_wconf 81' lang='lat' dir='ltr'>liunt</span> <span class='ocrx_word' id='word_1_226' title='bbox 558 1300 590 1326; x_wconf 90' lang='lat' dir='ltr'>ad</span> <span class='ocrx_word' id='word_1_227' title='bbox 603 1300 802 1327; x_wconf 89' lang='lat' dir='ltr'>multitudinem</span> <span class='ocrx_word' id='word_1_228' title='bbox 815 1301 1013 1330; x_wconf 89' lang='lat' dir='ltr'>deleniendam.</span> 
     </span>
    </p>
   </div>
   <div class='ocr_carea' id='block_1_8' title="bbox 219 1337 1045 1373">
    <p class='ocr_par' dir='ltr' id='par_1_8' title="bbox 219 1337 1045 1373">
     <span class='ocr_line' id='line_1_35' title="bbox 219 1337 1045 1373; baseline 0.004 -12"><span class='ocrx_word' id='word_1_229' title='bbox 219 1337 249 1362; x_wconf 76' lang='lat' dir='ltr'>A!</span> <span class='ocrx_word' id='word_1_230' title='bbox 262 1339 280 1362; x_wconf 84' lang='lat' dir='ltr'>ti</span> <span class='ocrx_word' id='word_1_231' title='bbox 287 1357 292 1365; x_wconf 89' lang='lat'>,</span> <span class='ocrx_word' id='word_1_232' title='bbox 308 1339 352 1369; x_wconf 81' lang='lat' dir='ltr'>qui</span> <span class='ocrx_word' id='word_1_233' title='bbox 361 1338 393 1362; x_wconf 77' lang='lat' dir='ltr'>ab</span> <span class='ocrx_word' id='word_1_234' title='bbox 404 1339 472 1363; x_wconf 81' lang='lat' dir='ltr'>hoste</span> <span class='ocrx_word' id='word_1_235' title='bbox 482 1340 636 1367; x_wconf 78' lang='lat' dir='ltr'>obsidentur,</span> <span class='ocrx_word' id='word_1_236' title='bbox 650 1341 674 1364; x_wconf 78' lang='lat' dir='ltr'>si</span> <span class='ocrx_word' id='word_1_237' title='bbox 684 1347 764 1365; x_wconf 79' lang='lat' dir='ltr'>emere</span> <span class='ocrx_word' id='word_1_238' title='bbox 776 1349 859 1373; x_wconf 80' lang='lat' dir='ltr'>aquae</span> <span class='ocrx_word' id='word_1_239' title='bbox 871 1343 1015 1366; x_wconf 73' lang='lat' dir='ltr'>sextarium</span> <span class='ocrx_word' id='word_1_240' title='bbox 1037 1359 1045 1370; x_wconf 59' lang='lat'>„</span> 
     </span>
    </p>
   </div>
   <div class='ocr_carea' id='block_1_9' title="bbox 215 1375 1016 1706">
    <p class='ocr_par' dir='ltr' id='par_1_9' title="bbox 215 1375 1016 1706">
     <span class='ocr_line' id='line_1_36' title="bbox 217 1375 1015 1407; baseline 0.006 -9"><span class='ocrx_word' id='word_1_241' title='bbox 217 1375 286 1399; x_wconf 78' lang='lat' dir='ltr'>mina</span> <span class='ocrx_word' id='word_1_242' title='bbox 294 1379 426 1406; x_wconf 71' lang='lat' dir='ltr'>coquntur,</span> <span class='ocrx_word' id='word_1_243' title='bbox 434 1376 479 1401; x_wconf 80' lang='lat' dir='ltr'>hoc</span> <span class='ocrx_word' id='word_1_244' title='bbox 487 1378 571 1407; x_wconf 77' lang='lat' dir='ltr'>primo</span> <span class='ocrx_word' id='word_1_245' title='bbox 582 1377 729 1401; x_wconf 77' lang='lat' dir='ltr'>incredibile</span> <span class='ocrx_word' id='word_1_246' title='bbox 738 1379 810 1402; x_wconf 77' lang='lat' dir='ltr'>uobis</span> <span class='ocrx_word' id='word_1_247' title='bbox 820 1379 909 1407; x_wconf 78' lang='lat' dir='ltr'>videri,</span> <span class='ocrx_word' id='word_1_248' title='bbox 917 1386 1015 1403; x_wconf 79' lang='lat' dir='ltr'>omnes-</span> 
     </span>
     <span class='ocr_line' id='line_1_37' title="bbox 218 1413 1016 1445; baseline 0.008 -10"><span class='ocrx_word' id='word_1_249' title='bbox 218 1419 265 1443; x_wconf 83' lang='lat' dir='ltr'>que</span> <span class='ocrx_word' id='word_1_250' title='bbox 280 1413 387 1436; x_wconf 74' lang='lat' dir='ltr'>mirari.-</span> <span class='ocrx_word' id='word_1_251' title='bbox 404 1414 459 1441; x_wconf 76' lang='lat' dir='ltr'>sed,</span> <span class='ocrx_word' id='word_1_252' title='bbox 476 1421 553 1445; x_wconf 81' lang='lat' dir='ltr'>quum</span> <span class='ocrx_word' id='word_1_253' title='bbox 567 1415 733 1443; x_wconf 77' lang='lat' dir='ltr'>attenderint,</span> <span class='ocrx_word' id='word_1_254' title='bbox 754 1416 853 1440; x_wconf 78' lang='lat' dir='ltr'>veniam</span> <span class='ocrx_word' id='word_1_255' title='bbox 871 1418 1016 1441; x_wconf 76' lang='lat' dir='ltr'>necessitati</span> 
     </span>
     <span class='ocr_line' id='line_1_38' title="bbox 217 1449 1015 1485; baseline 0.008 -13"><span class='ocrx_word' id='word_1_256' title='bbox 217 1449 293 1473; x_wconf 82' lang='lat' dir='ltr'>dare:</span> <span class='ocrx_word' id='word_1_257' title='bbox 312 1451 339 1473; x_wconf 80' lang='lat' dir='ltr'>in</span> <span class='ocrx_word' id='word_1_258' title='bbox 353 1450 392 1474; x_wconf 81' lang='lat' dir='ltr'>his</span> <span class='ocrx_word' id='word_1_259' title='bbox 406 1450 558 1475; x_wconf 75' lang='grc' dir='ltr'>ιἠιηιαιιίὺιιε</span> <span class='ocrx_word' id='word_1_260' title='bbox 573 1452 682 1476; x_wconf 82' lang='lat' dir='ltr'>iacturis</span> <span class='ocrx_word' id='word_1_261' title='bbox 699 1452 855 1484; x_wconf 81' lang='lat' dir='ltr'>infinitisque</span> <span class='ocrx_word' id='word_1_262' title='bbox 873 1454 1015 1485; x_wconf 73' lang='lat' dir='ltr'>sumptibus</span> 
     </span>
     <span class='ocr_line' id='line_1_39' title="bbox 215 1486 1014 1521; baseline 0.009 -12"><span class='ocrx_word' id='word_1_263' title='bbox 215 1486 281 1510; x_wconf 77' lang='lat' dir='ltr'>nihil</span> <span class='ocrx_word' id='word_1_264' title='bbox 294 1494 338 1510; x_wconf 83' lang='lat' dir='ltr'>nos</span> <span class='ocrx_word' id='word_1_265' title='bbox 352 1494 443 1518; x_wconf 75' lang='grc' dir='ltr'>ηιιιφιο</span> <span class='ocrx_word' id='word_1_266' title='bbox 458 1495 531 1519; x_wconf 81' lang='lat' dir='ltr'>opere</span> <span class='ocrx_word' id='word_1_267' title='bbox 545 1489 639 1512; x_wconf 81' lang='lat' dir='ltr'>mirari</span> <span class='ocrx_word' id='word_1_268' title='bbox 644 1497 652 1519; x_wconf 84' lang='lat'>,·</span> <span class='ocrx_word' id='word_1_269' title='bbox 666 1496 743 1520; x_wconf 83' lang='lat' dir='ltr'>quum</span> <span class='ocrx_word' id='word_1_270' title='bbox 751 1491 903 1521; x_wconf 79' lang='lat' dir='ltr'>praesertim</span> <span class='ocrx_word' id='word_1_271' title='bbox 915 1498 960 1516; x_wconf 81' lang='lat' dir='ltr'>nec</span> <span class='ocrx_word' id='word_1_272' title='bbox 971 1498 1014 1515; x_wconf 81' lang='lat' dir='ltr'>ne-</span> 
     </span>
     <span class='ocr_line' id='line_1_40' title="bbox 217 1524 1015 1560; baseline 0.008 -13"><span class='ocrx_word' id='word_1_273' title='bbox 217 1524 330 1548; x_wconf 79' lang='lat' dir='ltr'>cessitati</span> <span class='ocrx_word' id='word_1_274' title='bbox 339 1524 512 1553; x_wconf 73' lang='lat' dir='ltr'>subveniatur,</span> <span class='ocrx_word' id='word_1_275' title='bbox 528 1532 572 1550; x_wconf 83' lang='lat' dir='ltr'>nec</span> <span class='ocrx_word' id='word_1_276' title='bbox 582 1526 695 1557; x_wconf 75' lang='lat' dir='ltr'>diqnitas</span> <span class='ocrx_word' id='word_1_277' title='bbox 703 1530 839 1558; x_wconf 79' lang='lat' dir='ltr'>auyeutur,</span> <span class='ocrx_word' id='word_1_278' title='bbox 852 1528 958 1560; x_wconf 82' lang='lat' dir='ltr'>ipsaque</span> <span class='ocrx_word' id='word_1_279' title='bbox 968 1528 1015 1553; x_wconf 75' lang='lat' dir='ltr'>itta</span> 
     </span>
     <span class='ocr_line' id='line_1_41' title="bbox 215 1560 1011 1597; baseline 0.008 -13"><span class='ocrx_word' id='word_1_280' title='bbox 215 1560 349 1585; x_wconf 75' lang='lat' dir='ltr'>delectatio</span> <span class='ocrx_word' id='word_1_281' title='bbox 362 1561 532 1587; x_wconf 77' lang='lat' dir='ltr'>multitudinis</span> <span class='ocrx_word' id='word_1_282' title='bbox 546 1563 579 1587; x_wconf 83' lang='lat' dir='ltr'>sit</span> <span class='ocrx_word' id='word_1_283' title='bbox 594 1563 628 1587; x_wconf 85' lang='lat' dir='ltr'>ad</span> <span class='ocrx_word' id='word_1_284' title='bbox 643 1563 715 1588; x_wconf 78' lang='lat' dir='ltr'>breve</span> <span class='ocrx_word' id='word_1_285' title='bbox 726 1565 896 1596; x_wconf 67' lang='lat' dir='ltr'>exiguumque</span> <span class='ocrx_word' id='word_1_286' title='bbox 907 1568 1011 1597; x_wconf 81' lang='lat' dir='ltr'>tempus,</span> 
     </span>
     <span class='ocr_line' id='line_1_42' title="bbox 215 1598 1014 1633; baseline 0.008 -12"><span class='ocrx_word' id='word_1_287' title='bbox 215 1604 294 1629; x_wconf 79' lang='lat' dir='ltr'>eaque</span> <span class='ocrx_word' id='word_1_288' title='bbox 304 1606 320 1622; x_wconf 84' lang='grc' dir='ltr'>(ι</span> <span class='ocrx_word' id='word_1_289' title='bbox 332 1598 456 1623; x_wconf 78' lang='lat' dir='ltr'>levissimo</span> <span class='ocrx_word' id='word_1_290' title='bbox 468 1606 572 1631; x_wconf 83' lang='lat' dir='ltr'>quoque,</span> <span class='ocrx_word' id='word_1_291' title='bbox 586 1601 613 1624; x_wconf 75' lang='lat' dir='ltr'>in</span> <span class='ocrx_word' id='word_1_292' title='bbox 623 1607 672 1632; x_wconf 85' lang='lat' dir='ltr'>quo</span> <span class='ocrx_word' id='word_1_293' title='bbox 682 1603 765 1625; x_wconf 79' lang='lat' dir='ltr'>tamen</span> <span class='ocrx_word' id='word_1_294' title='bbox 775 1602 830 1633; x_wconf 74' lang='lat' dir='ltr'>ipso</span> <span class='ocrx_word' id='word_1_295' title='bbox 840 1609 891 1626; x_wconf 80' lang='lat' dir='ltr'>uua</span> <span class='ocrx_word' id='word_1_296' title='bbox 904 1609 960 1626; x_wconf 86' lang='lat' dir='ltr'>cum</span> <span class='ocrx_word' id='word_1_297' title='bbox 970 1610 1014 1627; x_wconf 80' lang='lat' dir='ltr'>sa-</span> 
     </span>
     <span class='ocr_line' id='line_1_43' title="bbox 217 1635 1012 1670; baseline 0.01 -13"><span class='ocrx_word' id='word_1_298' title='bbox 217 1635 302 1658; x_wconf 76' lang='lat' dir='ltr'>tieaente</span> <span class='ocrx_word' id='word_1_299' title='bbox 317 1637 437 1660; x_wconf 79' lang='lat' dir='ltr'>memoria</span> <span class='ocrx_word' id='word_1_300' title='bbox 448 1644 546 1668; x_wconf 81' lang='lat' dir='ltr'>quoque</span> <span class='ocrx_word' id='word_1_301' title='bbox 558 1638 684 1661; x_wconf 72' lang='lat' dir='ltr'>moriatur</span> <span class='ocrx_word' id='word_1_302' title='bbox 694 1638 840 1670; x_wconf 70' lang='lat' dir='ltr'>voluptatis.</span> <span class='ocrx_word' id='word_1_303' title='bbox 879 1638 921 1664; x_wconf 86' lang='lat'>57.</span> <span class='ocrx_word' id='word_1_304' title='bbox 942 1639 1012 1664; x_wconf 80' lang='lat' dir='ltr'>Bene</span> 
     </span>
     <span class='ocr_line' id='line_1_44' title="bbox 215 1670 1013 1706; baseline 0.009 -11"><span class='ocrx_word' id='word_1_305' title='bbox 215 1670 296 1695; x_wconf 88' lang='lat' dir='ltr'>etiam</span> <span class='ocrx_word' id='word_1_306' title='bbox 312 1670 426 1706; x_wconf 83' lang='lat' dir='ltr'>colligit,</span> <span class='ocrx_word' id='word_1_307' title='bbox 451 1671 516 1697; x_wconf 83' lang='lat' dir='ltr'>haee</span> <span class='ocrx_word' id='word_1_308' title='bbox 531 1673 623 1706; x_wconf 91' lang='lat' dir='ltr'>pueris</span> <span class='ocrx_word' id='word_1_309' title='bbox 637 1677 662 1699; x_wconf 87' lang='lat' dir='ltr'>et</span> <span class='ocrx_word' id='word_1_310' title='bbox 674 1673 842 1700; x_wconf 83' lang='lat' dir='ltr'>mulierculis</span> <span class='ocrx_word' id='word_1_311' title='bbox 854 1679 879 1700; x_wconf 90' lang='lat' dir='ltr'>et</span> <span class='ocrx_word' id='word_1_312' title='bbox 889 1675 976 1701; x_wconf 88' lang='lat' dir='ltr'>servis</span> <span class='ocrx_word' id='word_1_313' title='bbox 988 1680 1013 1702; x_wconf 87' lang='lat' dir='ltr'>et</span> 
     </span>
    </p>
   </div>
   <div class='ocr_carea' id='block_1_10' title="bbox 215 1708 1769 1785">
    <p class='ocr_par' dir='ltr' id='par_1_10' title="bbox 215 1708 1769 1785">
     <span class='ocr_line' id='line_1_45' title="bbox 215 1708 1043 1746; baseline 0.008 -14"><span class='ocrx_word' id='word_1_314' title='bbox 215 1714 354 1733; x_wconf 84' lang='lat' dir='ltr'>servorum</span> <span class='ocrx_word' id='word_1_315' title='bbox 367 1708 515 1735; x_wconf 81' lang='lat' dir='ltr'>simillimis</span> <span class='ocrx_word' id='word_1_316' title='bbox 528 1709 620 1735; x_wconf 91' lang='lat' dir='ltr'>liberis</span> <span class='ocrx_word' id='word_1_317' title='bbox 631 1718 690 1736; x_wconf 86' lang='lat' dir='ltr'>esse</span> <span class='ocrx_word' id='word_1_318' title='bbox 701 1715 788 1746; x_wconf 89' lang='lat' dir='ltr'>grata:</span> <span class='ocrx_word' id='word_1_319' title='bbox 801 1712 877 1746; x_wconf 84' lang='lat' dir='ltr'>gravi</span> <span class='ocrx_word' id='word_1_320' title='bbox 890 1721 952 1738; x_wconf 90' lang='lat' dir='ltr'>vero</span> <span class='ocrx_word' id='word_1_321' title='bbox 964 1712 1013 1738; x_wconf 88' lang='lat' dir='ltr'>ho-</span> <span class='ocrx_word' id='word_1_322' title='bbox 1041 1740 1043 1745; x_wconf 69' lang='grc'><em>,</em></span> 
     </span>
     <span class='ocr_line' id='line_1_46' title="bbox 1042 1750 1769 1785; baseline 0.004 -10"><span class='ocrx_word' id='word_1_323' title='bbox 1042 1777 1043 1782; x_wconf 43' lang='grc'>,</span> <span class='ocrx_word' id='word_1_324' title='bbox 1064 1758 1149 1783; x_wconf 91' lang='lat' dir='ltr'>quum</span> <span class='ocrx_word' id='word_1_325' title='bbox 1160 1758 1193 1776; x_wconf 83' lang='lat' dir='ltr'>ex</span> <span class='ocrx_word' id='word_1_326' title='bbox 1205 1751 1264 1785; x_wconf 89' lang='lat' dir='ltr'>ipso</span> <span class='ocrx_word' id='word_1_327' title='bbox 1275 1750 1377 1777; x_wconf 81' lang='lat' dir='ltr'>fructus</span> <span class='ocrx_word' id='word_1_328' title='bbox 1387 1756 1441 1782; x_wconf 74' lang='lat' dir='ltr'>est,</span> <span class='ocrx_word' id='word_1_329' title='bbox 1458 1756 1514 1778; x_wconf 90' lang='lat' dir='ltr'>tum</span> <span class='ocrx_word' id='word_1_330' title='bbox 1526 1752 1606 1778; x_wconf 88' lang='lat' dir='ltr'>etiam</span> <span class='ocrx_word' id='word_1_331' title='bbox 1617 1760 1651 1778; x_wconf 83' lang='lat' dir='ltr'>ex</span> <span class='ocrx_word' id='word_1_332' title='bbox 1663 1753 1769 1778; x_wconf 88' lang='lat' dir='ltr'>ceteris.</span> 
     </span>
    </p>
   </div>
   <div class='ocr_carea' id='block_1_11' title="bbox 213 1744 1013 1857">
    <p class='ocr_par' dir='ltr' id='par_1_11' title="bbox 213 1744 1013 1857">
     <span class='ocr_line' id='line_1_47' title="bbox 215 1744 1013 1784; baseline 0.008 -14"><span class='ocrx_word' id='word_1_333' title='bbox 215 1744 292 1774; x_wconf 88' lang='lat' dir='ltr'>mini,</span> <span class='ocrx_word' id='word_1_334' title='bbox 306 1750 331 1771; x_wconf 87' lang='lat' dir='ltr'>et</span> <span class='ocrx_word' id='word_1_335' title='bbox 342 1753 381 1775; x_wconf 87' lang='lat' dir='ltr'>ea,</span> <span class='ocrx_word' id='word_1_336' title='bbox 394 1754 462 1780; x_wconf 89' lang='lat' dir='ltr'>quae</span> <span class='ocrx_word' id='word_1_337' title='bbox 475 1746 555 1777; x_wconf 81' lang='lat' dir='ltr'>fiunt,</span> <span class='ocrx_word' id='word_1_338' title='bbox 572 1746 673 1773; x_wconf 86' lang='lat' dir='ltr'>iudicio</span> <span class='ocrx_word' id='word_1_339' title='bbox 684 1752 755 1774; x_wconf 89' lang='lat' dir='ltr'>certo</span> <span class='ocrx_word' id='word_1_340' title='bbox 765 1748 937 1783; x_wconf 78' lang='lat' dir='ltr'>ponderanti,</span> <span class='ocrx_word' id='word_1_341' title='bbox 949 1758 1013 1784; x_wconf 90' lang='lat' dir='ltr'>pro—</span> 
     </span>
     <span class='ocr_line' id='line_1_48' title="bbox 214 1780 1012 1821; baseline 0.009 -15"><span class='ocrx_word' id='word_1_342' title='bbox 214 1780 272 1807; x_wconf 86' lang='lat' dir='ltr'>bari</span> <span class='ocrx_word' id='word_1_343' title='bbox 283 1790 361 1816; x_wconf 88' lang='lat' dir='ltr'>posse</span> <span class='ocrx_word' id='word_1_344' title='bbox 373 1782 447 1809; x_wconf 92' lang='lat' dir='ltr'>nullo</span> <span class='ocrx_word' id='word_1_345' title='bbox 460 1783 547 1809; x_wconf 91' lang='lat' dir='ltr'>modo.</span> <span class='ocrx_word' id='word_1_346' title='bbox 587 1783 757 1819; x_wconf 80' lang='lat' dir='ltr'>Quamquam</span> <span class='ocrx_word' id='word_1_347' title='bbox 769 1785 905 1821; x_wconf 87' lang='lat' dir='ltr'>intelligo,</span> <span class='ocrx_word' id='word_1_348' title='bbox 923 1787 951 1812; x_wconf 91' lang='lat' dir='ltr'>in</span> <span class='ocrx_word' id='word_1_349' title='bbox 963 1795 1012 1813; x_wconf 92' lang='lat' dir='ltr'>no-</span> 
     </span>
     <span class='ocr_line' id='line_1_49' title="bbox 213 1820 1012 1857; baseline 0.006 -13"><span class='ocrx_word' id='word_1_350' title='bbox 213 1822 267 1844; x_wconf 89' lang='lat' dir='ltr'>stra</span> <span class='ocrx_word' id='word_1_351' title='bbox 284 1820 391 1846; x_wconf 88' lang='lat' dir='ltr'>civitate</span> <span class='ocrx_word' id='word_1_352' title='bbox 410 1821 572 1847; x_wconf 85' lang='lat' dir='ltr'>inveterasse</span> <span class='ocrx_word' id='word_1_353' title='bbox 589 1821 642 1847; x_wconf 91' lang='lat' dir='ltr'>iam</span> <span class='ocrx_word' id='word_1_354' title='bbox 658 1831 670 1847; x_wconf 95' lang='lat' dir='ltr'>a</span> <span class='ocrx_word' id='word_1_355' title='bbox 689 1822 766 1848; x_wconf 91' lang='lat' dir='ltr'>bonis</span> <span class='ocrx_word' id='word_1_356' title='bbox 784 1823 964 1857; x_wconf 88' lang='lat' dir='ltr'>temporibus,</span> <span class='ocrx_word' id='word_1_357' title='bbox 983 1829 1012 1850; x_wconf 91' lang='lat' dir='ltr'>ut</span> 
     </span>
    </p>
   </div>
   <div class='ocr_carea' id='block_1_12' title="bbox 213 1854 1042 1894">
    <p class='ocr_par' dir='ltr' id='par_1_12' title="bbox 213 1854 1042 1894">
     <span class='ocr_line' id='line_1_50' title="bbox 213 1854 1042 1894; baseline 0.007 -13"><span class='ocrx_word' id='word_1_358' title='bbox 213 1854 340 1889; x_wconf 89' lang='lat' dir='ltr'>splendor</span> <span class='ocrx_word' id='word_1_359' title='bbox 351 1856 516 1883; x_wconf 74' lang='lat' dir='ltr'>aedilitatum</span> <span class='ocrx_word' id='word_1_360' title='bbox 528 1858 561 1883; x_wconf 86' lang='lat' dir='ltr'>ab</span> <span class='ocrx_word' id='word_1_361' title='bbox 572 1859 682 1893; x_wconf 89' lang='lat' dir='ltr'>optimis</span> <span class='ocrx_word' id='word_1_362' title='bbox 693 1860 759 1885; x_wconf 90' lang='lat' dir='ltr'>viris</span> <span class='ocrx_word' id='word_1_363' title='bbox 771 1859 929 1894; x_wconf 88' lang='lat' dir='ltr'>postuletur.</span> <span class='ocrx_word' id='word_1_364' title='bbox 961 1861 1012 1887; x_wconf 87' lang='lat' dir='ltr'>lta-</span> <span class='ocrx_word' id='word_1_365' title='bbox 1041 1879 1042 1888; x_wconf 45' lang='lat'>1</span> 
     </span>
    </p>
   </div>
   <div class='ocr_carea' id='block_1_13' title="bbox 208 1894 1012 2671">
    <p class='ocr_par' dir='ltr' id='par_1_13' title="bbox 208 1894 1012 2671">
     <span class='ocr_line' id='line_1_51' title="bbox 213 1894 1009 1932; baseline 0.006 -14"><span class='ocrx_word' id='word_1_366' title='bbox 213 1900 266 1926; x_wconf 90' lang='lat' dir='ltr'>que</span> <span class='ocrx_word' id='word_1_367' title='bbox 278 1894 466 1924; x_wconf 77' lang='lat' dir='ltr'>etP.CrassuS,</span> <span class='ocrx_word' id='word_1_368' title='bbox 480 1903 565 1929; x_wconf 92' lang='lat' dir='ltr'>quum</span> <span class='ocrx_word' id='word_1_369' title='bbox 576 1897 735 1930; x_wconf 83' lang='lat' dir='ltr'>cognomine</span> <span class='ocrx_word' id='word_1_370' title='bbox 747 1896 833 1927; x_wconf 80' lang='lat' dir='ltr'>dives,</span> <span class='ocrx_word' id='word_1_371' title='bbox 847 1901 902 1923; x_wconf 89' lang='lat' dir='ltr'>tum</span> <span class='ocrx_word' id='word_1_372' title='bbox 913 1898 1009 1932; x_wconf 86' lang='lat' dir='ltr'>copiis,</span> 
     </span>
     <span class='ocr_line' id='line_1_52' title="bbox 213 1928 1012 1969; baseline 0.009 -15"><span class='ocrx_word' id='word_1_373' title='bbox 213 1928 322 1955; x_wconf 86' lang='lat' dir='ltr'>functus</span> <span class='ocrx_word' id='word_1_374' title='bbox 335 1935 375 1956; x_wconf 90' lang='lat' dir='ltr'>est</span> <span class='ocrx_word' id='word_1_375' title='bbox 390 1931 513 1957; x_wconf 88' lang='lat' dir='ltr'>aedilicio</span> <span class='ocrx_word' id='word_1_376' title='bbox 530 1933 648 1958; x_wconf 87' lang='lat' dir='ltr'>maximo</span> <span class='ocrx_word' id='word_1_377' title='bbox 664 1941 788 1959; x_wconf 83' lang='lat' dir='ltr'>munere:</span> <span class='ocrx_word' id='word_1_378' title='bbox 807 1939 832 1960; x_wconf 89' lang='lat' dir='ltr'>et</span> <span class='ocrx_word' id='word_1_379' title='bbox 847 1934 939 1968; x_wconf 90' lang='lat' dir='ltr'>paullo</span> <span class='ocrx_word' id='word_1_380' title='bbox 953 1940 1012 1969; x_wconf 91' lang='lat' dir='ltr'>post</span> 
     </span>
     <span class='ocr_line' id='line_1_53' title="bbox 213 1966 1009 2004; baseline 0.008 -12"><span class='ocrx_word' id='word_1_381' title='bbox 213 1966 243 1992; x_wconf 91' lang='lat' dir='ltr'>L.</span> <span class='ocrx_word' id='word_1_382' title='bbox 256 1966 368 1993; x_wconf 84' lang='lat' dir='ltr'>Crassus</span> <span class='ocrx_word' id='word_1_383' title='bbox 379 1976 440 1994; x_wconf 93' lang='lat' dir='ltr'>cum</span> <span class='ocrx_word' id='word_1_384' title='bbox 452 1969 573 1995; x_wconf 91' lang='lat' dir='ltr'>omnium</span> <span class='ocrx_word' id='word_1_385' title='bbox 590 1969 729 1995; x_wconf 91' lang='lat' dir='ltr'>hominum</span> <span class='ocrx_word' id='word_1_386' title='bbox 742 1970 966 2003; x_wconf 82' lang='lat' dir='ltr'>moderatissimo.</span> <span class='ocrx_word' id='word_1_387' title='bbox 978 1972 1009 2004; x_wconf 91' lang='lat' dir='ltr'>Q.</span> 
     </span>
     <span class='ocr_line' id='line_1_54' title="bbox 212 2003 1011 2039; baseline 0.008 -10"><span class='ocrx_word' id='word_1_388' title='bbox 212 2003 310 2034; x_wconf 84' lang='lat' dir='ltr'>Mucio,</span> <span class='ocrx_word' id='word_1_389' title='bbox 323 2005 589 2039; x_wconf 76' lang='lat' dir='ltr'>magnificentissima</span> <span class='ocrx_word' id='word_1_390' title='bbox 600 2006 735 2033; x_wconf 82' lang='lat' dir='ltr'>aedilitate</span> <span class='ocrx_word' id='word_1_391' title='bbox 747 2007 854 2034; x_wconf 90' lang='lat' dir='ltr'>functus</span> <span class='ocrx_word' id='word_1_392' title='bbox 865 2013 918 2034; x_wconf 81' lang='lat' dir='ltr'>est:</span> <span class='ocrx_word' id='word_1_393' title='bbox 932 2008 1011 2035; x_wconf 88' lang='lat' dir='ltr'>dein-</span> 
     </span>
     <span class='ocr_line' id='line_1_55' title="bbox 211 2039 1011 2079; baseline 0.008 -13"><span class='ocrx_word' id='word_1_394' title='bbox 211 2039 245 2066; x_wconf 90' lang='lat' dir='ltr'>de</span> <span class='ocrx_word' id='word_1_395' title='bbox 256 2040 286 2067; x_wconf 88' lang='lat' dir='ltr'>C.</span> <span class='ocrx_word' id='word_1_396' title='bbox 299 2040 437 2073; x_wconf 80' lang='lat' dir='ltr'>Claudius,</span> <span class='ocrx_word' id='word_1_397' title='bbox 451 2042 531 2077; x_wconf 84' lang='lat' dir='ltr'>Appii</span> <span class='ocrx_word' id='word_1_398' title='bbox 544 2043 630 2069; x_wconf 83' lang='lat' dir='ltr'>fitius:</span> <span class='ocrx_word' id='word_1_399' title='bbox 645 2044 722 2070; x_wconf 85' lang='lat' dir='ltr'>multi</span> <span class='ocrx_word' id='word_1_400' title='bbox 735 2049 802 2079; x_wconf 87' lang='lat' dir='ltr'>post,</span> <span class='ocrx_word' id='word_1_401' title='bbox 817 2045 932 2076; x_wconf 85' lang='lat' dir='ltr'>Luculli,</span> <span class='ocrx_word' id='word_1_402' title='bbox 946 2047 1011 2073; x_wconf 89' lang='lat' dir='ltr'>llor-</span> 
     </span>
     <span class='ocr_line' id='line_1_56' title="bbox 212 2078 1011 2110; baseline 0.009 -7"><span class='ocrx_word' id='word_1_403' title='bbox 212 2078 324 2107; x_wconf 83' lang='lat' dir='ltr'>tensius.</span> <span class='ocrx_word' id='word_1_404' title='bbox 338 2078 456 2105; x_wconf 86' lang='lat' dir='ltr'>Silanus.</span> <span class='ocrx_word' id='word_1_405' title='bbox 496 2079 596 2106; x_wconf 91' lang='lat' dir='ltr'>Omnes</span> <span class='ocrx_word' id='word_1_406' title='bbox 607 2085 696 2107; x_wconf 87' lang='lat' dir='ltr'>autem</span> <span class='ocrx_word' id='word_1_407' title='bbox 709 2081 737 2107; x_wconf 80' lang='lat' dir='ltr'>P.</span> <span class='ocrx_word' id='word_1_408' title='bbox 752 2081 881 2108; x_wconf 83' lang='lat' dir='ltr'>Lentulus</span> <span class='ocrx_word' id='word_1_409' title='bbox 893 2091 935 2109; x_wconf 90' lang='lat' dir='ltr'>me</span> <span class='ocrx_word' id='word_1_410' title='bbox 946 2092 1011 2110; x_wconf 91' lang='lat' dir='ltr'>con-</span> 
     </span>
     <span class='ocr_line' id='line_1_57' title="bbox 210 2114 1012 2150; baseline 0.009 -10"><span class='ocrx_word' id='word_1_411' title='bbox 210 2114 270 2141; x_wconf 87' lang='lat' dir='ltr'>sule</span> <span class='ocrx_word' id='word_1_412' title='bbox 281 2115 346 2142; x_wconf 86' lang='lat' dir='ltr'>vicit</span> <span class='ocrx_word' id='word_1_413' title='bbox 356 2117 517 2150; x_wconf 84' lang='lat' dir='ltr'>superiores.</span> <span class='ocrx_word' id='word_1_414' title='bbox 539 2117 614 2143; x_wconf 85' lang='lat' dir='ltr'>Hunc</span> <span class='ocrx_word' id='word_1_415' title='bbox 625 2123 665 2144; x_wconf 90' lang='lat' dir='ltr'>est</span> <span class='ocrx_word' id='word_1_416' title='bbox 675 2117 790 2145; x_wconf 84' lang='lat' dir='ltr'>Scaurus</span> <span class='ocrx_word' id='word_1_417' title='bbox 802 2120 932 2147; x_wconf 82' lang='lat' dir='ltr'>imitatus.</span> <span class='ocrx_word' id='word_1_418' title='bbox 954 2121 1012 2147; x_wconf 85' lang='lat' dir='ltr'>Ma-</span> 
     </span>
     <span class='ocr_line' id='line_1_58' title="bbox 209 2152 1010 2190; baseline 0.009 -13"><span class='ocrx_word' id='word_1_419' title='bbox 209 2152 432 2187; x_wconf 81' lang='lat' dir='ltr'>gnificentissima</span> <span class='ocrx_word' id='word_1_420' title='bbox 451 2162 514 2180; x_wconf 87' lang='lat' dir='ltr'>vero</span> <span class='ocrx_word' id='word_1_421' title='bbox 530 2156 612 2181; x_wconf 89' lang='lat' dir='ltr'>nostri</span> <span class='ocrx_word' id='word_1_422' title='bbox 627 2156 747 2190; x_wconf 91' lang='lat' dir='ltr'>Pompeii</span> <span class='ocrx_word' id='word_1_423' title='bbox 763 2165 874 2183; x_wconf 91' lang='lat' dir='ltr'>munera</span> <span class='ocrx_word' id='word_1_424' title='bbox 889 2157 1010 2184; x_wconf 87' lang='lat' dir='ltr'>secundo</span> 
     </span>
     <span class='ocr_line' id='line_1_59' title="bbox 210 2189 1010 2229; baseline 0.008 -14"><span class='ocrx_word' id='word_1_425' title='bbox 210 2189 366 2216; x_wconf 88' lang='lat' dir='ltr'>consulatu:</span> <span class='ocrx_word' id='word_1_426' title='bbox 385 2191 411 2216; x_wconf 91' lang='lat' dir='ltr'>in</span> <span class='ocrx_word' id='word_1_427' title='bbox 423 2191 524 2225; x_wconf 91' lang='lat' dir='ltr'>quibus</span> <span class='ocrx_word' id='word_1_428' title='bbox 536 2192 663 2218; x_wconf 88' lang='lat' dir='ltr'>omnibus</span> <span class='ocrx_word' id='word_1_429' title='bbox 674 2193 740 2227; x_wconf 92' lang='lat' dir='ltr'>quid</span> <span class='ocrx_word' id='word_1_430' title='bbox 754 2193 820 2220; x_wconf 84' lang='lat' dir='ltr'>mihi</span> <span class='ocrx_word' id='word_1_431' title='bbox 832 2193 948 2229; x_wconf 87' lang='lat' dir='ltr'>placeat,</span> <span class='ocrx_word' id='word_1_432' title='bbox 967 2196 1010 2221; x_wconf 90' lang='lat' dir='ltr'>vi-</span> 
     </span>
     <span class='ocr_line' id='line_1_60' title="bbox 209 2226 1006 2265; baseline 0.008 -13"><span class='ocrx_word' id='word_1_433' title='bbox 209 2226 268 2253; x_wconf 90' lang='lat' dir='ltr'>des.</span> <span class='ocrx_word' id='word_1_434' title='bbox 308 2227 389 2253; x_wconf 83' lang='lat' dir='ltr'>Xvu.</span> <span class='ocrx_word' id='word_1_435' title='bbox 405 2229 447 2254; x_wconf 78' lang='lat'>58.</span> <span class='ocrx_word' id='word_1_436' title='bbox 461 2228 572 2254; x_wconf 86' lang='lat' dir='ltr'>Vitanda</span> <span class='ocrx_word' id='word_1_437' title='bbox 584 2234 672 2256; x_wconf 87' lang='lat' dir='ltr'>tamen</span> <span class='ocrx_word' id='word_1_438' title='bbox 685 2231 805 2265; x_wconf 89' lang='lat' dir='ltr'>suspicio</span> <span class='ocrx_word' id='word_1_439' title='bbox 816 2236 856 2257; x_wconf 91' lang='lat' dir='ltr'>est</span> <span class='ocrx_word' id='word_1_440' title='bbox 867 2233 1006 2259; x_wconf 87' lang='lat' dir='ltr'>avaritiae.</span> 
     </span>
     <span class='ocr_line' id='line_1_61' title="bbox 209 2263 1008 2302; baseline 0.009 -13"><span class='ocrx_word' id='word_1_441' title='bbox 209 2263 350 2295; x_wconf 81' lang='lat' dir='ltr'>Mamerco,</span> <span class='ocrx_word' id='word_1_442' title='bbox 364 2264 467 2291; x_wconf 90' lang='lat' dir='ltr'>homini</span> <span class='ocrx_word' id='word_1_443' title='bbox 479 2265 657 2298; x_wconf 85' lang='lat' dir='ltr'>divitissimo,</span> <span class='ocrx_word' id='word_1_444' title='bbox 671 2268 872 2302; x_wconf 81' lang='lat' dir='ltr'>praetermissio</span> <span class='ocrx_word' id='word_1_445' title='bbox 883 2269 1008 2296; x_wconf 88' lang='lat' dir='ltr'>aedilita-</span> 
     </span>
     <span class='ocr_line' id='line_1_62' title="bbox 209 2301 1007 2341; baseline 0.009 -15"><span class='ocrx_word' id='word_1_446' title='bbox 209 2301 243 2326; x_wconf 88' lang='lat' dir='ltr'>tis</span> <span class='ocrx_word' id='word_1_447' title='bbox 255 2301 409 2328; x_wconf 80' lang='lat' dir='ltr'>consulatus</span> <span class='ocrx_word' id='word_1_448' title='bbox 421 2302 556 2337; x_wconf 83' lang='lat' dir='ltr'>repulsam</span> <span class='ocrx_word' id='word_1_449' title='bbox 568 2304 666 2330; x_wconf 87' lang='lat' dir='ltr'>attulit.</span> <span class='ocrx_word' id='word_1_450' title='bbox 700 2304 787 2336; x_wconf 86' lang='lat' dir='ltr'>Quare</span> <span class='ocrx_word' id='word_1_451' title='bbox 799 2310 837 2336; x_wconf 84' lang='lat' dir='ltr'>et,</span> <span class='ocrx_word' id='word_1_452' title='bbox 851 2306 875 2332; x_wconf 91' lang='lat' dir='ltr'>si</span> <span class='ocrx_word' id='word_1_453' title='bbox 886 2306 1007 2341; x_wconf 83' lang='lat' dir='ltr'>postula-</span> 
     </span>
     <span class='ocr_line' id='line_1_63' title="bbox 209 2338 1006 2374; baseline 0.008 -10"><span class='ocrx_word' id='word_1_454' title='bbox 209 2342 275 2364; x_wconf 89' lang='lat' dir='ltr'>tura</span> <span class='ocrx_word' id='word_1_455' title='bbox 288 2338 401 2373; x_wconf 68' lang='lat' dir='ltr'>populo,</span> <span class='ocrx_word' id='word_1_456' title='bbox 417 2339 495 2366; x_wconf 89' lang='lat' dir='ltr'>bonis</span> <span class='ocrx_word' id='word_1_457' title='bbox 511 2341 577 2366; x_wconf 92' lang='lat' dir='ltr'>viris</span> <span class='ocrx_word' id='word_1_458' title='bbox 593 2341 679 2367; x_wconf 91' lang='lat' dir='ltr'>sinon</span> <span class='ocrx_word' id='word_1_459' title='bbox 691 2341 923 2374; x_wconf 80' lang='lat' dir='ltr'>desiderantibus,</span> <span class='ocrx_word' id='word_1_460' title='bbox 939 2348 1006 2370; x_wconf 86' lang='lat' dir='ltr'>atta-</span> 
     </span>
     <span class='ocr_line' id='line_1_64' title="bbox 209 2376 1006 2414; baseline 0.009 -14"><span class='ocrx_word' id='word_1_461' title='bbox 209 2383 270 2401; x_wconf 86' lang='lat' dir='ltr'>men</span> <span class='ocrx_word' id='word_1_462' title='bbox 285 2376 505 2410; x_wconf 79' lang='lat' dir='ltr'>approbantibuS,</span> <span class='ocrx_word' id='word_1_463' title='bbox 520 2377 673 2404; x_wconf 82' lang='lat' dir='ltr'>faciendum</span> <span class='ocrx_word' id='word_1_464' title='bbox 685 2383 733 2409; x_wconf 87' lang='lat' dir='ltr'>est,</span> <span class='ocrx_word' id='word_1_465' title='bbox 743 2379 822 2405; x_wconf 91' lang='lat' dir='ltr'>modo</span> <span class='ocrx_word' id='word_1_466' title='bbox 833 2388 880 2414; x_wconf 87' lang='lat' dir='ltr'>pro</span> <span class='ocrx_word' id='word_1_467' title='bbox 893 2380 1006 2407; x_wconf 86' lang='lat' dir='ltr'>faculta-</span> 
     </span>
     <span class='ocr_line' id='line_1_65' title="bbox 209 2411 1004 2452; baseline 0.009 -15"><span class='ocrx_word' id='word_1_468' title='bbox 209 2411 294 2445; x_wconf 71' lang='lat' dir='ltr'>tibus3</span> <span class='ocrx_word' id='word_1_469' title='bbox 319 2422 366 2439; x_wconf 89' lang='lat' dir='ltr'>nos</span> <span class='ocrx_word' id='word_1_470' title='bbox 382 2414 433 2448; x_wconf 91' lang='lat' dir='ltr'>ipsi</span> <span class='ocrx_word' id='word_1_471' title='bbox 450 2419 479 2440; x_wconf 89' lang='lat' dir='ltr'>ut</span> <span class='ocrx_word' id='word_1_472' title='bbox 494 2413 620 2441; x_wconf 80' lang='lat' dir='ltr'>fecimus:</span> <span class='ocrx_word' id='word_1_473' title='bbox 638 2420 676 2445; x_wconf 87' lang='lat' dir='ltr'>et,</span> <span class='ocrx_word' id='word_1_474' title='bbox 694 2417 717 2442; x_wconf 90' lang='lat' dir='ltr'>si</span> <span class='ocrx_word' id='word_1_475' title='bbox 733 2416 842 2450; x_wconf 89' lang='lat' dir='ltr'>quando</span> <span class='ocrx_word' id='word_1_476' title='bbox 857 2417 947 2452; x_wconf 90' lang='lat' dir='ltr'>aliqua</span> <span class='ocrx_word' id='word_1_477' title='bbox 963 2427 1004 2444; x_wconf 89' lang='lat' dir='ltr'>res</span> 
     </span>
     <span class='ocr_line' id='line_1_66' title="bbox 209 2450 1005 2488; baseline 0.01 -14"><span class='ocrx_word' id='word_1_478' title='bbox 209 2450 292 2475; x_wconf 89' lang='lat' dir='ltr'>maior</span> <span class='ocrx_word' id='word_1_479' title='bbox 307 2455 386 2485; x_wconf 87' lang='lat' dir='ltr'>atque</span> <span class='ocrx_word' id='word_1_480' title='bbox 402 2450 494 2478; x_wconf 90' lang='lat' dir='ltr'>utilior</span> <span class='ocrx_word' id='word_1_481' title='bbox 504 2451 628 2486; x_wconf 89' lang='lat' dir='ltr'>populari</span> <span class='ocrx_word' id='word_1_482' title='bbox 645 2452 785 2488; x_wconf 83' lang='lat' dir='ltr'>largitione</span> <span class='ocrx_word' id='word_1_483' title='bbox 797 2455 958 2488; x_wconf 83' lang='lat' dir='ltr'>acquiritur;</span> <span class='ocrx_word' id='word_1_484' title='bbox 975 2460 1005 2482; x_wconf 88' lang='lat' dir='ltr'>ut</span> 
     </span>
     <span class='ocr_line' id='line_1_67' title="bbox 208 2484 1004 2522; baseline 0.009 -11"><span class='ocrx_word' id='word_1_485' title='bbox 208 2484 295 2512; x_wconf 85' lang='lat' dir='ltr'>Oresti</span> <span class='ocrx_word' id='word_1_486' title='bbox 312 2496 397 2521; x_wconf 87' lang='lat' dir='ltr'>nuper</span> <span class='ocrx_word' id='word_1_487' title='bbox 408 2488 518 2522; x_wconf 89' lang='lat' dir='ltr'>prandia</span> <span class='ocrx_word' id='word_1_488' title='bbox 532 2489 558 2515; x_wconf 94' lang='lat' dir='ltr'>in</span> <span class='ocrx_word' id='word_1_489' title='bbox 570 2490 675 2515; x_wconf 90' lang='lat' dir='ltr'>semitis</span> <span class='ocrx_word' id='word_1_490' title='bbox 685 2490 815 2516; x_wconf 86' lang='lat' dir='ltr'>decumae</span> <span class='ocrx_word' id='word_1_491' title='bbox 827 2493 934 2518; x_wconf 88' lang='lat' dir='ltr'>nomine</span> <span class='ocrx_word' id='word_1_492' title='bbox 947 2501 1004 2518; x_wconf 89' lang='lat' dir='ltr'>ma-</span> 
     </span>
     <span class='ocr_line' id='line_1_68' title="bbox 208 2523 1003 2561; baseline 0.01 -14"><span class='ocrx_word' id='word_1_493' title='bbox 208 2529 262 2556; x_wconf 85' lang='lat' dir='ltr'>gno</span> <span class='ocrx_word' id='word_1_494' title='bbox 275 2523 365 2549; x_wconf 84' lang='lat' dir='ltr'>honori</span> <span class='ocrx_word' id='word_1_495' title='bbox 378 2524 494 2552; x_wconf 89' lang='lat' dir='ltr'>fuerunt.</span> <span class='ocrx_word' id='word_1_496' title='bbox 535 2526 574 2552; x_wconf 87' lang='lat' dir='ltr'>Ne</span> <span class='ocrx_word' id='word_1_497' title='bbox 588 2526 623 2553; x_wconf 78' lang='lat' dir='ltr'>M.</span> <span class='ocrx_word' id='word_1_498' title='bbox 635 2526 746 2561; x_wconf 90' lang='lat' dir='ltr'>quidem</span> <span class='ocrx_word' id='word_1_499' title='bbox 759 2527 821 2554; x_wconf 92' lang='lat' dir='ltr'>Seio</span> <span class='ocrx_word' id='word_1_500' title='bbox 833 2529 898 2555; x_wconf 93' lang='lat' dir='ltr'>vitio</span> <span class='ocrx_word' id='word_1_501' title='bbox 910 2529 1003 2556; x_wconf 91' lang='lat' dir='ltr'>datum</span> 
     </span>
     <span class='ocr_line' id='line_1_69' title="bbox 208 2560 1004 2600; baseline 0.01 -16"><span class='ocrx_word' id='word_1_502' title='bbox 208 2564 256 2589; x_wconf 84' lang='lat' dir='ltr'>est.</span> <span class='ocrx_word' id='word_1_503' title='bbox 270 2560 340 2593; x_wconf 91' lang='lat' dir='ltr'>quod</span> <span class='ocrx_word' id='word_1_504' title='bbox 353 2561 379 2587; x_wconf 88' lang='lat' dir='ltr'>in</span> <span class='ocrx_word' id='word_1_505' title='bbox 391 2563 498 2589; x_wconf 83' lang='lat' dir='ltr'>caritate</span> <span class='ocrx_word' id='word_1_506' title='bbox 509 2571 629 2590; x_wconf 86' lang='lat' dir='ltr'>annonae</span> <span class='ocrx_word' id='word_1_507' title='bbox 640 2572 699 2590; x_wconf 87' lang='lat' dir='ltr'>asse</span> <span class='ocrx_word' id='word_1_508' title='bbox 711 2564 832 2591; x_wconf 91' lang='lat' dir='ltr'>modium</span> <span class='ocrx_word' id='word_1_509' title='bbox 844 2566 944 2600; x_wconf 89' lang='lat' dir='ltr'>populo</span> <span class='ocrx_word' id='word_1_510' title='bbox 955 2567 1004 2593; x_wconf 87' lang='lat' dir='ltr'>de-</span> 
     </span>
     <span class='ocr_line' id='line_1_70' title="bbox 208 2595 1004 2638; baseline 0.011 -17"><span class='ocrx_word' id='word_1_511' title='bbox 208 2595 260 2622; x_wconf 89' lang='lat' dir='ltr'>dit:</span> <span class='ocrx_word' id='word_1_512' title='bbox 275 2605 370 2632; x_wconf 85' lang='lat' dir='ltr'>magna</span> <span class='ocrx_word' id='word_1_513' title='bbox 381 2599 452 2624; x_wconf 84' lang='lat' dir='ltr'>enim</span> <span class='ocrx_word' id='word_1_514' title='bbox 464 2608 492 2625; x_wconf 93' lang='lat' dir='ltr'>se</span> <span class='ocrx_word' id='word_1_515' title='bbox 503 2604 529 2626; x_wconf 90' lang='lat' dir='ltr'>et</span> <span class='ocrx_word' id='word_1_516' title='bbox 539 2601 681 2627; x_wconf 81' lang='lat' dir='ltr'>inveterata</span> <span class='ocrx_word' id='word_1_517' title='bbox 694 2601 806 2632; x_wconf 85' lang='lat' dir='ltr'>invidia,</span> <span class='ocrx_word' id='word_1_518' title='bbox 820 2611 868 2628; x_wconf 85' lang='lat' dir='ltr'>nec</span> <span class='ocrx_word' id='word_1_519' title='bbox 879 2604 952 2638; x_wconf 85' lang='lat' dir='ltr'>turpi</span> <span class='ocrx_word' id='word_1_520' title='bbox 964 2605 1004 2630; x_wconf 92' lang='lat' dir='ltr'>ia-</span> 
     </span>
     <span class='ocr_line' id='line_1_71' title="bbox 208 2634 1003 2671; baseline 0.013 -13"><span class='ocrx_word' id='word_1_521' title='bbox 208 2637 290 2665; x_wconf 92' lang='lat' dir='ltr'>ctura,</span> <span class='ocrx_word' id='word_1_522' title='bbox 306 2634 412 2668; x_wconf 88' lang='lat' dir='ltr'>quando</span> <span class='ocrx_word' id='word_1_523' title='bbox 423 2641 477 2662; x_wconf 86' lang='lat' dir='ltr'>erat</span> <span class='ocrx_word' id='word_1_524' title='bbox 487 2636 592 2670; x_wconf 78' lang='lat' dir='ltr'>aedilis,</span> <span class='ocrx_word' id='word_1_525' title='bbox 605 2639 787 2671; x_wconf 62' lang='lat' dir='ltr'>neemanim,</span> <span class='ocrx_word' id='word_1_526' title='bbox 796 2639 929 2667; x_wconf 84' lang='lat' dir='ltr'>liberavit.</span> <span class='ocrx_word' id='word_1_527' title='bbox 951 2641 1003 2667; x_wconf 92' lang='lat' dir='ltr'>Sed</span> 
     </span>
    </p>
   </div>
   <div class='ocr_carea' id='block_1_14' title="bbox 516 1152 1039 1180">
    <p class='ocr_par' dir='ltr' id='par_1_14' title="bbox 516 1152 1039 1180">
     <span class='ocr_line' id='line_1_72' title="bbox 516 1152 1039 1180; baseline 0.006 -3"><span class='ocrx_word' id='word_1_528' title='bbox 516 1152 582 1178; x_wconf 80' lang='lat' dir='ltr'>Mihi</span> <span class='ocrx_word' id='word_1_529' title='bbox 598 1157 686 1178; x_wconf 88' lang='lat' dir='ltr'>autem</span> <span class='ocrx_word' id='word_1_530' title='bbox 699 1152 743 1178; x_wconf 82' lang='lat' dir='ltr'>ille</span> <span class='ocrx_word' id='word_1_531' title='bbox 755 1152 857 1179; x_wconf 79' lang='lat' dir='ltr'>fructus</span> <span class='ocrx_word' id='word_1_532' title='bbox 871 1153 1017 1180; x_wconf 88' lang='lat' dir='ltr'>liberalita-</span> <span class='ocrx_word' id='word_1_533' title='bbox 1038 1165 1039 1174; x_wconf 53' lang='grc' dir='ltr'>ι</span> 
     </span>
    </p>
   </div>
   <div class='ocr_carea' id='block_1_15' title="bbox 1029 1182 1042 2576">
    <p class='ocr_par' dir='ltr' id='par_1_15' title="bbox 1029 1182 1042 2576">
     <span class='ocr_line' id='line_1_73' title="bbox 1029 1182 1042 2576; baseline 0 0"><span class='ocrx_word' id='word_1_534' title='bbox 1029 1182 1042 2576; x_wconf 95' lang='lat' dir='ltr'> </span> 
     </span>
    </p>
   </div>
   <div class='ocr_carea' id='block_1_16' title="bbox 1044 1413 1428 1443">
    <p class='ocr_par' dir='ltr' id='par_1_16' title="bbox 1044 1413 1428 1443">
     <span class='ocr_line' id='line_1_74' title="bbox 1044 1413 1428 1443; baseline 0.01 -4"><span class='ocrx_word' id='word_1_535' title='bbox 1044 1423 1045 1438; x_wconf 59' lang='lat'>³</span> <span class='ocrx_word' id='word_1_536' title='bbox 1067 1413 1100 1440; x_wconf 91' lang='lat' dir='ltr'>lis</span> <span class='ocrx_word' id='word_1_537' title='bbox 1116 1415 1174 1440; x_wconf 90' lang='lat' dir='ltr'>suis</span> <span class='ocrx_word' id='word_1_538' title='bbox 1194 1415 1275 1442; x_wconf 88' lang='lat' dir='ltr'>rebus</span> <span class='ocrx_word' id='word_1_539' title='bbox 1296 1416 1428 1443; x_wconf 89' lang='lat' dir='ltr'>adversis.</span> 
     </span>
    </p>
   </div>
   <div class='ocr_carea' id='block_1_17' title="bbox 1004 115 1292 143">
    <p class='ocr_par' dir='ltr' id='par_1_17' title="bbox 1004 115 1292 143">
     <span class='ocr_line' id='line_1_75' title="bbox 1004 115 1292 143; baseline 0.007 -2"><span class='ocrx_word' id='word_1_540' title='bbox 1004 115 1292 143; x_wconf 72' lang='lat' dir='ltr'>CICERONIS</span> 
     </span>
    </p>
   </div>
   <div class='ocr_carea' id='block_1_18' title="bbox 1071 186 1869 708">
    <p class='ocr_par' dir='ltr' id='par_1_18' title="bbox 1071 186 1869 708">
     <span class='ocr_line' id='line_1_76' title="bbox 1075 186 1868 227; baseline 0.008 -15"><span class='ocrx_word' id='word_1_541' title='bbox 1075 186 1167 212; x_wconf 83' lang='lat' dir='ltr'>honori</span> <span class='ocrx_word' id='word_1_542' title='bbox 1180 195 1287 213; x_wconf 66' lang='lat' dir='ltr'>summo</span> <span class='ocrx_word' id='word_1_543' title='bbox 1299 196 1384 222; x_wconf 76' lang='lat' dir='ltr'>nuper</span> <span class='ocrx_word' id='word_1_544' title='bbox 1395 193 1483 214; x_wconf 67' lang='lat' dir='ltr'>nostro</span> <span class='ocrx_word' id='word_1_545' title='bbox 1494 189 1584 216; x_wconf 78' lang='lat' dir='ltr'>Miloni</span> <span class='ocrx_word' id='word_1_546' title='bbox 1597 189 1660 220; x_wconf 84' lang='lat' dir='ltr'>fuit,</span> <span class='ocrx_word' id='word_1_547' title='bbox 1679 190 1748 226; x_wconf 82' lang='lat' dir='ltr'>quod</span> <span class='ocrx_word' id='word_1_548' title='bbox 1763 190 1868 227; x_wconf 78' lang='lat' dir='ltr'>gladia-</span> 
     </span>
     <span class='ocr_line' id='line_1_77' title="bbox 1075 224 1866 262; baseline 0.008 -13"><span class='ocrx_word' id='word_1_549' title='bbox 1075 224 1177 249; x_wconf 72' lang='lat' dir='ltr'>toribus</span> <span class='ocrx_word' id='word_1_550' title='bbox 1188 225 1286 258; x_wconf 71' lang='lat' dir='ltr'>emptis</span> <span class='ocrx_word' id='word_1_551' title='bbox 1299 225 1462 259; x_wconf 74' lang='lat' dir='ltr'>reipublicae</span> <span class='ocrx_word' id='word_1_552' title='bbox 1473 235 1566 252; x_wconf 78' lang='lat' dir='ltr'>caussa</span> <span class='ocrx_word' id='word_1_553' title='bbox 1575 248 1580 256; x_wconf 72' lang='grc'>,</span> <span class='ocrx_word' id='word_1_554' title='bbox 1603 236 1671 262; x_wconf 81' lang='lat' dir='ltr'>quae</span> <span class='ocrx_word' id='word_1_555' title='bbox 1683 228 1767 254; x_wconf 76' lang='lat' dir='ltr'>saluu-</span> <span class='ocrx_word' id='word_1_556' title='bbox 1779 235 1866 255; x_wconf 65' lang='lat' dir='ltr'>nostra</span> 
     </span>
     <span class='ocr_line' id='line_1_78' title="bbox 1072 261 1868 300; baseline 0.008 -14"><span class='ocrx_word' id='word_1_557' title='bbox 1072 261 1268 291; x_wconf 76' lang='lat' dir='ltr'>continebatur,</span> <span class='ocrx_word' id='word_1_558' title='bbox 1277 271 1370 288; x_wconf 68' lang='lat' dir='ltr'>virtues</span> <span class='ocrx_word' id='word_1_559' title='bbox 1377 263 1405 288; x_wconf 80' lang='grc' dir='ltr'>Ρ,</span> <span class='ocrx_word' id='word_1_560' title='bbox 1413 262 1615 290; x_wconf 79' lang='lat' dir='ltr'>Clodiiconatus</span> <span class='ocrx_word' id='word_1_561' title='bbox 1627 264 1783 300; x_wconf 65' lang='lat' dir='ltr'>furoresque</span> <span class='ocrx_word' id='word_1_562' title='bbox 1794 275 1868 292; x_wconf 83' lang='lat' dir='ltr'>com-</span> 
     </span>
     <span class='ocr_line' id='line_1_79' title="bbox 1073 299 1868 335; baseline 0.009 -12"><span class='ocrx_word' id='word_1_563' title='bbox 1073 299 1181 332; x_wconf 71' lang='lat' dir='ltr'>pressit,</span> <span class='ocrx_word' id='word_1_564' title='bbox 1221 299 1320 324; x_wconf 62' lang='lat' dir='ltr'>Caussa</span> <span class='ocrx_word' id='word_1_565' title='bbox 1335 299 1416 333; x_wconf 78' lang='lat' dir='ltr'>igitur</span> <span class='ocrx_word' id='word_1_566' title='bbox 1429 299 1577 335; x_wconf 72' lang='lat' dir='ltr'>largitionis</span> <span class='ocrx_word' id='word_1_567' title='bbox 1590 307 1643 332; x_wconf 75' lang='lat' dir='ltr'>eut,</span> <span class='ocrx_word' id='word_1_568' title='bbox 1661 303 1682 328; x_wconf 69' lang='lat' dir='ltr'>si</span> <span class='ocrx_word' id='word_1_569' title='bbox 1698 308 1743 329; x_wconf 86' lang='lat' dir='ltr'>aut</span> <span class='ocrx_word' id='word_1_570' title='bbox 1759 312 1868 330; x_wconf 67' lang='lat' dir='ltr'>necesse</span> 
     </span>
     <span class='ocr_line' id='line_1_80' title="bbox 1072 335 1868 372; baseline 0.009 -12"><span class='ocrx_word' id='word_1_571' title='bbox 1072 339 1126 364; x_wconf 71' lang='lat' dir='ltr'>est,</span> <span class='ocrx_word' id='word_1_572' title='bbox 1149 340 1193 361; x_wconf 91' lang='lat' dir='ltr'>aut</span> <span class='ocrx_word' id='word_1_573' title='bbox 1211 335 1284 361; x_wconf 87' lang='lat' dir='ltr'>utile.</span> <span class='ocrx_word' id='word_1_574' title='bbox 1324 337 1365 362; x_wconf 75' lang='lat'>59.</span> <span class='ocrx_word' id='word_1_575' title='bbox 1389 337 1416 363; x_wconf 94' lang='lat' dir='ltr'>ln</span> <span class='ocrx_word' id='word_1_576' title='bbox 1433 337 1475 363; x_wconf 78' lang='lat' dir='ltr'>his</span> <span class='ocrx_word' id='word_1_577' title='bbox 1491 343 1578 364; x_wconf 85' lang='lat' dir='ltr'>autem</span> <span class='ocrx_word' id='word_1_578' title='bbox 1597 339 1662 372; x_wconf 73' lang='lat' dir='ltr'>ipsis</span> <span class='ocrx_word' id='word_1_579' title='bbox 1677 340 1868 367; x_wconf 74' lang='lat' dir='ltr'>mediocritatis</span> 
     </span>
     <span class='ocr_line' id='line_1_81' title="bbox 1073 371 1868 410; baseline 0.009 -13"><span class='ocrx_word' id='word_1_580' title='bbox 1073 371 1166 406; x_wconf 79' lang='lat' dir='ltr'>regula</span> <span class='ocrx_word' id='word_1_581' title='bbox 1178 373 1277 406; x_wconf 75' lang='lat' dir='ltr'>optima</span> <span class='ocrx_word' id='word_1_582' title='bbox 1289 377 1338 399; x_wconf 75' lang='lat' dir='ltr'>est.</span> <span class='ocrx_word' id='word_1_583' title='bbox 1380 373 1408 400; x_wconf 95' lang='lat' dir='ltr'>L.</span> <span class='ocrx_word' id='word_1_584' title='bbox 1420 374 1531 409; x_wconf 81' lang='lat' dir='ltr'>quidem</span> <span class='ocrx_word' id='word_1_585' title='bbox 1545 375 1694 410; x_wconf 83' lang='lat' dir='ltr'>Philippus.</span> <span class='ocrx_word' id='word_1_586' title='bbox 1710 378 1742 408; x_wconf 79' lang='lat' dir='ltr'>Q.</span> <span class='ocrx_word' id='word_1_587' title='bbox 1756 378 1796 407; x_wconf 75' lang='lat' dir='ltr'>F..</span> <span class='ocrx_word' id='word_1_588' title='bbox 1811 386 1868 404; x_wconf 83' lang='lat' dir='ltr'>rna-</span> 
     </span>
     <span class='ocr_line' id='line_1_82' title="bbox 1071 410 1868 446; baseline 0.008 -12"><span class='ocrx_word' id='word_1_589' title='bbox 1071 418 1127 443; x_wconf 72' lang='lat' dir='ltr'>guo</span> <span class='ocrx_word' id='word_1_590' title='bbox 1140 410 1293 443; x_wconf 75' lang='lat' dir='ltr'>viringenio</span> <span class='ocrx_word' id='word_1_591' title='bbox 1302 411 1327 436; x_wconf 91' lang='lat' dir='ltr'>in</span> <span class='ocrx_word' id='word_1_592' title='bbox 1335 411 1484 446; x_wconf 78' lang='lat' dir='ltr'>primisque</span> <span class='ocrx_word' id='word_1_593' title='bbox 1491 411 1587 438; x_wconf 70' lang='lat' dir='ltr'>clarus.</span> <span class='ocrx_word' id='word_1_594' title='bbox 1601 413 1708 446; x_wconf 71' lang='lat' dir='ltr'>gloriari</span> <span class='ocrx_word' id='word_1_595' title='bbox 1720 413 1830 445; x_wconf 79' lang='lat' dir='ltr'>solebat,</span> <span class='ocrx_word' id='word_1_596' title='bbox 1840 423 1868 440; x_wconf 77' lang='lat' dir='ltr'>se</span> 
     </span>
     <span class='ocr_line' id='line_1_83' title="bbox 1072 446 1869 484; baseline 0.009 -13"><span class='ocrx_word' id='word_1_597' title='bbox 1072 447 1132 471; x_wconf 78' lang='lat' dir='ltr'>sine</span> <span class='ocrx_word' id='word_1_598' title='bbox 1144 446 1198 471; x_wconf 86' lang='lat' dir='ltr'>ullo</span> <span class='ocrx_word' id='word_1_599' title='bbox 1211 455 1320 473; x_wconf 87' lang='lat' dir='ltr'>munere</span> <span class='ocrx_word' id='word_1_600' title='bbox 1332 447 1457 482; x_wconf 87' lang='lat' dir='ltr'>adeptum</span> <span class='ocrx_word' id='word_1_601' title='bbox 1469 457 1528 474; x_wconf 74' lang='lat' dir='ltr'>csse</span> <span class='ocrx_word' id='word_1_602' title='bbox 1539 450 1628 475; x_wconf 81' lang='lat' dir='ltr'>onmia</span> <span class='ocrx_word' id='word_1_603' title='bbox 1637 471 1642 479; x_wconf 83' lang='lat'>,</span> <span class='ocrx_word' id='word_1_604' title='bbox 1656 459 1724 484; x_wconf 83' lang='lat' dir='ltr'>quae</span> <span class='ocrx_word' id='word_1_605' title='bbox 1737 451 1869 478; x_wconf 83' lang='lat' dir='ltr'>haberen-</span> 
     </span>
     <span class='ocr_line' id='line_1_84' title="bbox 1072 483 1867 517; baseline 0.009 -9"><span class='ocrx_word' id='word_1_606' title='bbox 1072 487 1117 509; x_wconf 86' lang='lat' dir='ltr'>tur</span> <span class='ocrx_word' id='word_1_607' title='bbox 1127 483 1304 517; x_wconf 66' lang='lat' dir='ltr'>amplissima.</span> <span class='ocrx_word' id='word_1_608' title='bbox 1347 485 1455 511; x_wconf 78' lang='lat' dir='ltr'>Dicebat</span> <span class='ocrx_word' id='word_1_609' title='bbox 1468 486 1536 512; x_wconf 88' lang='lat' dir='ltr'>idem</span> <span class='ocrx_word' id='word_1_610' title='bbox 1550 487 1636 517; x_wconf 78' lang='lat' dir='ltr'>Cotta,</span> <span class='ocrx_word' id='word_1_611' title='bbox 1653 487 1743 514; x_wconf 84' lang='lat' dir='ltr'>Curio.</span> <span class='ocrx_word' id='word_1_612' title='bbox 1783 489 1867 515; x_wconf 81' lang='lat' dir='ltr'>Nobis</span> 
     </span>
     <span class='ocr_line' id='line_1_85' title="bbox 1072 520 1867 560; baseline 0.01 -16"><span class='ocrx_word' id='word_1_613' title='bbox 1072 529 1181 554; x_wconf 79' lang='lat' dir='ltr'>quoque</span> <span class='ocrx_word' id='word_1_614' title='bbox 1198 520 1258 546; x_wconf 82' lang='lat' dir='ltr'>licet</span> <span class='ocrx_word' id='word_1_615' title='bbox 1275 522 1300 547; x_wconf 91' lang='lat' dir='ltr'>iu</span> <span class='ocrx_word' id='word_1_616' title='bbox 1314 521 1362 547; x_wconf 87' lang='lat' dir='ltr'>hoc</span> <span class='ocrx_word' id='word_1_617' title='bbox 1374 523 1571 557; x_wconf 82' lang='lat' dir='ltr'>quodammodo</span> <span class='ocrx_word' id='word_1_618' title='bbox 1582 523 1700 559; x_wconf 71' lang='lat' dir='ltr'>gloriari,</span> <span class='ocrx_word' id='word_1_619' title='bbox 1743 525 1807 551; x_wconf 74' lang='lat' dir='ltr'>Nam</span> <span class='ocrx_word' id='word_1_620' title='bbox 1820 534 1867 560; x_wconf 85' lang='lat' dir='ltr'>pro</span> 
     </span>
     <span class='ocr_line' id='line_1_86' title="bbox 1072 557 1867 597; baseline 0.009 -15"><span class='ocrx_word' id='word_1_621' title='bbox 1072 557 1251 592; x_wconf 87' lang='lat' dir='ltr'>amplitudine</span> <span class='ocrx_word' id='word_1_622' title='bbox 1269 558 1413 590; x_wconf 82' lang='lat' dir='ltr'>honorum,</span> <span class='ocrx_word' id='word_1_623' title='bbox 1430 569 1498 594; x_wconf 88' lang='lat' dir='ltr'>quos</span> <span class='ocrx_word' id='word_1_624' title='bbox 1513 561 1616 587; x_wconf 78' lang='lat' dir='ltr'>cunctis</span> <span class='ocrx_word' id='word_1_625' title='bbox 1631 562 1766 597; x_wconf 72' lang='lat' dir='ltr'>suffragiis</span> <span class='ocrx_word' id='word_1_626' title='bbox 1778 562 1867 597; x_wconf 79' lang='lat' dir='ltr'>adepti</span> 
     </span>
     <span class='ocr_line' id='line_1_87' title="bbox 1071 596 1868 633; baseline 0.008 -13"><span class='ocrx_word' id='word_1_627' title='bbox 1071 603 1177 624; x_wconf 73' lang='lat' dir='ltr'>sumus,</span> <span class='ocrx_word' id='word_1_628' title='bbox 1192 600 1280 621; x_wconf 70' lang='lat' dir='ltr'>nostro</span> <span class='ocrx_word' id='word_1_629' title='bbox 1290 596 1400 630; x_wconf 82' lang='lat' dir='ltr'>quidem</span> <span class='ocrx_word' id='word_1_630' title='bbox 1413 606 1495 628; x_wconf 84' lang='lat' dir='ltr'>anno,</span> <span class='ocrx_word' id='word_1_631' title='bbox 1511 598 1582 632; x_wconf 85' lang='lat' dir='ltr'>quod</span> <span class='ocrx_word' id='word_1_632' title='bbox 1593 599 1704 633; x_wconf 76' lang='lat' dir='ltr'>contigit</span> <span class='ocrx_word' id='word_1_633' title='bbox 1717 608 1807 625; x_wconf 86' lang='lat' dir='ltr'>eorum</span> <span class='ocrx_word' id='word_1_634' title='bbox 1821 609 1868 626; x_wconf 90' lang='lat' dir='ltr'>ne-</span> 
     </span>
     <span class='ocr_line' id='line_1_88' title="bbox 1072 632 1867 672; baseline 0.008 -15"><span class='ocrx_word' id='word_1_635' title='bbox 1072 632 1153 662; x_wconf 78' lang='lat' dir='ltr'>mini,</span> <span class='ocrx_word' id='word_1_636' title='bbox 1176 641 1244 666; x_wconf 78' lang='lat' dir='ltr'>quos</span> <span class='ocrx_word' id='word_1_637' title='bbox 1261 634 1338 659; x_wconf 88' lang='lat' dir='ltr'>modo</span> <span class='ocrx_word' id='word_1_638' title='bbox 1355 635 1505 665; x_wconf 86' lang='lat' dir='ltr'>nominavi,</span> <span class='ocrx_word' id='word_1_639' title='bbox 1526 644 1589 661; x_wconf 76' lang='lat' dir='ltr'>sane</span> <span class='ocrx_word' id='word_1_640' title='bbox 1605 636 1720 669; x_wconf 74' lang='lat' dir='ltr'>exiguus</span> <span class='ocrx_word' id='word_1_641' title='bbox 1741 641 1867 672; x_wconf 79' lang='lat' dir='ltr'>sumptus</span> 
     </span>
     <span class='ocr_line' id='line_1_89' title="bbox 1071 669 1867 708; baseline 0.009 -15"><span class='ocrx_word' id='word_1_642' title='bbox 1071 669 1216 695; x_wconf 79' lang='lat' dir='ltr'>aedilitatis</span> <span class='ocrx_word' id='word_1_643' title='bbox 1229 669 1287 696; x_wconf 89' lang='lat' dir='ltr'>fuit.</span> <span class='ocrx_word' id='word_1_644' title='bbox 1328 672 1369 697; x_wconf 80' lang='lat'>60.</span> <span class='ocrx_word' id='word_1_645' title='bbox 1392 672 1478 706; x_wconf 79' lang='lat' dir='ltr'>Atque</span> <span class='ocrx_word' id='word_1_646' title='bbox 1494 672 1573 698; x_wconf 84' lang='lat' dir='ltr'>etiarn</span> <span class='ocrx_word' id='word_1_647' title='bbox 1589 672 1650 698; x_wconf 86' lang='lat' dir='ltr'>illae</span> <span class='ocrx_word' id='word_1_648' title='bbox 1662 674 1797 708; x_wconf 74' lang='lat' dir='ltr'>impensae</span> <span class='ocrx_word' id='word_1_649' title='bbox 1811 683 1867 700; x_wconf 88' lang='lat' dir='ltr'>me-</span> 
     </span>
    </p>
   </div>
   <div class='ocr_carea' id='block_1_19' title="bbox 1042 706 1866 744">
    <p class='ocr_par' dir='ltr' id='par_1_19' title="bbox 1042 706 1866 744">
     <span class='ocr_line' id='line_1_90' title="bbox 1042 706 1866 744; baseline 0.007 -13"><span class='ocrx_word' id='word_1_650' title='bbox 1042 710 1043 716; x_wconf 66' lang='lat'><em>*</em></span> <span class='ocrx_word' id='word_1_651' title='bbox 1072 706 1160 736; x_wconf 72' lang='lat' dir='ltr'>tiores,</span> <span class='ocrx_word' id='word_1_652' title='bbox 1176 708 1254 737; x_wconf 81' lang='lat' dir='ltr'>uiuri,</span> <span class='ocrx_word' id='word_1_653' title='bbox 1269 708 1630 744; x_wconf 74' lang='lat' dir='ltr'>navalia,p0rtus,aquarum</span> <span class='ocrx_word' id='word_1_654' title='bbox 1642 710 1749 740; x_wconf 82' lang='lat' dir='ltr'>duetus,</span> <span class='ocrx_word' id='word_1_655' title='bbox 1762 712 1866 737; x_wconf 90' lang='lat' dir='ltr'>omnia-</span> 
     </span>
    </p>
   </div>
   <div class='ocr_carea' id='block_1_20' title="bbox 1066 744 1867 1453">
    <p class='ocr_par' dir='ltr' id='par_1_20' title="bbox 1066 744 1867 1453">
     <span class='ocr_line' id='line_1_91' title="bbox 1069 744 1866 782; baseline 0.01 -15"><span class='ocrx_word' id='word_1_656' title='bbox 1069 752 1138 777; x_wconf 76' lang='lat' dir='ltr'>que,</span> <span class='ocrx_word' id='word_1_657' title='bbox 1160 752 1229 779; x_wconf 85' lang='lat' dir='ltr'>quae</span> <span class='ocrx_word' id='word_1_658' title='bbox 1245 744 1277 770; x_wconf 90' lang='lat' dir='ltr'>ad</span> <span class='ocrx_word' id='word_1_659' title='bbox 1295 754 1374 771; x_wconf 84' lang='lat' dir='ltr'>usum</span> <span class='ocrx_word' id='word_1_660' title='bbox 1396 746 1560 781; x_wconf 85' lang='lat' dir='ltr'>reipublicae</span> <span class='ocrx_word' id='word_1_661' title='bbox 1582 748 1725 782; x_wconf 84' lang='lat' dir='ltr'>pertinent.</span> <span class='ocrx_word' id='word_1_662' title='bbox 1765 748 1866 780; x_wconf 86' lang='lat' dir='ltr'>Quam-</span> 
     </span>
     <span class='ocr_line' id='line_1_92' title="bbox 1070 781 1867 818; baseline 0.009 -13"><span class='ocrx_word' id='word_1_663' title='bbox 1070 789 1166 815; x_wconf 82' lang='lat' dir='ltr'>quam,</span> <span class='ocrx_word' id='word_1_664' title='bbox 1183 781 1254 816; x_wconf 85' lang='lat' dir='ltr'>quod</span> <span class='ocrx_word' id='word_1_665' title='bbox 1268 791 1394 816; x_wconf 82' lang='lat' dir='ltr'>praesens</span> <span class='ocrx_word' id='word_1_666' title='bbox 1405 788 1540 818; x_wconf 81' lang='lat' dir='ltr'>tamquam</span> <span class='ocrx_word' id='word_1_667' title='bbox 1554 785 1579 810; x_wconf 89' lang='lat' dir='ltr'>in</span> <span class='ocrx_word' id='word_1_668' title='bbox 1593 793 1701 811; x_wconf 85' lang='lat' dir='ltr'>manum</span> <span class='ocrx_word' id='word_1_669' title='bbox 1714 785 1805 815; x_wconf 84' lang='lat' dir='ltr'>datur,</span> <span class='ocrx_word' id='word_1_670' title='bbox 1823 786 1867 812; x_wconf 89' lang='lat' dir='ltr'>iu-</span> 
     </span>
     <span class='ocr_line' id='line_1_93' title="bbox 1070 818 1866 857; baseline 0.008 -14"><span class='ocrx_word' id='word_1_671' title='bbox 1070 818 1188 844; x_wconf 82' lang='lat' dir='ltr'>cundius</span> <span class='ocrx_word' id='word_1_672' title='bbox 1200 824 1253 845; x_wconf 78' lang='lat' dir='ltr'>est:</span> <span class='ocrx_word' id='word_1_673' title='bbox 1268 824 1354 846; x_wconf 87' lang='lat' dir='ltr'>tamen</span> <span class='ocrx_word' id='word_1_674' title='bbox 1367 821 1431 846; x_wconf 87' lang='lat' dir='ltr'>hacc</span> <span class='ocrx_word' id='word_1_675' title='bbox 1443 822 1468 847; x_wconf 92' lang='lat' dir='ltr'>in</span> <span class='ocrx_word' id='word_1_676' title='bbox 1481 826 1616 856; x_wconf 87' lang='lat' dir='ltr'>posterum</span> <span class='ocrx_word' id='word_1_677' title='bbox 1628 823 1752 857; x_wconf 80' lang='lat' dir='ltr'>gratiora.</span> <span class='ocrx_word' id='word_1_678' title='bbox 1779 821 1866 849; x_wconf 80' lang='lat' dir='ltr'>Thea-</span> 
     </span>
     <span class='ocr_line' id='line_1_94' title="bbox 1070 856 1863 894; baseline 0.006 -13"><span class='ocrx_word' id='word_1_679' title='bbox 1070 860 1118 885; x_wconf 86' lang='lat' dir='ltr'>tra,</span> <span class='ocrx_word' id='word_1_680' title='bbox 1136 856 1267 890; x_wconf 79' lang='lat' dir='ltr'>porticus,</span> <span class='ocrx_word' id='word_1_681' title='bbox 1291 866 1358 883; x_wconf 77' lang='lat' dir='ltr'>nova</span> <span class='ocrx_word' id='word_1_682' title='bbox 1371 858 1468 893; x_wconf 88' lang='lat' dir='ltr'>templa</span> <span class='ocrx_word' id='word_1_683' title='bbox 1490 859 1669 885; x_wconf 79' lang='lat' dir='ltr'>verecundius</span> <span class='ocrx_word' id='word_1_684' title='bbox 1689 859 1863 894; x_wconf 83' lang='lat' dir='ltr'>reprehendo,</span> 
     </span>
     <span class='ocr_line' id='line_1_95' title="bbox 1070 893 1867 931; baseline 0.008 -14"><span class='ocrx_word' id='word_1_685' title='bbox 1070 898 1178 927; x_wconf 87' lang='lat' dir='ltr'>propter</span> <span class='ocrx_word' id='word_1_686' title='bbox 1192 893 1362 928; x_wconf 90' lang='lat' dir='ltr'>Pompeium:</span> <span class='ocrx_word' id='word_1_687' title='bbox 1376 895 1423 921; x_wconf 92' lang='lat' dir='ltr'>sed</span> <span class='ocrx_word' id='word_1_688' title='bbox 1436 895 1586 922; x_wconf 85' lang='lat' dir='ltr'>doctissimi</span> <span class='ocrx_word' id='word_1_689' title='bbox 1599 905 1649 922; x_wconf 91' lang='lat' dir='ltr'>non</span> <span class='ocrx_word' id='word_1_690' title='bbox 1663 897 1788 931; x_wconf 84' lang='lat' dir='ltr'>probant,</span> <span class='ocrx_word' id='word_1_691' title='bbox 1802 902 1830 924; x_wconf 89' lang='lat' dir='ltr'>ut</span> <span class='ocrx_word' id='word_1_692' title='bbox 1840 901 1867 924; x_wconf 89' lang='lat' dir='ltr'>et</span> 
     </span>
     <span class='ocr_line' id='line_1_96' title="bbox 1072 930 1866 967; baseline 0.006 -12"><span class='ocrx_word' id='word_1_693' title='bbox 1072 930 1115 955; x_wconf 82' lang='lat' dir='ltr'>hic</span> <span class='ocrx_word' id='word_1_694' title='bbox 1127 931 1184 964; x_wconf 86' lang='lat' dir='ltr'>ipse</span> <span class='ocrx_word' id='word_1_695' title='bbox 1200 931 1354 962; x_wconf 83' lang='lat' dir='ltr'>Panaetius,</span> <span class='ocrx_word' id='word_1_696' title='bbox 1371 941 1452 967; x_wconf 88' lang='lat' dir='ltr'>quern</span> <span class='ocrx_word' id='word_1_697' title='bbox 1469 933 1583 959; x_wconf 88' lang='lat' dir='ltr'>multum</span> <span class='ocrx_word' id='word_1_698' title='bbox 1600 934 1625 959; x_wconf 91' lang='lat' dir='ltr'>in</span> <span class='ocrx_word' id='word_1_699' title='bbox 1644 934 1685 959; x_wconf 88' lang='lat' dir='ltr'>his</span> <span class='ocrx_word' id='word_1_700' title='bbox 1699 934 1774 960; x_wconf 86' lang='lat' dir='ltr'>libris</span> <span class='ocrx_word' id='word_1_701' title='bbox 1786 942 1866 960; x_wconf 79' lang='lat' dir='ltr'>secu-</span> 
     </span>
     <span class='ocr_line' id='line_1_97' title="bbox 1070 969 1863 1004; baseline 0.006 -12"><span class='ocrx_word' id='word_1_702' title='bbox 1070 972 1112 992; x_wconf 87' lang='lat' dir='ltr'>tus</span> <span class='ocrx_word' id='word_1_703' title='bbox 1126 975 1201 998; x_wconf 81' lang='lat' dir='ltr'>sum,</span> <span class='ocrx_word' id='word_1_704' title='bbox 1220 976 1270 994; x_wconf 92' lang='lat' dir='ltr'>non</span> <span class='ocrx_word' id='word_1_705' title='bbox 1289 969 1489 1004; x_wconf 84' lang='lat' dir='ltr'>interpretatus:</span> <span class='ocrx_word' id='word_1_706' title='bbox 1511 976 1536 996; x_wconf 85' lang='lat' dir='ltr'>et</span> <span class='ocrx_word' id='word_1_707' title='bbox 1549 971 1692 997; x_wconf 78' lang='lat' dir='ltr'>Phalereus</span> <span class='ocrx_word' id='word_1_708' title='bbox 1704 972 1863 1002; x_wconf 84' lang='lat' dir='ltr'>Demetrius,</span> 
     </span>
     <span class='ocr_line' id='line_1_98' title="bbox 1069 1004 1865 1043; baseline 0.006 -14"><span class='ocrx_word' id='word_1_709' title='bbox 1069 1005 1116 1038; x_wconf 87' lang='lat' dir='ltr'>qui</span> <span class='ocrx_word' id='word_1_710' title='bbox 1134 1004 1276 1036; x_wconf 83' lang='lat' dir='ltr'>Periclem,</span> <span class='ocrx_word' id='word_1_711' title='bbox 1297 1007 1446 1041; x_wconf 87' lang='lat' dir='ltr'>principem</span> <span class='ocrx_word' id='word_1_712' title='bbox 1463 1008 1604 1038; x_wconf 82' lang='lat' dir='ltr'>Graeciae.</span> <span class='ocrx_word' id='word_1_713' title='bbox 1624 1010 1769 1042; x_wconf 84' lang='lat' dir='ltr'>vituperat,</span> <span class='ocrx_word' id='word_1_714' title='bbox 1791 1007 1865 1043; x_wconf 88' lang='lat' dir='ltr'>quod</span> 
     </span>
     <span class='ocr_line' id='line_1_99' title="bbox 1070 1044 1866 1081; baseline 0.008 -15"><span class='ocrx_word' id='word_1_715' title='bbox 1070 1046 1167 1067; x_wconf 82' lang='lat' dir='ltr'>tantam</span> <span class='ocrx_word' id='word_1_716' title='bbox 1184 1044 1325 1076; x_wconf 88' lang='lat' dir='ltr'>pecuniam</span> <span class='ocrx_word' id='word_1_717' title='bbox 1343 1045 1368 1070; x_wconf 94' lang='lat' dir='ltr'>in</span> <span class='ocrx_word' id='word_1_718' title='bbox 1386 1044 1518 1078; x_wconf 88' lang='lat' dir='ltr'>praeclara</span> <span class='ocrx_word' id='word_1_719' title='bbox 1532 1045 1575 1071; x_wconf 89' lang='lat' dir='ltr'>illa</span> <span class='ocrx_word' id='word_1_720' title='bbox 1589 1045 1730 1081; x_wconf 83' lang='lat' dir='ltr'>propylaea</span> <span class='ocrx_word' id='word_1_721' title='bbox 1742 1046 1866 1072; x_wconf 84' lang='lat' dir='ltr'>coniece-</span> 
     </span>
     <span class='ocr_line' id='line_1_100' title="bbox 1069 1079 1865 1117; baseline 0.006 -13"><span class='ocrx_word' id='word_1_722' title='bbox 1069 1079 1111 1104; x_wconf 91' lang='lat' dir='ltr'>rit.</span> <span class='ocrx_word' id='word_1_723' title='bbox 1145 1079 1195 1105; x_wconf 73' lang='lat' dir='ltr'>Sed</span> <span class='ocrx_word' id='word_1_724' title='bbox 1208 1079 1240 1105; x_wconf 90' lang='lat' dir='ltr'>de</span> <span class='ocrx_word' id='word_1_725' title='bbox 1252 1080 1301 1106; x_wconf 91' lang='lat' dir='ltr'>hoc</span> <span class='ocrx_word' id='word_1_726' title='bbox 1312 1089 1409 1115; x_wconf 83' lang='lat' dir='ltr'>genere</span> <span class='ocrx_word' id='word_1_727' title='bbox 1421 1086 1472 1108; x_wconf 87' lang='lat' dir='ltr'>toto</span> <span class='ocrx_word' id='word_1_728' title='bbox 1485 1082 1510 1108; x_wconf 90' lang='lat' dir='ltr'>in</span> <span class='ocrx_word' id='word_1_729' title='bbox 1525 1082 1558 1108; x_wconf 88' lang='lat' dir='ltr'>iis</span> <span class='ocrx_word' id='word_1_730' title='bbox 1570 1082 1655 1112; x_wconf 84' lang='lat' dir='ltr'>libris,</span> <span class='ocrx_word' id='word_1_731' title='bbox 1668 1091 1737 1117; x_wconf 85' lang='lat' dir='ltr'>quos</span> <span class='ocrx_word' id='word_1_732' title='bbox 1747 1085 1777 1108; x_wconf 79' lang='lat' dir='ltr'>de</span> <span class='ocrx_word' id='word_1_733' title='bbox 1788 1092 1865 1116; x_wconf 81' lang='lat' dir='ltr'>repu-</span> 
     </span>
     <span class='ocr_line' id='line_1_101' title="bbox 1069 1117 1865 1155; baseline 0.006 -14"><span class='ocrx_word' id='word_1_734' title='bbox 1069 1117 1134 1142; x_wconf 77' lang='lat' dir='ltr'>blica</span> <span class='ocrx_word' id='word_1_735' title='bbox 1146 1117 1256 1151; x_wconf 80' lang='lat' dir='ltr'>scripsi,</span> <span class='ocrx_word' id='word_1_736' title='bbox 1275 1117 1420 1153; x_wconf 73' lang='lat' dir='ltr'>diligenter</span> <span class='ocrx_word' id='word_1_737' title='bbox 1434 1124 1474 1145; x_wconf 86' lang='lat' dir='ltr'>est</span> <span class='ocrx_word' id='word_1_738' title='bbox 1486 1119 1663 1154; x_wconf 85' lang='lat' dir='ltr'>disputatum.</span> <span class='ocrx_word' id='word_1_739' title='bbox 1704 1120 1766 1146; x_wconf 84' lang='lat' dir='ltr'>Tota</span> <span class='ocrx_word' id='word_1_740' title='bbox 1782 1120 1865 1155; x_wconf 84' lang='lat' dir='ltr'>igitur</span> 
     </span>
     <span class='ocr_line' id='line_1_102' title="bbox 1069 1153 1865 1192; baseline 0.006 -14"><span class='ocrx_word' id='word_1_741' title='bbox 1069 1153 1133 1179; x_wconf 89' lang='lat' dir='ltr'>ratio</span> <span class='ocrx_word' id='word_1_742' title='bbox 1145 1153 1238 1179; x_wconf 89' lang='lat' dir='ltr'>talium</span> <span class='ocrx_word' id='word_1_743' title='bbox 1252 1154 1437 1190; x_wconf 79' lang='lat' dir='ltr'>largitionum,</span> <span class='ocrx_word' id='word_1_744' title='bbox 1453 1164 1551 1191; x_wconf 79' lang='lat' dir='ltr'>genere</span> <span class='ocrx_word' id='word_1_745' title='bbox 1564 1157 1657 1183; x_wconf 87' lang='lat' dir='ltr'>vitiosa</span> <span class='ocrx_word' id='word_1_746' title='bbox 1669 1162 1722 1187; x_wconf 83' lang='lat' dir='ltr'>est,</span> <span class='ocrx_word' id='word_1_747' title='bbox 1737 1157 1865 1192; x_wconf 85' lang='lat' dir='ltr'>tempori—</span> 
     </span>
     <span class='ocr_line' id='line_1_103' title="bbox 1069 1190 1864 1228; baseline 0.008 -13"><span class='ocrx_word' id='word_1_748' title='bbox 1069 1190 1120 1216; x_wconf 91' lang='lat' dir='ltr'>bus</span> <span class='ocrx_word' id='word_1_749' title='bbox 1131 1192 1295 1223; x_wconf 83' lang='lat' dir='ltr'>necessaria;</span> <span class='ocrx_word' id='word_1_750' title='bbox 1314 1197 1339 1218; x_wconf 92' lang='lat' dir='ltr'>et</span> <span class='ocrx_word' id='word_1_751' title='bbox 1355 1197 1442 1219; x_wconf 86' lang='lat' dir='ltr'>tamen</span> <span class='ocrx_word' id='word_1_752' title='bbox 1455 1195 1512 1228; x_wconf 90' lang='lat' dir='ltr'>ipsa</span> <span class='ocrx_word' id='word_1_753' title='bbox 1523 1198 1549 1219; x_wconf 85' lang='lat' dir='ltr'>et</span> <span class='ocrx_word' id='word_1_754' title='bbox 1563 1193 1595 1219; x_wconf 89' lang='lat' dir='ltr'>ad</span> <span class='ocrx_word' id='word_1_755' title='bbox 1609 1193 1747 1220; x_wconf 76' lang='lat' dir='ltr'>facultates</span> <span class='ocrx_word' id='word_1_756' title='bbox 1758 1203 1864 1221; x_wconf 85' lang='lat' dir='ltr'>accom-</span> 
     </span>
     <span class='ocr_line' id='line_1_104' title="bbox 1069 1227 1861 1258; baseline 0.008 -6"><span class='ocrx_word' id='word_1_757' title='bbox 1069 1227 1210 1258; x_wconf 89' lang='lat' dir='ltr'>modanda,</span> <span class='ocrx_word' id='word_1_758' title='bbox 1224 1234 1249 1254; x_wconf 89' lang='lat' dir='ltr'>et</span> <span class='ocrx_word' id='word_1_759' title='bbox 1261 1229 1442 1256; x_wconf 89' lang='lat' dir='ltr'>mediocritate</span> <span class='ocrx_word' id='word_1_760' title='bbox 1455 1230 1616 1257; x_wconf 87' lang='lat' dir='ltr'>moderanda</span> <span class='ocrx_word' id='word_1_761' title='bbox 1627 1236 1677 1257; x_wconf 82' lang='lat' dir='ltr'>est.</span> <span class='ocrx_word' id='word_1_762' title='bbox 1709 1231 1802 1258; x_wconf 79' lang='lat' dir='ltr'>XVHI.</span> <span class='ocrx_word' id='word_1_763' title='bbox 1819 1233 1861 1258; x_wconf 74' lang='lat' dir='ltr'>Sl.</span> 
     </span>
     <span class='ocr_line' id='line_1_105' title="bbox 1068 1264 1864 1303; baseline 0.005 -13"><span class='ocrx_word' id='word_1_764' title='bbox 1068 1265 1095 1291; x_wconf 85' lang='lat' dir='ltr'>ln</span> <span class='ocrx_word' id='word_1_765' title='bbox 1109 1264 1154 1291; x_wconf 85' lang='lat' dir='ltr'>illo</span> <span class='ocrx_word' id='word_1_766' title='bbox 1166 1271 1253 1292; x_wconf 88' lang='lat' dir='ltr'>autem</span> <span class='ocrx_word' id='word_1_767' title='bbox 1266 1266 1348 1293; x_wconf 87' lang='lat' dir='ltr'>altero</span> <span class='ocrx_word' id='word_1_768' title='bbox 1358 1276 1456 1303; x_wconf 83' lang='lat' dir='ltr'>genere</span> <span class='ocrx_word' id='word_1_769' title='bbox 1469 1267 1614 1303; x_wconf 88' lang='lat' dir='ltr'>largiendi,</span> <span class='ocrx_word' id='word_1_770' title='bbox 1631 1268 1704 1303; x_wconf 90' lang='lat' dir='ltr'>quod</span> <span class='ocrx_word' id='word_1_771' title='bbox 1719 1278 1735 1294; x_wconf 84' lang='grc' dir='ltr'><em>α</em></span> <span class='ocrx_word' id='word_1_772' title='bbox 1747 1270 1864 1295; x_wconf 77' lang='lat' dir='ltr'>tiberali-</span> 
     </span>
     <span class='ocr_line' id='line_1_106' title="bbox 1068 1303 1864 1340; baseline 0.006 -13"><span class='ocrx_word' id='word_1_773' title='bbox 1068 1307 1118 1328; x_wconf 81' lang='lat' dir='ltr'>tnte</span> <span class='ocrx_word' id='word_1_774' title='bbox 1129 1303 1320 1337; x_wconf 77' lang='lat' dir='ltr'>proficiscitur,</span> <span class='ocrx_word' id='word_1_775' title='bbox 1335 1313 1386 1331; x_wconf 89' lang='lat' dir='ltr'>non</span> <span class='ocrx_word' id='word_1_776' title='bbox 1399 1314 1452 1331; x_wconf 89' lang='lat' dir='ltr'>uno</span> <span class='ocrx_word' id='word_1_777' title='bbox 1464 1305 1542 1331; x_wconf 90' lang='lat' dir='ltr'>modo</span> <span class='ocrx_word' id='word_1_778' title='bbox 1553 1306 1579 1332; x_wconf 91' lang='lat' dir='ltr'>in</span> <span class='ocrx_word' id='word_1_779' title='bbox 1591 1305 1747 1340; x_wconf 88' lang='lat' dir='ltr'>disparibus</span> <span class='ocrx_word' id='word_1_780' title='bbox 1757 1306 1864 1332; x_wconf 85' lang='lat' dir='ltr'>caussis</span> 
     </span>
     <span class='ocr_line' id='line_1_107' title="bbox 1066 1339 1864 1378; baseline 0.005 -13"><span class='ocrx_word' id='word_1_781' title='bbox 1066 1339 1151 1366; x_wconf 78' lang='lat' dir='ltr'>affecti</span> <span class='ocrx_word' id='word_1_782' title='bbox 1164 1348 1222 1366; x_wconf 89' lang='lat' dir='ltr'>esse</span> <span class='ocrx_word' id='word_1_783' title='bbox 1234 1341 1375 1368; x_wconf 88' lang='lat' dir='ltr'>debemus.</span> <span class='ocrx_word' id='word_1_784' title='bbox 1416 1342 1473 1369; x_wconf 70' lang='lat' dir='ltr'>Alia</span> <span class='ocrx_word' id='word_1_785' title='bbox 1486 1351 1580 1369; x_wconf 88' lang='lat' dir='ltr'>caussa</span> <span class='ocrx_word' id='word_1_786' title='bbox 1591 1348 1631 1369; x_wconf 91' lang='lat' dir='ltr'>est</span> <span class='ocrx_word' id='word_1_787' title='bbox 1643 1343 1716 1373; x_wconf 79' lang='lat' dir='ltr'>eiuS,</span> <span class='ocrx_word' id='word_1_788' title='bbox 1732 1344 1780 1378; x_wconf 94' lang='lat' dir='ltr'>qui</span> <span class='ocrx_word' id='word_1_789' title='bbox 1791 1343 1864 1369; x_wconf 86' lang='lat' dir='ltr'>cala-</span> 
     </span>
     <span class='ocr_line' id='line_1_108' title="bbox 1067 1377 1864 1415; baseline 0.005 -13"><span class='ocrx_word' id='word_1_790' title='bbox 1067 1377 1156 1403; x_wconf 87' lang='lat' dir='ltr'>mitate</span> <span class='ocrx_word' id='word_1_791' title='bbox 1171 1379 1478 1415; x_wconf 75' lang='lat' dir='ltr'>preniit=1r‚eteius,qui</span> <span class='ocrx_word' id='word_1_792' title='bbox 1492 1388 1533 1406; x_wconf 87' lang='lat' dir='ltr'>res</span> <span class='ocrx_word' id='word_1_793' title='bbox 1545 1380 1668 1406; x_wconf 89' lang='lat' dir='ltr'>meliores</span> <span class='ocrx_word' id='word_1_794' title='bbox 1679 1380 1864 1415; x_wconf 62' lang='lat' dir='ltr'>quaeritmul-</span> 
     </span>
     <span class='ocr_line' id='line_1_109' title="bbox 1468 1417 1863 1453; baseline 0.003 -10"><span class='ocrx_word' id='word_1_795' title='bbox 1468 1419 1510 1443; x_wconf 72' lang='lat'>62.</span> <span class='ocrx_word' id='word_1_796' title='bbox 1531 1417 1689 1452; x_wconf 84' lang='lat' dir='ltr'>Propensior</span> <span class='ocrx_word' id='word_1_797' title='bbox 1710 1417 1863 1453; x_wconf 81' lang='lat' dir='ltr'>benignitas</span> 
     </span>
    </p>
   </div>
   <div class='ocr_carea' id='block_1_21' title="bbox 1043 1451 1863 1526">
    <p class='ocr_par' dir='ltr' id='par_1_21' title="bbox 1043 1445 1863 1526">
     <span class='ocr_line' id='line_1_110' title="bbox 1065 1451 1863 1491; baseline 0.002 -11.949"><span class='ocrx_word' id='word_1_798' title='bbox 1065 1460 1125 1477; x_wconf 89' lang='lat' dir='ltr'>esse</span> <span class='ocrx_word' id='word_1_799' title='bbox 1135 1451 1246 1479; x_wconf 88' lang='lat' dir='ltr'>debebit</span> <span class='ocrx_word' id='word_1_800' title='bbox 1258 1454 1284 1479; x_wconf 91' lang='lat' dir='ltr'>in</span> <span class='ocrx_word' id='word_1_801' title='bbox 1296 1453 1479 1485; x_wconf 76' lang='lat' dir='ltr'>calamitosos,</span> <span class='ocrx_word' id='word_1_802' title='bbox 1497 1455 1550 1480; x_wconf 91' lang='lat' dir='ltr'>nisi</span> <span class='ocrx_word' id='word_1_803' title='bbox 1567 1454 1631 1481; x_wconf 91' lang='lat' dir='ltr'>forte</span> <span class='ocrx_word' id='word_1_804' title='bbox 1642 1454 1806 1491; x_wconf 85' lang='lat' dir='ltr'>eruntdigni</span> <span class='ocrx_word' id='word_1_805' title='bbox 1817 1464 1863 1481; x_wconf 89' lang='lat' dir='ltr'>ca—</span> 
     </span>
     <span class='ocr_line' id='line_1_111' title="bbox 1043 1488 1863 1526; baseline 0.005 -12"><span class='ocrx_word' id='word_1_806' title='bbox 1043 1489 1045 1507; x_wconf 62' lang='lat' dir='ltr'>l</span> <span class='ocrx_word' id='word_1_807' title='bbox 1067 1488 1194 1516; x_wconf 86' lang='lat' dir='ltr'>lamitate.</span> <span class='ocrx_word' id='word_1_808' title='bbox 1226 1491 1254 1516; x_wconf 90' lang='lat' dir='ltr'>ln</span> <span class='ocrx_word' id='word_1_809' title='bbox 1267 1491 1300 1516; x_wconf 93' lang='lat' dir='ltr'>iis</span> <span class='ocrx_word' id='word_1_810' title='bbox 1313 1495 1410 1521; x_wconf 87' lang='lat' dir='ltr'>tamen,</span> <span class='ocrx_word' id='word_1_811' title='bbox 1423 1493 1471 1526; x_wconf 91' lang='lat' dir='ltr'>qui</span> <span class='ocrx_word' id='word_1_812' title='bbox 1483 1500 1511 1517; x_wconf 90' lang='lat' dir='ltr'>se</span> <span class='ocrx_word' id='word_1_813' title='bbox 1522 1491 1646 1518; x_wconf 89' lang='lat' dir='ltr'>adiuvari</span> <span class='ocrx_word' id='word_1_814' title='bbox 1658 1491 1756 1522; x_wconf 80' lang='lat' dir='ltr'>volent.</span> <span class='ocrx_word' id='word_1_815' title='bbox 1769 1501 1821 1518; x_wconf 90' lang='lat' dir='ltr'>non</span> <span class='ocrx_word' id='word_1_816' title='bbox 1833 1497 1863 1518; x_wconf 87' lang='lat' dir='ltr'>ut</span> 
     </span>
    </p>
   </div>
   <div class='ocr_carea' id='block_1_22' title="bbox 1064 1526 1863 1710">
    <p class='ocr_par' dir='ltr' id='par_1_22' title="bbox 1064 1526 1863 1672">
     <span class='ocr_line' id='line_1_112' title="bbox 1067 1526 1863 1565; baseline 0.005 -13"><span class='ocrx_word' id='word_1_817' title='bbox 1067 1535 1098 1552; x_wconf 90' lang='lat' dir='ltr'>ne</span> <span class='ocrx_word' id='word_1_818' title='bbox 1109 1526 1276 1562; x_wconf 81' lang='lat' dir='ltr'>affligantur,</span> <span class='ocrx_word' id='word_1_819' title='bbox 1294 1528 1341 1554; x_wconf 90' lang='lat' dir='ltr'>sed</span> <span class='ocrx_word' id='word_1_820' title='bbox 1353 1533 1382 1555; x_wconf 93' lang='lat' dir='ltr'>ut</span> <span class='ocrx_word' id='word_1_821' title='bbox 1391 1528 1511 1555; x_wconf 87' lang='lat' dir='ltr'>altiorem</span> <span class='ocrx_word' id='word_1_822' title='bbox 1523 1529 1637 1565; x_wconf 85' lang='lat' dir='ltr'>gradum</span> <span class='ocrx_word' id='word_1_823' title='bbox 1649 1529 1806 1560; x_wconf 85' lang='lat' dir='ltr'>ascendant,</span> <span class='ocrx_word' id='word_1_824' title='bbox 1819 1537 1863 1556; x_wconf 86' lang='lat' dir='ltr'>re-</span> 
     </span>
     <span class='ocr_line' id='line_1_113' title="bbox 1065 1564 1862 1597; baseline 0.004 -8"><span class='ocrx_word' id='word_1_825' title='bbox 1065 1564 1149 1590; x_wconf 86' lang='lat' dir='ltr'>stricti</span> <span class='ocrx_word' id='word_1_826' title='bbox 1161 1565 1271 1591; x_wconf 90' lang='lat' dir='ltr'>omnino</span> <span class='ocrx_word' id='word_1_827' title='bbox 1285 1574 1343 1592; x_wconf 89' lang='lat' dir='ltr'>esse</span> <span class='ocrx_word' id='word_1_828' title='bbox 1355 1565 1430 1592; x_wconf 89' lang='lat' dir='ltr'>nullo</span> <span class='ocrx_word' id='word_1_829' title='bbox 1441 1566 1519 1593; x_wconf 82' lang='lat' dir='ltr'>niodo</span> <span class='ocrx_word' id='word_1_830' title='bbox 1530 1566 1674 1597; x_wconf 89' lang='lat' dir='ltr'>debemus,</span> <span class='ocrx_word' id='word_1_831' title='bbox 1695 1566 1781 1593; x_wconf 86' lang='lat' dir='ltr'>sedin</span> <span class='ocrx_word' id='word_1_832' title='bbox 1792 1565 1862 1593; x_wconf 87' lang='lat' dir='ltr'>deli-</span> 
     </span>
     <span class='ocr_line' id='line_1_114' title="bbox 1064 1601 1861 1639; baseline 0.005 -13"><span class='ocrx_word' id='word_1_833' title='bbox 1064 1601 1410 1636; x_wconf 86' lang='lat' dir='ltr'>gendisidoueisiudicium</span> <span class='ocrx_word' id='word_1_834' title='bbox 1417 1609 1443 1630; x_wconf 89' lang='lat' dir='ltr'>et</span> <span class='ocrx_word' id='word_1_835' title='bbox 1453 1603 1621 1639; x_wconf 81' lang='lat' dir='ltr'>diligentiam</span> <span class='ocrx_word' id='word_1_836' title='bbox 1633 1603 1772 1630; x_wconf 87' lang='lat' dir='ltr'>adbibere.</span> <span class='ocrx_word' id='word_1_837' title='bbox 1793 1604 1861 1630; x_wconf 88' lang='lat' dir='ltr'>Nam</span> 
     </span>
     <span class='ocr_line' id='line_1_115' title="bbox 1064 1638 1330 1672; baseline 0.008 -9"><span class='ocrx_word' id='word_1_838' title='bbox 1064 1638 1198 1672; x_wconf 87' lang='lat' dir='ltr'>praeclare</span> <span class='ocrx_word' id='word_1_839' title='bbox 1213 1639 1330 1666; x_wconf 87' lang='lat' dir='ltr'>Ennius:</span> 
     </span>
    </p>

    <p class='ocr_par' dir='ltr' id='par_1_23' title="bbox 1101 1676 1694 1710">
     <span class='ocr_line' id='line_1_116' title="bbox 1101 1676 1694 1710; baseline 0.003 -9"><span class='ocrx_word' id='word_1_840' title='bbox 1101 1676 1238 1708; x_wconf 72' lang='lat' dir='ltr'>Beriest‘ecta</span> <span class='ocrx_word' id='word_1_841' title='bbox 1251 1679 1316 1702; x_wconf 80' lang='lat' dir='ltr'>mate</span> <span class='ocrx_word' id='word_1_842' title='bbox 1327 1679 1410 1703; x_wconf 69' lang='lat' dir='ltr'>locata</span> <span class='ocrx_word' id='word_1_843' title='bbox 1422 1679 1559 1710; x_wconf 77' lang='lat' dir='ltr'>nmlesucta</span> <span class='ocrx_word' id='word_1_844' title='bbox 1569 1680 1694 1704; x_wconf 64' lang='lat' dir='ltr'>Arbitror.</span> 
     </span>
    </p>
   </div>
   <div class='ocr_carea' id='block_1_23' title="bbox 1063 1712 1861 1778">
    <p class='ocr_par' dir='ltr' id='par_1_24' title="bbox 1063 1712 1861 1778">
     <span class='ocr_line' id='line_1_117' title="bbox 1063 1712 1861 1778; baseline 0.004 -40"><span class='ocrx_word' id='word_1_845' title='bbox 1063 1714 1105 1738; x_wconf 85' lang='lat'>63.</span> <span class='ocrx_word' id='word_1_846' title='bbox 1127 1712 1202 1744; x_wconf 89' lang='lat' dir='ltr'>Quod</span> <span class='ocrx_word' id='word_1_847' title='bbox 1215 1718 1304 1739; x_wconf 87' lang='lat' dir='ltr'>autem</span> <span class='ocrx_word' id='word_1_848' title='bbox 1317 1714 1446 1740; x_wconf 89' lang='lat' dir='ltr'>tributum</span> <span class='ocrx_word' id='word_1_849' title='bbox 1459 1719 1498 1740; x_wconf 88' lang='lat' dir='ltr'>est</span> <span class='ocrx_word' id='word_1_850' title='bbox 1511 1715 1579 1741; x_wconf 88' lang='lat' dir='ltr'>bono</span> <span class='ocrx_word' id='word_1_851' title='bbox 1591 1715 1648 1741; x_wconf 90' lang='lat' dir='ltr'>viro</span> <span class='ocrx_word' id='word_1_852' title='bbox 1659 1719 1683 1740; x_wconf 85' lang='lat' dir='ltr'>et</span> <span class='ocrx_word' id='word_1_853' title='bbox 1694 1719 1777 1750; x_wconf 83' lang='lat' dir='ltr'>grato,</span> <span class='ocrx_word' id='word_1_854' title='bbox 1790 1715 1861 1778; x_wconf 71' lang='lat' dir='ltr'>inreo</span> 
     </span>
     <span class='ocr_line' id='line_1_118' title="bbox 1831 1761 1861 1778; baseline 0 -6"><span class='ocrx_word' id='word_1_855' title='bbox 1831 1761 1861 1778; x_wconf 70' lang='lat' dir='ltr'>e.</span> 
     </span>
    </p>
   </div>
   <div class='ocr_carea' id='block_1_24' title="bbox 1041 1788 1861 1824">
    <p class='ocr_par' dir='ltr' id='par_1_25' title="bbox 1041 1788 1861 1824">
     <span class='ocr_line' id='line_1_119' title="bbox 1041 1788 1861 1824; baseline 0.004 -12"><span class='ocrx_word' id='word_1_856' title='bbox 1041 1796 1042 1803; x_wconf 60' lang='lat'><em>*</em></span> <span class='ocrx_word' id='word_1_857' title='bbox 1064 1788 1183 1813; x_wconf 84' lang='lat' dir='ltr'>meritate</span> <span class='ocrx_word' id='word_1_858' title='bbox 1195 1788 1266 1813; x_wconf 91' lang='lat' dir='ltr'>enim</span> <span class='ocrx_word' id='word_1_859' title='bbox 1279 1793 1392 1819; x_wconf 82' lang='lat' dir='ltr'>remota,</span> <span class='ocrx_word' id='word_1_860' title='bbox 1409 1790 1562 1824; x_wconf 86' lang='lat' dir='ltr'>gratissima</span> <span class='ocrx_word' id='word_1_861' title='bbox 1577 1793 1617 1815; x_wconf 89' lang='lat' dir='ltr'>est</span> <span class='ocrx_word' id='word_1_862' title='bbox 1632 1788 1792 1815; x_wconf 85' lang='lat' dir='ltr'>liberalitas:</span> <span class='ocrx_word' id='word_1_863' title='bbox 1815 1797 1861 1816; x_wconf 87' lang='lat' dir='ltr'>eo-</span> 
     </span>
    </p>
   </div>
   <div class='ocr_carea' id='block_1_25' title="bbox 1063 1824 1861 1935">
    <p class='ocr_par' dir='ltr' id='par_1_26' title="bbox 1063 1824 1861 1935">
     <span class='ocr_line' id='line_1_120' title="bbox 1063 1824 1861 1861; baseline 0.004 -12"><span class='ocrx_word' id='word_1_864' title='bbox 1063 1832 1115 1858; x_wconf 87' lang='lat' dir='ltr'>que</span> <span class='ocrx_word' id='word_1_865' title='bbox 1126 1832 1185 1850; x_wconf 90' lang='lat' dir='ltr'>eam</span> <span class='ocrx_word' id='word_1_866' title='bbox 1197 1824 1346 1851; x_wconf 87' lang='lat' dir='ltr'>studiosius</span> <span class='ocrx_word' id='word_1_867' title='bbox 1358 1825 1480 1860; x_wconf 85' lang='lat' dir='ltr'>plerique</span> <span class='ocrx_word' id='word_1_868' title='bbox 1492 1825 1608 1856; x_wconf 84' lang='lat' dir='ltr'>laudant,</span> <span class='ocrx_word' id='word_1_869' title='bbox 1617 1826 1689 1861; x_wconf 88' lang='lat' dir='ltr'>quod</span> <span class='ocrx_word' id='word_1_870' title='bbox 1700 1827 1801 1852; x_wconf 90' lang='lat' dir='ltr'>summi</span> <span class='ocrx_word' id='word_1_871' title='bbox 1811 1835 1861 1853; x_wconf 86' lang='lat' dir='ltr'>cu-</span> 
     </span>
     <span class='ocr_line' id='line_1_121' title="bbox 1063 1861 1858 1898; baseline 0.004 -12"><span class='ocrx_word' id='word_1_872' title='bbox 1063 1861 1161 1895; x_wconf 89' lang='lat' dir='ltr'>iusque</span> <span class='ocrx_word' id='word_1_873' title='bbox 1185 1861 1290 1888; x_wconf 88' lang='lat' dir='ltr'>bonitas</span> <span class='ocrx_word' id='word_1_874' title='bbox 1314 1871 1456 1888; x_wconf 88' lang='lat' dir='ltr'>commune</span> <span class='ocrx_word' id='word_1_875' title='bbox 1481 1863 1636 1898; x_wconf 80' lang='lat' dir='ltr'>perfugium</span> <span class='ocrx_word' id='word_1_876' title='bbox 1661 1868 1701 1889; x_wconf 86' lang='lat' dir='ltr'>est</span> <span class='ocrx_word' id='word_1_877' title='bbox 1724 1865 1858 1890; x_wconf 90' lang='lat' dir='ltr'>omnium.</span> 
     </span>
     <span class='ocr_line' id='line_1_122' title="bbox 1063 1898 1860 1935; baseline 0.005 -12"><span class='ocrx_word' id='word_1_878' title='bbox 1063 1898 1152 1924; x_wconf 83' lang='lat' dir='ltr'>Danda</span> <span class='ocrx_word' id='word_1_879' title='bbox 1167 1899 1251 1934; x_wconf 91' lang='lat' dir='ltr'>igitur</span> <span class='ocrx_word' id='word_1_880' title='bbox 1261 1907 1340 1934; x_wconf 87' lang='lat' dir='ltr'>opera</span> <span class='ocrx_word' id='word_1_881' title='bbox 1351 1905 1400 1931; x_wconf 88' lang='lat' dir='ltr'>est,</span> <span class='ocrx_word' id='word_1_882' title='bbox 1409 1900 1622 1926; x_wconf 84' lang='lat' dir='ltr'>utiisbeneficiis</span> <span class='ocrx_word' id='word_1_883' title='bbox 1633 1909 1715 1935; x_wconf 89' lang='lat' dir='ltr'>quam</span> <span class='ocrx_word' id='word_1_884' title='bbox 1728 1900 1860 1935; x_wconf 89' lang='lat' dir='ltr'>plurimos</span> 
     </span>
    </p>
   </div>
   <div class='ocr_carea' id='block_1_26' title="bbox 1041 1934 1860 1973">
    <p class='ocr_par' dir='ltr' id='par_1_27' title="bbox 1041 1934 1860 1973">
     <span class='ocr_line' id='line_1_123' title="bbox 1041 1934 1860 1973; baseline 0.006 -13"><span class='ocrx_word' id='word_1_885' title='bbox 1041 1935 1043 1953; x_wconf 72' lang='grc' dir='ltr'>Γ</span> <span class='ocrx_word' id='word_1_886' title='bbox 1063 1934 1225 1966; x_wconf 75' lang='lat' dir='ltr'>afficiamus,</span> <span class='ocrx_word' id='word_1_887' title='bbox 1243 1945 1358 1971; x_wconf 89' lang='lat' dir='ltr'>quorum</span> <span class='ocrx_word' id='word_1_888' title='bbox 1375 1938 1501 1963; x_wconf 88' lang='lat' dir='ltr'>memoria</span> <span class='ocrx_word' id='word_1_889' title='bbox 1515 1937 1607 1963; x_wconf 87' lang='lat' dir='ltr'>liberis</span> <span class='ocrx_word' id='word_1_890' title='bbox 1618 1938 1787 1972; x_wconf 87' lang='lat' dir='ltr'>posterisque</span> <span class='ocrx_word' id='word_1_891' title='bbox 1797 1946 1860 1973; x_wconf 83' lang='lat' dir='ltr'>pro-</span> 
     </span>
    </p>
   </div>
   <div class='ocr_carea' id='block_1_27' title="bbox 1034 1807 1045 2658">
    <p class='ocr_par' dir='ltr' id='par_1_28' title="bbox 1034 1807 1045 2658">
     <span class='ocr_line' id='line_1_124' title="bbox 1034 1807 1045 2658; baseline 0 0"><span class='ocrx_word' id='word_1_892' title='bbox 1034 1807 1045 2658; x_wconf 95' lang='lat' dir='ltr'> </span> 
     </span>
    </p>
   </div>
   <div class='ocr_carea' id='block_1_28' title="bbox 1054 1972 1859 2678">
    <p class='ocr_par' dir='ltr' id='par_1_29' title="bbox 1054 1972 1859 2678">
     <span class='ocr_line' id='line_1_125' title="bbox 1063 1972 1858 2009; baseline 0.004 -11"><span class='ocrx_word' id='word_1_893' title='bbox 1063 1972 1153 2003; x_wconf 86' lang='lat' dir='ltr'>datur,</span> <span class='ocrx_word' id='word_1_894' title='bbox 1177 1978 1207 1999; x_wconf 94' lang='lat' dir='ltr'>ut</span> <span class='ocrx_word' id='word_1_895' title='bbox 1221 1974 1255 1999; x_wconf 87' lang='lat' dir='ltr'>iis</span> <span class='ocrx_word' id='word_1_896' title='bbox 1272 1974 1383 2009; x_wconf 85' lang='lat' dir='ltr'>ingratis</span> <span class='ocrx_word' id='word_1_897' title='bbox 1399 1983 1458 2000; x_wconf 89' lang='lat' dir='ltr'>esse</span> <span class='ocrx_word' id='word_1_898' title='bbox 1474 1983 1525 2001; x_wconf 92' lang='lat' dir='ltr'>non</span> <span class='ocrx_word' id='word_1_899' title='bbox 1543 1974 1630 2001; x_wconf 89' lang='lat' dir='ltr'>liceat.</span> <span class='ocrx_word' id='word_1_900' title='bbox 1669 1977 1770 2001; x_wconf 85' lang='lat' dir='ltr'>Omnes</span> <span class='ocrx_word' id='word_1_901' title='bbox 1785 1976 1858 2002; x_wconf 90' lang='lat' dir='ltr'>enim</span> 
     </span>
     <span class='ocr_line' id='line_1_126' title="bbox 1064 2011 1859 2047; baseline 0.004 -12"><span class='ocrx_word' id='word_1_902' title='bbox 1064 2011 1248 2036; x_wconf 80' lang='lat' dir='ltr'>immemorem</span> <span class='ocrx_word' id='word_1_903' title='bbox 1261 2011 1385 2037; x_wconf 79' lang='lat' dir='ltr'>beneficii</span> <span class='ocrx_word' id='word_1_904' title='bbox 1396 2011 1510 2038; x_wconf 89' lang='lat' dir='ltr'>oderunt</span> <span class='ocrx_word' id='word_1_905' title='bbox 1519 2012 1765 2047; x_wconf 88' lang='lat' dir='ltr'>eamqueiniuriam</span> <span class='ocrx_word' id='word_1_906' title='bbox 1773 2013 1800 2038; x_wconf 91' lang='lat' dir='ltr'>in</span> <span class='ocrx_word' id='word_1_907' title='bbox 1810 2012 1859 2038; x_wconf 89' lang='lat' dir='ltr'>de-</span> 
     </span>
     <span class='ocr_line' id='line_1_127' title="bbox 1063 2047 1859 2084; baseline 0.004 -11"><span class='ocrx_word' id='word_1_908' title='bbox 1063 2047 1182 2073; x_wconf 89' lang='lat' dir='ltr'>terrenda</span> <span class='ocrx_word' id='word_1_909' title='bbox 1197 2047 1354 2075; x_wconf 89' lang='lat' dir='ltr'>liberalitate</span> <span class='ocrx_word' id='word_1_910' title='bbox 1365 2049 1419 2075; x_wconf 88' lang='lat' dir='ltr'>sibi</span> <span class='ocrx_word' id='word_1_911' title='bbox 1431 2049 1510 2075; x_wconf 91' lang='lat' dir='ltr'>etiam</span> <span class='ocrx_word' id='word_1_912' title='bbox 1523 2049 1595 2080; x_wconf 80' lang='lat' dir='ltr'>lieri,</span> <span class='ocrx_word' id='word_1_913' title='bbox 1612 2057 1743 2084; x_wconf 87' lang='lat' dir='ltr'>eumque,</span> <span class='ocrx_word' id='word_1_914' title='bbox 1759 2050 1807 2084; x_wconf 87' lang='lat' dir='ltr'>qui</span> <span class='ocrx_word' id='word_1_915' title='bbox 1818 2049 1859 2076; x_wconf 84' lang='lat' dir='ltr'>fa-</span> 
     </span>
     <span class='ocr_line' id='line_1_128' title="bbox 1061 2085 1857 2121; baseline 0.003 -11"><span class='ocrx_word' id='word_1_916' title='bbox 1061 2085 1126 2115; x_wconf 80' lang='lat' dir='ltr'>ciat,</span> <span class='ocrx_word' id='word_1_917' title='bbox 1149 2093 1319 2111; x_wconf 91' lang='lat' dir='ltr'>communem</span> <span class='ocrx_word' id='word_1_918' title='bbox 1337 2085 1440 2112; x_wconf 86' lang='lat' dir='ltr'>hostem</span> <span class='ocrx_word' id='word_1_919' title='bbox 1456 2087 1608 2113; x_wconf 88' lang='lat' dir='ltr'>tenuiorum</span> <span class='ocrx_word' id='word_1_920' title='bbox 1626 2091 1730 2121; x_wconf 86' lang='lat' dir='ltr'>putant.</span> <span class='ocrx_word' id='word_1_921' title='bbox 1770 2087 1857 2121; x_wconf 77' lang='lat' dir='ltr'>Atque</span> 
     </span>
     <span class='ocr_line' id='line_1_129' title="bbox 1062 2121 1857 2158; baseline 0.004 -11"><span class='ocrx_word' id='word_1_922' title='bbox 1062 2121 1127 2147; x_wconf 90' lang='lat' dir='ltr'>haec</span> <span class='ocrx_word' id='word_1_923' title='bbox 1139 2121 1292 2158; x_wconf 84' lang='lat' dir='ltr'>benignitas</span> <span class='ocrx_word' id='word_1_924' title='bbox 1304 2124 1384 2149; x_wconf 86' lang='lat' dir='ltr'>etiam</span> <span class='ocrx_word' id='word_1_925' title='bbox 1398 2123 1563 2158; x_wconf 88' lang='lat' dir='ltr'>reipublicae</span> <span class='ocrx_word' id='word_1_926' title='bbox 1574 2128 1615 2150; x_wconf 87' lang='lat' dir='ltr'>est</span> <span class='ocrx_word' id='word_1_927' title='bbox 1625 2123 1714 2154; x_wconf 88' lang='lat' dir='ltr'>utilis,</span> <span class='ocrx_word' id='word_1_928' title='bbox 1731 2123 1828 2150; x_wconf 86' lang='lat' dir='ltr'>redimi</span> <span class='ocrx_word' id='word_1_929' title='bbox 1842 2131 1857 2150; x_wconf 88' lang='lat' dir='ltr'>e</span> 
     </span>
     <span class='ocr_line' id='line_1_130' title="bbox 1061 2159 1856 2195; baseline 0.003 -11"><span class='ocrx_word' id='word_1_930' title='bbox 1061 2160 1190 2185; x_wconf 88' lang='lat' dir='ltr'>servitute</span> <span class='ocrx_word' id='word_1_931' title='bbox 1201 2165 1306 2194; x_wconf 89' lang='lat' dir='ltr'>captos,</span> <span class='ocrx_word' id='word_1_932' title='bbox 1322 2159 1479 2195; x_wconf 88' lang='lat' dir='ltr'>locupletari</span> <span class='ocrx_word' id='word_1_933' title='bbox 1491 2161 1638 2187; x_wconf 88' lang='lat' dir='ltr'>tenuiores:</span> <span class='ocrx_word' id='word_1_934' title='bbox 1661 2160 1733 2195; x_wconf 88' lang='lat' dir='ltr'>quod</span> <span class='ocrx_word' id='word_1_935' title='bbox 1744 2161 1856 2195; x_wconf 91' lang='lat' dir='ltr'>quidem</span> 
     </span>
     <span class='ocr_line' id='line_1_131' title="bbox 1061 2195 1854 2231; baseline 0.004 -10"><span class='ocrx_word' id='word_1_936' title='bbox 1061 2195 1143 2231; x_wconf 89' lang='lat' dir='ltr'>vulgo</span> <span class='ocrx_word' id='word_1_937' title='bbox 1153 2196 1263 2223; x_wconf 89' lang='lat' dir='ltr'>solitum</span> <span class='ocrx_word' id='word_1_938' title='bbox 1275 2197 1332 2223; x_wconf 81' lang='lat' dir='ltr'>fieri</span> <span class='ocrx_word' id='word_1_939' title='bbox 1343 2197 1377 2223; x_wconf 88' lang='lat' dir='ltr'>ab</span> <span class='ocrx_word' id='word_1_940' title='bbox 1388 2197 1481 2224; x_wconf 90' lang='lat' dir='ltr'>ordine</span> <span class='ocrx_word' id='word_1_941' title='bbox 1493 2202 1591 2228; x_wconf 90' lang='lat' dir='ltr'>nostro,</span> <span class='ocrx_word' id='word_1_942' title='bbox 1605 2199 1632 2224; x_wconf 93' lang='lat' dir='ltr'>in</span> <span class='ocrx_word' id='word_1_943' title='bbox 1643 2199 1761 2224; x_wconf 87' lang='lat' dir='ltr'>oratione</span> <span class='ocrx_word' id='word_1_944' title='bbox 1767 2197 1854 2224; x_wconf 80' lang='lat' dir='ltr'>Crassi</span> 
     </span>
     <span class='ocr_line' id='line_1_132' title="bbox 1060 2234 1854 2271; baseline 0.003 -12"><span class='ocrx_word' id='word_1_945' title='bbox 1060 2234 1190 2268; x_wconf 88' lang='lat' dir='ltr'>scriptum</span> <span class='ocrx_word' id='word_1_946' title='bbox 1202 2234 1309 2268; x_wconf 86' lang='lat' dir='ltr'>copiose</span> <span class='ocrx_word' id='word_1_947' title='bbox 1322 2235 1456 2261; x_wconf 83' lang='lat' dir='ltr'>videmus.</span> <span class='ocrx_word' id='word_1_948' title='bbox 1475 2235 1547 2261; x_wconf 83' lang='lat' dir='ltr'>Hauc</span> <span class='ocrx_word' id='word_1_949' title='bbox 1558 2243 1622 2271; x_wconf 83' lang='lat' dir='ltr'>ergo</span> <span class='ocrx_word' id='word_1_950' title='bbox 1631 2234 1854 2261; x_wconf 87' lang='lat' dir='ltr'>consuetudinem</span> 
     </span>
     <span class='ocr_line' id='line_1_133' title="bbox 1059 2270 1855 2307; baseline 0.003 -11"><span class='ocrx_word' id='word_1_951' title='bbox 1059 2270 1233 2306; x_wconf 86' lang='lat' dir='ltr'>benignitatis</span> <span class='ocrx_word' id='word_1_952' title='bbox 1246 2270 1381 2307; x_wconf 67' lang='lat' dir='ltr'>largn&#39;tioni</span> <span class='ocrx_word' id='word_1_953' title='bbox 1393 2271 1767 2307; x_wconf 86' lang='lat' dir='ltr'>munerumlongeantepono.</span> <span class='ocrx_word' id='word_1_954' title='bbox 1787 2272 1855 2298; x_wconf 83' lang='lat' dir='ltr'>Haec</span> 
     </span>
     <span class='ocr_line' id='line_1_134' title="bbox 1058 2308 1855 2345; baseline 0.001 -12"><span class='ocrx_word' id='word_1_955' title='bbox 1058 2312 1098 2333; x_wconf 89' lang='lat' dir='ltr'>est</span> <span class='ocrx_word' id='word_1_956' title='bbox 1108 2309 1233 2343; x_wconf 89' lang='lat' dir='ltr'>gravium</span> <span class='ocrx_word' id='word_1_957' title='bbox 1247 2308 1385 2335; x_wconf 88' lang='lat' dir='ltr'>hominum</span> <span class='ocrx_word' id='word_1_958' title='bbox 1398 2314 1477 2344; x_wconf 89' lang='lat' dir='ltr'>atque</span> <span class='ocrx_word' id='word_1_959' title='bbox 1490 2318 1657 2345; x_wconf 88' lang='lat' dir='ltr'>magnorum,</span> <span class='ocrx_word' id='word_1_960' title='bbox 1666 2308 1710 2335; x_wconf 88' lang='lat' dir='ltr'>illa</span> <span class='ocrx_word' id='word_1_961' title='bbox 1722 2309 1800 2343; x_wconf 88' lang='lat' dir='ltr'>quasi</span> <span class='ocrx_word' id='word_1_962' title='bbox 1811 2318 1855 2335; x_wconf 87' lang='lat' dir='ltr'>as—</span> 
     </span>
     <span class='ocr_line' id='line_1_135' title="bbox 1058 2345 1854 2380; baseline 0.003 -10"><span class='ocrx_word' id='word_1_963' title='bbox 1058 2349 1220 2371; x_wconf 86' lang='lat' dir='ltr'>sentatorum</span> <span class='ocrx_word' id='word_1_964' title='bbox 1237 2345 1345 2380; x_wconf 89' lang='lat' dir='ltr'>populi,</span> <span class='ocrx_word' id='word_1_965' title='bbox 1367 2346 1551 2372; x_wconf 88' lang='lat' dir='ltr'>multitudinis</span> <span class='ocrx_word' id='word_1_966' title='bbox 1568 2346 1702 2372; x_wconf 86' lang='lat' dir='ltr'>levitatem</span> <span class='ocrx_word' id='word_1_967' title='bbox 1718 2345 1854 2380; x_wconf 82' lang='lat' dir='ltr'>voluptate</span> 
     </span>
     <span class='ocr_line' id='line_1_136' title="bbox 1057 2382 1853 2417; baseline 0.004 -10"><span class='ocrx_word' id='word_1_968' title='bbox 1057 2382 1135 2416; x_wconf 88' lang='lat' dir='ltr'>quasi</span> <span class='ocrx_word' id='word_1_969' title='bbox 1157 2382 1335 2409; x_wconf 86' lang='lat' dir='ltr'>titillantium.</span> <span class='ocrx_word' id='word_1_970' title='bbox 1375 2385 1417 2409; x_wconf 66' lang='lat'>64.</span> <span class='ocrx_word' id='word_1_971' title='bbox 1439 2383 1587 2415; x_wconf 70' lang='lat' dir='ltr'>Conveniet</span> <span class='ocrx_word' id='word_1_972' title='bbox 1601 2388 1702 2413; x_wconf 85' lang='lat' dir='ltr'>autem,</span> <span class='ocrx_word' id='word_1_973' title='bbox 1723 2391 1808 2417; x_wconf 89' lang='lat' dir='ltr'>quum</span> <span class='ocrx_word' id='word_1_974' title='bbox 1825 2384 1853 2410; x_wconf 90' lang='lat' dir='ltr'>in</span> 
     </span>
     <span class='ocr_line' id='line_1_137' title="bbox 1057 2418 1850 2456; baseline 0.003 -12"><span class='ocrx_word' id='word_1_975' title='bbox 1057 2418 1145 2445; x_wconf 90' lang='lat' dir='ltr'>dando</span> <span class='ocrx_word' id='word_1_976' title='bbox 1156 2419 1315 2446; x_wconf 75' lang='lat' dir='ltr'>munificum</span> <span class='ocrx_word' id='word_1_977' title='bbox 1322 2428 1390 2451; x_wconf 72' lang='lat' dir='ltr'>esse,</span> <span class='ocrx_word' id='word_1_978' title='bbox 1399 2425 1455 2446; x_wconf 89' lang='lat' dir='ltr'>tum</span> <span class='ocrx_word' id='word_1_979' title='bbox 1467 2421 1494 2447; x_wconf 94' lang='lat' dir='ltr'>in</span> <span class='ocrx_word' id='word_1_980' title='bbox 1506 2420 1640 2456; x_wconf 82' lang='lat' dir='ltr'>exigendo</span> <span class='ocrx_word' id='word_1_981' title='bbox 1650 2428 1702 2446; x_wconf 89' lang='lat' dir='ltr'>non</span> <span class='ocrx_word' id='word_1_982' title='bbox 1713 2420 1850 2452; x_wconf 80' lang='lat' dir='ltr'>acerbum,</span> 
     </span>
     <span class='ocr_line' id='line_1_138' title="bbox 1057 2456 1853 2491; baseline 0.003 -9"><span class='ocrx_word' id='word_1_983' title='bbox 1057 2456 1084 2482; x_wconf 91' lang='lat' dir='ltr'>in</span> <span class='ocrx_word' id='word_1_984' title='bbox 1095 2457 1223 2491; x_wconf 87' lang='lat' dir='ltr'>omnique</span> <span class='ocrx_word' id='word_1_985' title='bbox 1234 2465 1261 2483; x_wconf 84' lang='lat' dir='ltr'>re</span> <span class='ocrx_word' id='word_1_986' title='bbox 1272 2457 1466 2488; x_wconf 86' lang='lat' dir='ltr'>contrahenda,</span> <span class='ocrx_word' id='word_1_987' title='bbox 1480 2457 1634 2487; x_wconf 85' lang='lat' dir='ltr'>vendendo,</span> <span class='ocrx_word' id='word_1_988' title='bbox 1648 2457 1774 2487; x_wconf 88' lang='lat' dir='ltr'>emendo,</span> <span class='ocrx_word' id='word_1_989' title='bbox 1788 2466 1853 2484; x_wconf 90' lang='lat' dir='ltr'>con-</span> 
     </span>
     <span class='ocr_line' id='line_1_139' title="bbox 1056 2493 1850 2529; baseline 0.003 -10"><span class='ocrx_word' id='word_1_990' title='bbox 1056 2493 1189 2523; x_wconf 86' lang='lat' dir='ltr'>ducendo,</span> <span class='ocrx_word' id='word_1_991' title='bbox 1207 2493 1331 2526; x_wconf 72' lang='lat' dir='ltr'>locando,</span> <span class='ocrx_word' id='word_1_992' title='bbox 1353 2494 1538 2521; x_wconf 88' lang='lat' dir='ltr'>vicinitatibus</span> <span class='ocrx_word' id='word_1_993' title='bbox 1548 2498 1574 2520; x_wconf 87' lang='lat' dir='ltr'>et</span> <span class='ocrx_word' id='word_1_994' title='bbox 1583 2494 1707 2520; x_wconf 82' lang='lat' dir='ltr'>confiniis</span> <span class='ocrx_word' id='word_1_995' title='bbox 1722 2503 1850 2529; x_wconf 78' lang='lat' dir='ltr'>aequum,</span> 
     </span>
     <span class='ocr_line' id='line_1_140' title="bbox 1056 2529 1851 2562; baseline 0.001 -6"><span class='ocrx_word' id='word_1_996' title='bbox 1056 2529 1162 2557; x_wconf 87' lang='lat' dir='ltr'>facilem</span> <span class='ocrx_word' id='word_1_997' title='bbox 1170 2552 1176 2562; x_wconf 91' lang='lat'>,</span> <span class='ocrx_word' id='word_1_998' title='bbox 1191 2531 1274 2558; x_wconf 91' lang='lat' dir='ltr'>multa</span> <span class='ocrx_word' id='word_1_999' title='bbox 1284 2531 1378 2558; x_wconf 88' lang='lat' dir='ltr'>multis</span> <span class='ocrx_word' id='word_1_1000' title='bbox 1389 2531 1422 2558; x_wconf 90' lang='lat' dir='ltr'>de</span> <span class='ocrx_word' id='word_1_1001' title='bbox 1433 2540 1482 2558; x_wconf 88' lang='lat' dir='ltr'>suo</span> <span class='ocrx_word' id='word_1_1002' title='bbox 1493 2531 1551 2557; x_wconf 90' lang='lat' dir='ltr'>iure</span> <span class='ocrx_word' id='word_1_1003' title='bbox 1562 2531 1714 2562; x_wconf 86' lang='lat' dir='ltr'>cedentem,</span> <span class='ocrx_word' id='word_1_1004' title='bbox 1731 2540 1745 2557; x_wconf 92' lang='lat' dir='ltr'>a</span> <span class='ocrx_word' id='word_1_1005' title='bbox 1758 2531 1851 2558; x_wconf 87' lang='lat' dir='ltr'>litibus</span> 
     </span>
     <span class='ocr_line' id='line_1_141' title="bbox 1055 2567 1849 2603; baseline 0.003 -10"><span class='ocrx_word' id='word_1_1006' title='bbox 1055 2576 1132 2599; x_wconf 79' lang='lat' dir='ltr'>vero,</span> <span class='ocrx_word' id='word_1_1007' title='bbox 1145 2573 1277 2603; x_wconf 89' lang='lat' dir='ltr'>quantum</span> <span class='ocrx_word' id='word_1_1008' title='bbox 1289 2568 1380 2600; x_wconf 79' lang='lat' dir='ltr'>liceat,</span> <span class='ocrx_word' id='word_1_1009' title='bbox 1403 2573 1428 2595; x_wconf 89' lang='lat' dir='ltr'>et</span> <span class='ocrx_word' id='word_1_1010' title='bbox 1438 2569 1528 2595; x_wconf 88' lang='lat' dir='ltr'>nescio</span> <span class='ocrx_word' id='word_1_1011' title='bbox 1538 2577 1571 2594; x_wconf 88' lang='lat' dir='ltr'>an</span> <span class='ocrx_word' id='word_1_1012' title='bbox 1583 2567 1673 2602; x_wconf 91' lang='lat' dir='ltr'>paullo</span> <span class='ocrx_word' id='word_1_1013' title='bbox 1684 2568 1746 2603; x_wconf 91' lang='lat' dir='ltr'>plus</span> <span class='ocrx_word' id='word_1_1014' title='bbox 1758 2570 1849 2601; x_wconf 85' lang='lat' dir='ltr'>etiam,</span> 
     </span>
     <span class='ocr_line' id='line_1_142' title="bbox 1055 2604 1851 2639; baseline 0.003 -9"><span class='ocrx_word' id='word_1_1015' title='bbox 1055 2613 1137 2639; x_wconf 89' lang='lat' dir='ltr'>quarn</span> <span class='ocrx_word' id='word_1_1016' title='bbox 1149 2604 1235 2636; x_wconf 85' lang='lat' dir='ltr'>liceat,</span> <span class='ocrx_word' id='word_1_1017' title='bbox 1248 2606 1445 2632; x_wconf 87' lang='lat' dir='ltr'>abhorrentem.</span> <span class='ocrx_word' id='word_1_1018' title='bbox 1486 2605 1532 2631; x_wconf 87' lang='lat' dir='ltr'>Est</span> <span class='ocrx_word' id='word_1_1019' title='bbox 1543 2606 1616 2631; x_wconf 87' lang='lat' dir='ltr'>enim</span> <span class='ocrx_word' id='word_1_1020' title='bbox 1628 2614 1679 2631; x_wconf 89' lang='lat' dir='ltr'>non</span> <span class='ocrx_word' id='word_1_1021' title='bbox 1691 2605 1770 2632; x_wconf 89' lang='lat' dir='ltr'>modo</span> <span class='ocrx_word' id='word_1_1022' title='bbox 1782 2605 1851 2632; x_wconf 86' lang='lat' dir='ltr'>libe-</span> 
     </span>
     <span class='ocr_line' id='line_1_143' title="bbox 1054 2641 1851 2678; baseline 0.001 -10"><span class='ocrx_word' id='word_1_1023' title='bbox 1054 2641 1119 2674; x_wconf 86' lang='lat' dir='ltr'>rale,</span> <span class='ocrx_word' id='word_1_1024' title='bbox 1132 2642 1256 2678; x_wconf 90' lang='lat' dir='ltr'>paullum</span> <span class='ocrx_word' id='word_1_1025' title='bbox 1268 2651 1471 2678; x_wconf 88' lang='lat' dir='ltr'>nonnumquam</span> <span class='ocrx_word' id='word_1_1026' title='bbox 1481 2642 1515 2669; x_wconf 90' lang='lat' dir='ltr'>de</span> <span class='ocrx_word' id='word_1_1027' title='bbox 1525 2650 1575 2669; x_wconf 91' lang='lat' dir='ltr'>suo</span> <span class='ocrx_word' id='word_1_1028' title='bbox 1586 2642 1644 2669; x_wconf 88' lang='lat' dir='ltr'>iure</span> <span class='ocrx_word' id='word_1_1029' title='bbox 1654 2642 1793 2675; x_wconf 84' lang='lat' dir='ltr'>decedere,</span> <span class='ocrx_word' id='word_1_1030' title='bbox 1801 2642 1851 2670; x_wconf 87' lang='lat' dir='ltr'>sed</span> 
     </span>
    </p>
   </div>
  </div>
 </body>
</html>
