1941 3052
474 143 524 169 DE
555 142 860 169 DIVINATIONE
892 143 971 168 LIB.
1005 143 1023 168 l.

81 215 132 243 Sed
143 215 209 250 quid
221 214 327 241 vetera?
346 215 381 240 M.
394 214 489 241 Crasso
500 214 567 249 quid
579 214 718 244 acciderit.
736 213 870 243 videmus,

80 254 199 280 dirarum
210 252 413 279 obnuntiatione
424 251 554 287 neglecta.
588 252 616 278 In
628 260 681 286 quo
693 251 805 285 Appius,
819 250 874 277 col-

82 291 223 326 legamus,
238 290 325 316 bonus
336 298 432 324 augur,
448 294 477 315 ut
489 294 557 315 exte
568 289 661 315 audire
673 288 754 318 soleo,
769 297 820 314 non
831 296 874 313 sa—

80 328 115 355 tis
130 327 246 354 scienter
259 328 348 353 virum
365 327 466 353 bonum
482 331 507 352 et
521 327 609 352 civem
625 326 765 361 egregium
780 334 874 351 censor
894 337 895 343 =

80 365 109 392 C.
122 364 229 391 Ateium
242 365 354 394 notavit,
368 364 441 399 quod
452 364 610 390 ementitum
622 364 742 397 auspicia
753 362 875 388 subscri-

80 403 172 437 pserit.
213 402 289 428 Esto:
306 401 386 428 suerit
398 402 447 427 hoc
458 402 585 431 censoris,
601 402 623 427 si
637 400 773 427 iudicabat
783 408 875 426 emen-

80 440 168 466 titum.
209 439 242 465 At
257 439 325 465 illud
341 439 452 465 minime
464 439 588 473 auguris,
607 438 679 473 quod
691 438 827 471 ascripsit,
840 436 874 463 ob

79 485 139 503 eam
152 485 276 503 caussam
293 476 424 518 populum
436 477 584 502 Romanum
599 475 775 501 calamitatem
788 475 875 500 maxi-

79 522 152 540 mam
172 515 287 549 cepisse
327 514 355 540 Si
375 514 447 540 enim
464 522 493 539 ea
513 521 607 539 caussa
629 512 787 539 calamitatis
808 511 872 537 fuit:

79 561 132 578 non
145 552 172 577 in
184 559 214 578 eo
228 556 268 578 est
282 550 374 585 culpa,
395 552 443 593 qui
458 551 642 581 obnuntiavit,
660 549 707 576 sed
724 550 750 575 in
766 557 809 579 eo,
827 548 875 583 qui

80 598 132 616 non
144 590 242 623 paruit.
282 589 378 615 Veram
390 589 462 614 enim
478 587 562 613 fuisse
577 587 822 616 obnuntiationem,
847 590 875 611 ut

79 627 116 653 ait
128 626 199 652 idem
210 635 297 661 augur
308 630 333 652 et
345 634 452 656 censor,
468 625 557 651 exitus
572 624 743 659 approbavit:
766 631 835 658 quae
851 623 875 648 si

79 663 146 690 falsa
158 663 263 694 fuisset,
272 663 374 689 nullam
386 646 477 689 afferre
489 662 620 696 potuisset
630 669 752 688 caussam
764 660 876 686 calami-

79 702 151 728 tatis.
184 701 291 728 Etenim
302 700 389 731 dirae,
408 700 478 726 sicut
491 704 576 726 cetera
588 699 720 734 auspicia,
734 702 764 723 ut
773 698 872 727 omina,

80 743 109 765 ut
120 740 210 774 signa,
224 747 276 764 non
288 746 397 764 caussas
408 737 533 767 afferunt
550 745 598 763 cur
609 736 675 771 quid
690 736 809 765 eveniat,
827 734 874 760 sed

79 776 203 802 1133113111
223 780 348 806 ventura,
374 775 427 801 nisi
448 773 608 808 provideris.
650 775 692 799 3.0
714 772 771 798 Non
792 772 876 807 igitur

79 813 322 840 obnuntiatioAteii
333 820 456 838 caussam
468 811 545 837 finxit
555 810 724 841 calamitatis
737 809 784 836 sed
796 810 874 844 signo

78 851 182 877 obiecto
194 851 297 877 monuit
307 850 446 879 Crassum,
464 848 531 883 quid
546 852 706 874 eventurum
720 851 803 877 esset,
822 847 874 872 nisi

78 888 204 914 cavisset
245 888 281 913 lta
293 891 338 913 aut
349 886 394 912 illa
405 886 573 912 obnuntiatio
585 885 652 911 1111111
665 885 763 911 valuit:
784 889 829 910 aut
840 884 872 913 si,

80 930 108 951 ut
119 925 223 959 Appius
235 924 344 954 iudicat
359 923 455 953 valuit,
470 923 497 949 id
509 922 606 952 valuit,
621 927 649 948 ut
660 926 799 964 peccatum
812 921 874 946 hae-

79 967 147 989 reret
158 971 210 988 non
223 962 250 988 in
260 970 304 992 00,
321 962 368 996 qui
380 961 526 991 monuerit,
543 960 609 986 sed
603 969 630 986 m
641 968 685 990 eo,
704 960 814 994 quinon
826 958 875 984 ob-

79 999 242 1042 temperarit.
268 999 351 1025 XVII.
367 997 456 1030 Quid?
470 981 613 1024 11131151510
626 1002 722 1027 vester,
736 996 808 1031 quod
820 995 874 1022 013-

78 1038 217 1063 115511113111
230 1041 270 1063 051
280 1037 386 1071 insigne
398 1040 555 1071 auguratus,
569 1035 640 1061 unde
654 1035 730 1061 vobis
741 1033 875 1060 051113111-

79 1073 139 1101 tus‘?
158 1075 261 1109 Nempe
272 1082 303 1100 eo
314 1072 446 1100 Romulus
458 1073 581 1108 regiones
592 1072 691 1099 direxit
702 1077 773 1104 tum,
789 1080 874 1107 quum
896 1078 897 1094 ι

79 1112 177 1138 Urbem
189 1111 318 1138 condidit.
359 1110 411 1143 031
427 1110 538 1145 quidem
551 1110 657 1137 Romuli
674 1110 771 1141 111335,
792 1109 819 1136 111
835 1113 876 1135 est

78 1150 222 1176 incurvum
233 1154 259 1175 et
270 1149 364 1175 leviter
375 1156 388 1173 a
400 1156 507 1174 summo
518 1147 648 1174 inflexum
655 1147 793 1178 bacillum,
802 1146 875 1181 quod
896 1158 898 1167 r

78 1187 111 1213 ab
127 1188 186 1213 eius
203 1186 277 1216 litui,
295 1194 348 1221 quo
363 1186 481 1216 canitur,
499 1185 679 1212 similitudine
691 1185 876 1211 1103101113νο-

78 1225 131 1255 nit,
153 1232 239 1259 quum
254 1224 323 1250 situs
337 1228 407 1249 esset
420 1223 446 1249 in
458 1223 532 1249 curia
543 1222 688 1253 Saliorum,
711 1231 780 1257 quae
794 1226 835 1248 est
848 1222 875 1247 in

80 1261 186 1292 Palatio,
195 1270 280 1296 eaque
291 1260 501 1296 deflagravisset,
510 1262 636 1287 inventus
648 1265 688 1286 est
699 1261 810 1295 integer.
832 1261 874 1285 3t.

77 1298 168 1331 Quid?
183 1299 275 1325 multis
291 1299 369 1324 annis
385 1303 444 1332 post
460 1297 617 1328 Romulum,
642 1299 730 1324 Prisco
749 1301 875 1332 regnante

77 1336 239 1371 Tarquinio,
264 1337 326 1371 quis
349 1340 468 1362 veterum
488 1336 649 1370 scriptorum
672 1344 722 1361 non
745 1334 872 1369 loquitur,

77 1382 146 1409 quae
162 1374 198 1399 sit
208 1373 241 1400 ab
252 1373 322 1400 Attio
334 1373 418 1399 Navio
429 1381 476 1407 per
487 1372 585 1399 lituum
597 1373 737 1408 regionum
750 1371 816 1398 facta
828 1371 875 1397 de-

77 1410 206 1446 5011011οῩ
226 1410 278 1443 031
294 1419 379 1453 quum
395 1415 503 1445 propter
523 1415 707 1452 paupertatem
727 1418 790 1435 sues
810 1417 876 1443 puer

77 1453 207 1484 pasceret,
221 1457 273 1474 una
285 1456 320 1474 ex
330 1448 364 1474 iis
374 1448 482 1478 amissa,
493 1449 600 1473 vovisse
611 1447 751 1478 dicitur,si
764 1454 876 1481 recupe-

77 1486 200 1516 ravisset,
215 1494 294 1512 uvam
306 1494 334 1511 se
345 1485 396 1511 deo
406 1484 541 1515 daturum,
558 1493 627 1520 quae
639 1486 755 1511 maxima
766 1489 837 1510 esset
848 1484 874 1509 in

79 1525 170 1550 vinea:
190 1523 280 1557 itaque
295 1531 344 1548 sue
359 1527 480 1553 inventa,
503 1522 536 1548 ad
552 1522 693 1548 meridiem
709 1526 832 1556 spectans
847 1521 874 1546 in

78 1561 156 1587 vinea
168 1560 256 1586 media
267 1560 367 1586 dicitur
377 1560 542 1593 constitisse3
559 1568 700 1595 quumque
712 1568 738 1585 m
750 1563 876 1594 quattuor

77 1602 167 1633 partes
180 1598 285 1624 vineam
297 1597 445 1628 divisisset,
460 1601 567 1632 tresque
579 1601 666 1632 partes
678 1605 740 1623 aves
752 1596 875 1623 abdixis—

77 1640 145 1666 sent,
159 1640 252 1670 quarta
264 1639 347 1669 parte,
360 1642 429 1669 quae
440 1639 495 1661 erat
507 1634 610 1669 reliqua
624 1635 652 1660 in
664 1634 771 1669 regione
783 1633 876 1660 distri-

78 1673 155 1703 buta,
172 1672 291 1698 mirabili
303 1671 490 1707 magnitudine
501 1680 596 1703 uvam,
615 1676 644 1698 ut
655 1672 786 1706 scriptum
799 1670 876 1697 vide-

78 1718 153 1741 mus,
167 1710 281 1736 invenit.
321 1708 378 1742 Qua
391 1717 418 1735 re
429 1708 575 1739 celebrata,
588 1717 674 1744 quum
687 1709 770 1735 vicini
781 1717 875 1735 omnes

77 1747 110 1774 ad
122 1755 184 1773 eum
196 1746 229 1774 de
241 1747 322 1773 rebus
332 1747 390 1773 suis
402 1746 539 1777 referrent,
553 1751 608 1773 erat
620 1747 646 1772 in
659 1755 756 1781 magno
767 1746 875 1772 nomine

77 1789 103 1812 et
116 1784 211 1821 gloria.
252 1786 293 1811 32.
315 1784 356 1811 Ex
370 1792 424 1819 quo
440 1783 540 1811 factum
555 1788 608 1815 051,
631 1789 660 1810 ut
670 1792 731 1810 eum
744 1783 776 1810 ad
788 1792 817 1809 50
829 1792 876 1810 rex

76 1822 185 1849 Priscus
201 1826 356 1848 arcesseret.
396 1821 481 1848 Cuius
496 1830 582 1857 quum
603 1826 716 1848 tentaret
735 1821 875 1847 scientiam

78 1863 235 1895 auguratus,
248 1859 318 1886 dixit
328 1859 361 1889 ei,
378 1860 494 1894 cogitare
505 1867 534 1885 se
544 1858 689 1894 quiddam;
713 1858 740 1885 id
752 1863 875 1893 possetne

79 1896 150 1928 fieri,
163 1895 310 1923 consuluit.
350 1895 410 1926 Ille,
424 1897 537 1932 augurio
548 1901 618 1927 acto,
637 1904 714 1931 posse
726 1896 873 1931 respondit.

78 1933 243 1968 Tarquinius
259 1938 347 1960 autem
363 1933 446 1964 dixit,
467 1941 496 1959 se
507 1934 638 1968 cogitasse
649 1938 733 1960 cotem
746 1933 875 1960 novacula

78 1979 157 2007 posse
169 1970 298 2006 praecidi.
339 1970 407 1996 Tum
425 1971 525 1996 Attium
543 1971 656 1997 iussisse
671 1971 799 2005 experiri.
840 1972 875 1997 Ita

78 2013 173 2040 cotem,
188 2009 214 2034 in
226 2008 366 2034 comitium
378 2007 494 2038 allatam,
504 2008 669 2042 inspectante
681 2012 707 2034 et
718 2016 779 2043 rege
791 2012 817 2034 01
828 2017 876 2043 po-

79 2045 158 2081 pulo,
177 2045 306 2072 novacula
322 2053 381 2071 esse
397 2045 550 2071 discissam.
592 2045 632 2071 Ex
645 2052 676 2071 eo
687 2046 789 2075 evenit,
811 2050 840 2072 ut
851 2050 876 2071 01

78 2083 243 2118 Tarquinius
255 2091 356 2118 augure
367 2082 438 2109 Attio
445 2083 529 2109 Navio
540 2086 667 2113 uteretur,
681 2087 706 2109 et
717 2081 833 2117 populus
843 2082 876 2108 de

79 2121 137 2148 suis
153 2120 234 2147 rebus
250 2119 283 2146 ad
299 2128 361 2146 eum
377 2119 495 2146 referret.
535 2121 576 2146 33.
598 2120 688 2146 Cotem
701 2124 789 2146 autem
802 2119 875 2146 1113111

79 2163 104 2185 01
119 2157 277 2184 novaculam
293 2157 427 2183 defossam
444 2158 471 2184 in
487 2157 595 2184 comitio
610 2165 746 2192 supraque
764 2158 877 2192 imposi—

79 2200 136 2222 tum
148 2194 237 2231 puteal
249 2195 413 2229 accepimus.
454 2195 590 2230 Negemus
604 2195 710 2221 onmia:
733 2194 876 2221 combura-

79 2241 140 2260 mus
151 2232 274 2264 annales;
299 2232 357 2258 fieta
371 2232 435 2258 113οο
446 2240 505 2258 0550
516 2232 653 2258 dieamus:
676 2232 787 2267 quidvis
798 2232 876 2258 ‹leni-

78 2279 132 2306 que
143 2270 241 2305 potiuS,
255 2278 336 2305 quam
349 2269 413 2296 deos
425 2278 467 2296 res
479 2269 610 2296 humanas
621 2278 724 2299 curare,
734 2269 874 2296 fateamur.

79 2307 169 2340 Quid?
179 2307 251 2342 quod
263 2307 394 2341 scriptum
406 2306 478 2341 apud
491 2311 515 2333 te
526 2311 566 2333 est
577 2307 656 2333 doTi.
670 2307 800 2338 Graccho,
809 2316 876 2333 11011-

79 2353 112 2371 30
122 2349 148 2372 01
158 2353 292 2381 3113313111
305 2349 330 2370 01
343 2344 516 2379 haruspicum
523 2343 876 2379 coniprobatdisciplinam‘?

78 2382 145 2415 Qui,
167 2390 253 2417 quum
268 2381 470 2408 tabernaculum
488 2382 553 2408 vitio
568 2382 685 2416 cepisset
706 2382 873 2416 imprudens.

78 2419 151 2455 quod
163 2420 331 2454 inauspicato
346 2420 514 2454 pomoerium
531 2423 714 2454 transgressus
729 2424 813 2449 esset,
831 2428 876 2445 co-

78 2457 154 2483 mitia
165 2456 324 2483 consulibus
337 2456 463 2492 rogandis
475 2456 580 2482 habuit.
621 2457 686 2482 Nota
699 2465 739 2482 res
755 2461 808 2487 est,
826 2461 875 2482 eta

78 2499 104 2520 te
120 2494 178 2529 ipso
195 2494 318 2521 mandata
335 2494 526 2520 monumentis.
567 2493 620 2519 Sed
632 2494 725 2528 etipse
737 2502 824 2529 augur
833 2494 873 2520 Ti.

79 2530 217 2558 Gracchus
228 2532 411 2566 auspiciorum
423 2531 605 2557 auctoritatem
617 2529 785 2557 confessione
796 2531 874 2557 errati
897 2529 898 2532 ’

78 2568 122 2594 5111
137 2568 335 2611 comprobavit:
355 2573 381 2595 et
402 2569 576 2603 haruspicum
597 2567 760 2610 disciplinae
779 2576 874 2603 magna

79 2605 193 2632 accessit
208 2607 361 2637 auctoritas,
378 2607 440 2641 qui,
458 2605 611 2632 recentibus
622 2605 740 2631 comitiis
754 2605 780 2631 in
796 2614 875 2631 sena-

79 2648 136 2670 tum
147 2642 305 2706 instroducti,
323 2648 489 2680 negaverunt
504 2643 605 2670 iustum
616 2643 786 2670 comitiorum
799 2651 874 2680 roga-

78 2685 162 2707 torem
186 2688 258 2706 uisse

1055 142 1145 169 CAP.
1181 145 1327 169 43—19.
1655 146 1713 170 llil

981 214 1073 240 XVIII.
1094 215 1134 240 34.
1157 215 1191 240 115
1203 215 1285 249 igitur
1296 215 1433 245 assentior,
1447 215 1495 249 qui
1505 214 1559 240 duo
1569 222 1667 249 genera
1677 214 1720 240 di-

927 252 1092 277 vinationum
1104 260 1162 277 esse
1175 251 1314 278 dixerunt:
1331 261 1430 282 unum,
1448 252 1519 286 quod
1532 252 1666 286 particeps
1677 260 1720 277 es-

925 294 965 314 set
980 289 1057 320 artis,
1078 288 1204 319 alterum,
1222 289 1294 323 quod
1311 294 1365 315 arte
1381 294 1492 315 careret.
1531 290 1578 315 Est
1593 289 1666 315 enim
1678 297 1720 315 ars

926 327 952 351 in
966 327 1007 356 115,
1021 326 1069 360 qui
1081 334 1162 351 novas
1175 334 1216 351 res
1227 327 1378 352 coniectura
1390 332 1589 361 persequuntur
1598 347 1604 357 ,
1617 331 1722 352 veteres

925 363 1111 389 observatione
1127 363 1289 389 didicerunt.
1330 363 1525 390 Carentautem
1537 368 1591 390 arte
1610 364 1642 394 ii,
1660 364 1718 398 qui,

927 409 977 426 non
985 401 1084 426 ratione
1096 405 1139 426 aut
1150 402 1310 431 coniectura,
1319 401 1468 427 observatis
1480 410 1509 426 ac
1521 401 1617 427 notatis
1624 401 1719 436 signis,

926 437 973 463 sed
985 438 1160 463 concitatione
1171 438 1288 472 quadam
1300 439 1396 468 animi,
1419 443 1463 464 aut
1479 438 1566 464 soluto
1583 438 1721 472 liberoque

927 479 1009 505 motu,
1019 474 1105 500 futura
1112 476 1308 509 praesentiunt:
1325 475 1406 510 (quod
1418 480 1443 501 et
1454 476 1652 501 somniantibus
1663 483 1722 501 sae-

926 521 958 546 pe
970 512 1100 546 contingit
1111 517 1136 538 et
1148 521 1349 547 nonnumquam
1362 513 1573 539 vaticinantibus
1588 522 1635 547 per
1649 512 1723 538 furo-

927 558 995 575 rem:
1001 550 1272 584 )utBacisBoe0tius,
1287 549 1722 585 31Ερ11110111110513105,3151111113

927 587 978 622 Ery
983 587 1080 613 1111313,
1122 586 1205 613 Cuius
1230 588 1337 622 generis
1361 587 1467 613 oracula
1492 589 1572 613 etiam
1598 580 1722 613 habenda

926 629 997 654 suut,
1012 632 1062 649 nou
1075 632 1114 653 03,
1128 633 1196 658 quae
1208 625 1328 659 aequatis
1342 625 1460 650 sortibus
1472 624 1616 654 ducuntur,
1630 624 1677 650 sed
1690 623 1723 649 il-

927 661 963 691 13,
985 670 1053 695 quae
1067 661 1193 687 instinctu
1205 661 1299 687 divino
1310 661 1454 696 afflatuque
1464 662 1624 688 funduntur.
1665 662 1723 687 Etsi

927 699 984 733 ipsa
999 707 1056 724 sors
1067 699 1260 725 contemnenda
1273 708 1324 725 non
1338 704 1390 730 051,
1409 700 1432 725 51
1447 700 1628 725 auctoritatem
1642 699 1723 725 habet

926 737 1075 767 vetustatis,
1090 741 1118 762 ut
1129 745 1174 762 eae
1186 741 1249 762 sunt
1260 741 1352 767 sortes,
1366 745 1434 771 quas
1445 745 1458 762 e
1471 742 1538 763 terra
1550 737 1634 762 editas
1647 745 1723 762 acce-

926 774 1030 807 pimus:
1044 782 1112 807 quae
1125 778 1211 799 tamen
1223 773 1318 799 ductae
1330 778 1358 800 ut
1369 774 1395 800 in
1408 782 1462 799 rem
1475 779 1535 808 apte
1547 773 1650 803 cadant,
1666 773 1723 799 fieri

926 810 1005 836 credo
1016 819 1094 844 posse
1106 810 1248 836 divinitus.
1288 811 1408 842 Quorum
1419 812 1541 837 omnium
1553 811 1720 845 interpretes,

927 852 955 873 ut
965 849 1133 882 grammatici
1145 853 1293 882 poetarum,
1307 849 1428 882 proxime
1440 848 1473 874 ad
1484 857 1586 878 eorum,
1602 857 1670 882 quos
1682 849 1725 873 in-

926 889 1117 919 terpretantur,
1140 885 1334 911 divinationem
1357 885 1484 912 videntur
1503 885 1638 911 accedere.
1680 886 1721 910 35.

926 922 998 954 03110
1011 927 1050 948 051
1062 923 1145 957 igitur
1162 923 1209 948 ista
1225 922 1372 953 calliditas,
1396 931 1437 948 res
1454 927 1584 948 vetustate
1601 922 1724 948 robustas

926 959 1116 986 calumniando
1129 960 1197 985 velle
1212 959 1380 994 pervertere?
1396 961 1453 986 Non
1469 961 1573 994 reperio
1588 968 1722 986 caussam.

928 998 1001 1023 Latet
1013 997 1123 1023 fortasse
1134 997 1297 1023 obscuritate
1310 997 1428 1023 involuta
1441 1002 1559 1023 naturae.
1582 998 1639 1023 Non
1651 997 1724 1023 euim

896 1042 897 1055 1
927 1044 969 1060 1110
989 1034 1057 1060 deus
1078 1035 1128 1060 ista
1143 1035 1225 1065 scire,
1248 1035 1295 1060 sed
1313 1035 1355 1060 1115
1371 1035 1555 1061 13111111111110110
1573 1035 1610 1060 uti
1628 1034 1722 1061 voluit.

928 1073 989 1098 Utar
1006 1072 1101 1107 igitur,
1120 1081 1168 1098 1100
1183 1072 1314 1103 311113031,
1333 1077 1361 1098 111
1377 1081 1448 1098 rear.
1468 1073 1552 1098 autin
1564 1073 1632 1098 extis
1645 1077 1724 1098 totam

896 1110 905 1130 ¹³
928 1110 1061 1136 Etruriam
1076 1109 1203 1140 delirare,
1221 1115 1265 1136 aut
1276 1109 1397 1136 eamdem
1410 1115 1517 1145 gentem
1531 1110 1557 1135 iu
1570 1108 1725 1144 fulguribus

927 1156 1028 1179 errare,
1045 1153 1090 1174 aut
1101 1147 1232 1174 fallaciter
1243 1152 1363 1183 portenta
1375 1148 1556 1181 interpretari,
1575 1155 1660 1181 quum
1673 1152 1725 1172 ter-

928 1195 970 1212 rae
982 1194 1061 1220 saepe
1075 1185 1206 1216 fremitus,
1220 1194 1299 1220 saepe
1311 1185 1441 1221 mugitus,
1451 1193 1530 1220 saepe
1543 1189 1631 1210 motus
1642 1184 1725 1210 multa

928 1229 1032 1249 nostrae
1043 1223 1217 1257 reipublicae,
1227 1223 1310 1249 multa
1322 1223 1417 1249 ceteris
1429 1221 1585 1249 civitatibus
1597 1222 1688 1258 gravia
1701 1227 1726 1247 et

928 1269 989 1286 vera
1006 1260 1198 1295 praedixerint.
1239 1262 1280 1286 36.
1302 1259 1392 1292 Quid'?
1409 1261 1457 1294 qui
1474 1260 1614 1291 irridetur,
1633 1264 1725 1294 partus

928 1298 971 1324 hic
984 1298 1085 1329 mulae,
1100 1306 1200 1328 nonne.
1217 1298 1280 1332 quia
1294 1297 1362 1324 fetus
1374 1298 1477 1324 exstitit
1489 1298 1515 1323 in
1527 1297 1665 1324 sterilitate
1678 1306 1726 1323 na-

927 1340 1010 1366 turae,
1019 1335 1171 1370 praedictus
1183 1340 1222 1361 est
1233 1335 1266 1361 ab
1279 1335 1470 1369 haruspicibus
1484 1334 1652 1361 incredibilis
1665 1343 1725 1369 par—

928 1378 970 1399 tus
992 1372 1141 1399 malorum?
1160 1372 1248 1404 Quid'?
1269 1373 1309 1399 Ti.
1331 1372 1483 1403 Gracchus,
1506 1372 1533 1398 Ρ.
1552 1373 1591 1402 F.,
1613 1373 1661 1407 qui
1683 1372 1725 1397 bis

927 1410 1020 1436 consul
1034 1415 1058 1436 et
1070 1419 1164 1436 censor
1176 1410 1234 1440 fuit,
1245 1410 1371 1444 idemque
1383 1415 1408 1436 et
1419 1418 1544 1435 summus
1555 1418 1642 1444 augur
1653 1410 1726 1435 etvir

927 1448 1034 1482 sapiens
1051 1448 1175 1482 civisque
1190 1453 1342 1482 praestans,
1365 1456 1452 1473 nonne
1470 1447 1508 1482 (ut
1527 1446 1556 1473 C.
1574 1446 1723 1476 Gracchus,

928 1485 1000 1511 filius
1012 1486 1084 1515 eius,
1100 1485 1231 1519 scriptum
1244 1484 1372 1519 reliquit),
1385 1484 1492 1510 duobus
1504 1484 1641 1519 anguibus
1652 1483 1725 1510 domi

926 1522 1144 1557 comprehensis,
1159 1523 1315 1557 haruspices
1327 1521 1502 1548 convocavit?
1522 1522 1573 1553 Qui
1586 1530 1671 1556 quum
1685 1530 1726 1547 re-

927 1560 1108 1594 spondissent,
1122 1560 1145 1585 si
1158 1569 1257 1586 marem
1269 1560 1413 1589 emisisset,
1429 1560 1505 1585 uxori
1518 1559 1594 1585 brevi
1608 1564 1725 1593 tempore

926 1606 985 1623 esse
997 1597 1180 1629 moriendum,
1195 1598 1217 1623 si
1231 1597 1367 1627 seminam,
1382 1597 1448 1631 ipsi:
1465 1597 1579 1631 aequius
1591 1604 1650 1622 esse
1661 1604 1726 1622 cen-

927 1635 994 1665 suit,
1008 1643 1036 1660 se
1049 1639 1179 1661 maturam
1191 1640 1316 1669 oppetere
1329 1639 1453 1663 mortem,
1471 1642 1553 1668 quam
1566 1634 1593 1659 Ρ.
1607 1633 1725 1660 Africani

928 1672 1010 1698 filiam
1026 1672 1232 1698 adolescentem.
1274 1672 1412 1698 Feminam
1429 1671 1532 1697 emisit:
1557 1672 1614 1705 ipse
1632 1671 1726 1705 paucis

927 1714 987 1744 post
997 1709 1095 1735 diebus
1106 1714 1147 1736 est
1157 1714 1287 1736 mortuus.
1329 1709 1402 1735 XIX.
1425 1708 1587 1735 Irrideamus
1600 1708 1726 1742 haruspi-

927 1756 984 1779 ces,
1004 1756 1099 1777 vanos,
1117 1747 1208 1773 futiles
1223 1755 1282 1773 esse
1296 1746 1432 1772 dicamus:
1456 1754 1627 1780 quorumque
1642 1746 1726 1772 disci-

927 1784 1029 1819 plinam
1041 1789 1067 1810 et
1077 1785 1296 1819 sapientissimus
1309 1785 1350 1810 vir
1361 1789 1386 1810 et
1395 1788 1508 1810 eventus
1519 1792 1596 1809 acres
1603 1792 1726 1818 compro—

927 1822 1010 1853 bavit,
1023 1826 1241 1848 contemnamus:
1258 1826 1461 1848 contemnamus
1473 1821 1552 1847 etiam
1565 1820 1726 1856 Babylonios

927 1864 953 1886 et
963 1868 1022 1890 eos,
1044 1860 1092 1894 qui
1109 1868 1122 1885 0
1139 1860 1257 1886 Caucaso
1271 1859 1338 1885 caeli
1352 1860 1429 1894 signa
1446 1863 1584 1885 servantes
1605 1858 1726 1884 numeris

927 1896 1066 1923 stellarum
1084 1905 1180 1923 cursus
1202 1901 1228 1923 et
1242 1902 1330 1923 motus
1342 1896 1351 1909 ‘
1371 1901 1580 1931 persequuntur.
1622 1895 1727 1922 Conde-

927 1943 1066 1965 nmemus,
1085 1935 1210 1969 inquam,
1228 1934 1275 1960 hos
1287 1939 1332 1960 aut
1343 1933 1472 1960 stultitiae
1484 1939 1529 1960 aut
1540 1933 1666 1960 vanitatis
1682 1938 1727 1958 aut

928 1971 1139 2006 imprudentiae,
1156 1972 1204 2007 qui
1216 1980 1280 1997 cccc
1292 1980 1348 1997 ixx
1365 1970 1449 1997 millia
1466 1979 1612 2001 annorum,
1629 1975 1658 1997 ut
1674 1971 1726 2005 ipsi

927 2009 1030 2039 dicunt,
1049 2010 1231 2036 monumentis
1241 2008 1436 2044 comprehensa
1447 2009 1597 2036 continent,
1614 2013 1639 2034 et
1651 2016 1727 2034 meu-

927 2047 971 2072 tiri
984 2046 1150 2077 iudicemus,
1164 2056 1212 2072 nec
1222 2046 1391 2073 saeculorum
1403 2045 1569 2080 reliquorum
1582 2045 1724 2072 iudicium.

927 2083 999 2118 quod
1016 2083 1049 2110 de
1066 2084 1133 2118 ipsis
1150 2083 1270 2110 futurum
1287 2084 1334 2114 sit,
1356 2084 1554 2118 pertimescere.
1595 2084 1636 2109 37.
1659 2083 1723 2117 Ago.

928 2120 1034 2146 barbari
1050 2122 1112 2147 vani
1122 2126 1201 2155 atque
1214 2120 1335 2147 fallaces:
1359 2130 1424 2147 num
1435 2121 1515 2147 etiam
1529 2121 1670 2147 Graiorum
1684 2119 1727 2145 hi-

927 2158 1007 2184 storia
1019 2159 1128 2184 mentita
1140 2158 1198 2184 est‘?
1217 2166 1286 2192 quae
1297 2158 1394 2185 Croeso
1407 2158 1520 2193 Pythius
1532 2157 1639 2192 Apollo,
1654 2161 1681 2182 ut
1693 2155 1725 2182 de

928 2194 1042 2221 naturali
1052 2195 1218 2221 divinatione
1230 2195 1328 2224 dicam,
1341 2203 1409 2229 quae
1422 2195 1642 2223 Atheniensibus.
1656 2201 1725 2228 quae

928 2232 1156 2261 Lacedaemoniis,
1170 2233 1378 2267 quaen-gentis,
1392 2233 1586 2267 quaeArgivis,
1600 2231 1726 2266 quaetio-

928 2270 1036 2296 rinthiis
1049 2269 1225 2304 responderit,
1239 2270 1301 2304 quis
1314 2269 1436 2303 ignorat?
1445 2269 1558 2304 Collegit
1572 2270 1725 2295 innumera-

928 2307 992 2333 bilia
1003 2306 1297 2342 oraculaChrysippus,
1307 2315 1354 2332 uec
1366 2306 1451 2333 ullum
1464 2307 1522 2332 siue
1536 2306 1666 2340 locuplete
1677 2314 1725 2331 1111-

897 2354 898 2369 1
926 2350 997 2370 01010
1009 2349 1088 2379 atque
1101 2349 1179 2375 toste,
1202 2352 1271 2378 quae
1283 2344 1346 2378 quia
1360 2349 1418 2370 nota
1435 2344 1482 2370 tibi
1495 2349 1571 2373 sunt,
1591 2343 1723 2377 relinquo.

928 2381 1047 2408 Defende
1057 2390 1140 2407 unum
1157 2381 1216 2407 hoc.
1258 2381 1411 2415 Numquam
1430 2381 1496 2406 illud
1511 2380 1649 2407 oran-ulum
1665 2379 1724 2406 Del-

928 2419 990 2453 phis
1001 2424 1054 2445 tam
1066 2418 1170 2445 celebre
1183 2423 1272 2445 ettam
1289 2418 1391 2444 clarum
1407 2417 1516 2448 fuisset,
1541 2426 1628 2452 neque
1645 2418 1724 2444 {uritis

927 2457 1005 2482 donis
1017 2455 1144 2482 refertum
1155 2456 1276 2482 onmium
1290 2455 1450 2490 populorum
1462 2460 1541 2489 atque
1554 2463 1657 2490 regum,
1672 2455 1724 2481 nisi

926 2494 1015 2520 omnis
1031 2498 1101 2520 aetas
1117 2493 1286 2519 oraculorum
1306 2493 1412 2519 illorum
1434 2493 1571 2518 veritatem
1587 2497 1657 2518 esset
1677 2501 1724 2518 ex-

928 2536 1010 2565 perta.
1052 2531 1154 2557 Iamdiu
1173 2530 1243 2557 idem
1261 2539 1311 2556 non
1329 2529 1399 2556 facit.
1441 2532 1482 2555 38.
1505 2529 1536 2556 Ut
1553 2530 1634 2564 igitur
1653 2538 1724 2555 1111111·

928 2569 1030 2594 minore
1041 2568 1124 2603 gloria
1136 2573 1189 2598 est,
1207 2568 1270 2602 quia
1286 2568 1376 2593 minus
1387 2566 1555 2593 oraculorum
1568 2568 1665 2593 veritas
1676 2575 1724 2592 ex-

926 2605 1012 2632 cellit:
1034 2607 1074 2632 sic
1090 2611 1161 2635 tum,
1180 2605 1232 2631 nisi
1250 2613 1356 2631 summu
1374 2605 1496 2635 veritate,
1516 2605 1542 2630 13
1559 2609 1628 2631 tanta
1639 2603 1723 2639 gloria

928 2652 979 2669 non
992 2642 1096 2669 fuisset.
1138 2643 1225 2669 Potest
1236 2647 1325 2668 11310111
1337 2642 1378 2668 vis
1391 2641 1435 2668 1113
1447 2647 1529 2668 terrae
1538 2662 1544 2673 ,
1566 2650 1636 2676 quae
1648 2650 1723 2668 31011-

896 2683 906 2706 11
928 2685 980 2706 10111
993 2680 1102 2716 Pythiae
1114 2680 1208 2708 divino
1219 2679 1307 2706 afflatu
1319 2679 1477 2710 concitabat,
1491 2680 1635 2706 evanuisse
1647 2684 1724 2706 vetu-
