1941 3052
727 146 1057 173 FRAGMENTA.

118 219 160 244 20.
183 216 246 252 (24.)
265 230 302 235 -
314 215 357 242 his
368 217 518 242 contrarius
531 216 618 243 Aristo
629 215 727 248 Chius,
746 216 864 252 praefra-

63 259 132 286 ctus,
147 254 259 285 ferreus,
272 252 341 279 nihil
354 253 464 284 bonum,
479 254 532 280 nisi
543 254 616 289 quod
631 259 733 281 rectum
744 259 770 281 et
781 255 864 281 hone-

64 297 136 320 stum
148 297 187 318 est
198 308 244 318 —.

118 331 160 357 21.
182 329 245 364 (69.)
260 336 425 359 Vide—quidin
432 336 545 354 Hortensio
556 337 640 360 dialogo
650 337 706 356 dicat
715 339 803 360 Tullius.
810 343 863 362 quae

64 367 131 390 magis
145 367 210 385 verba
223 368 245 385 te
258 366 363 384 delectare
376 365 502 386 debuerant,
518 371 580 389 qnam
591 367 651 385 Balbi
662 367 779 386 Stoicorum
793 371 864 391 partes

64 392 153 415 agentis.
181 391 240 415 Quae
250 391 300 409 licet
309 395 369 411 vera.
381 393 451 409 tamen
462 391 487 408 de
497 394 556 414 parte
567 392 658 410 hominis
669 393 766 411 inferiore
778 394 798 411 h.
809 399 827 411 e.
839 394 863 412 de

64 423 151 441 corpore
161 418 247 436 fuerunt
257 420 278 435 et
287 420 307 435 te
317 416 370 434 nihil
383 416 484 434 adiuvare
496 419 617 439 potueruut.
645 417 704 439 Vide,
716 419 766 441 quid
777 419 815 436 iste
825 424 862 441 pro

64 451 177 469 vivacitate
192 451 268 469 mentis
287 452 359 468 contra
374 450 505 473 voluptatem
520 451 613 473 corporis
628 451 690 470 dicat.
727 444 768 470 An
789 453 861 475 Vero,

64 489 139 512 inquit,
164 480 316 514 voluptates
336 480 456 514 corporis
471 479 650 514 expetendae,
676 489 745 515 quae
760 490 821 507 vere
839 487 864 508 et

63 519 182 554 graviter
202 527 216 544 a
231 517 339 543 Platone
360 516 447 543 dictae
468 522 532 543 sunt
552 517 693 544 illecebrae
709 527 768 545 esse
784 524 863 553 atque

63 564 140 582 escae
151 554 301 581 malorum?
320 554 394 586 Quae
405 555 478 580 enim
490 554 621 580 confectio
633 560 685 585 est,
703 562 776 586 inquit.
790 556 864 582 vale—

63 593 178 623 tudinis,
191 601 261 627 quae
271 591 430 618 deformatio
441 591 538 618 coloris
550 596 575 618 et
586 593 714 626 corporis,
723 593 796 627 quod
807 598 864 619 tur-

62 639 96 666 pe
107 630 251 660 damnum,
265 629 337 664 quod
348 629 480 659 dedecus,
499 629 571 664 quod
584 638 635 655 non
648 635 773 656 evocetur
784 635 863 665 atque

63 667 187 694 eliciatur
202 666 357 701 voluptate?
376 667 455 692 cuius
471 671 560 693 motus
576 672 605 693 ut
618 668 735 702 quisque
752 672 792 694 est
806 676 864 694 ma-

63 706 164 735 ximus,
178 706 213 731 ita
225 709 265 730 est
276 704 485 730 inimicissimus
496 704 694 739 philosophiae.
710 704 864 740 Congruere

63 743 136 769 enim
148 750 209 768 cum
221 742 381 777 cogitatione
393 750 489 777 magna
502 741 751 776 voluptascorporis
758 751 809 768 non
816 751 865 777 po-

63 784 123 806 test.
163 779 230 812 Quis
241 780 324 810 enim,
340 787 426 814 quum
439 783 528 805 utatur
539 778 674 813 voluptate
686 788 725 810 ea,
739 788 792 814 qua
803 779 865 806 nul-

64 817 87 844 la
98 818 184 852 possit
196 818 280 843 maior
291 825 358 846 esse,
373 816 508 843 attendere
518 817 649 847 animum,
659 817 726 843 inire
738 818 862 847 rationes,

63 855 179 890 cogitare
191 855 301 880 omnino
311 854 462 889 quidquam
476 853 578 888 potest‘?
596 854 662 886 Quis
674 859 763 880 autem
775 859 865 881 tantus

63 897 103 918 est
114 901 224 928 gurges,
236 892 285 926 qui
296 891 355 918 dies
367 896 393 918 et
403 896 493 918 noctes
505 892 563 917 sine
576 890 630 917 ulla
643 892 749 918 minimi
761 896 865 926 tempo-

63 931 100 956 ris
112 930 312 956 intermissione
324 929 389 955 velit
400 929 435 955 ita
447 930 549 955 moveri
560 937 624 955 suos
638 937 749 959 sensus,
768 934 797 955 ut
808 938 866 955 mo-

285 298 348 320 (Non.
359 303 379 316 V.
390 298 535 317 Praefractam
544 304 565 322 p.
576 300 629 321 155.)

64 972 160 993 ventur
180 967 208 993 in
227 967 344 992 summis
364 965 569 1001 voluptatibus?
597 966 664 998 Quis
685 972 774 993 autem
795 967 864 993 bona

63 1009 152 1031 mente
163 1003 301 1039 praeditus
314 1013 366 1030 non
378 1003 469 1030 mallet
480 1003 569 1030 nullas
579 1005 689 1030 omnino
701 1004 779 1030 nobis
791 1012 805 1030 a
818 1013 865 1030 na-

63 1047 121 1068 tura
134 1041 285 1076 voluptates
296 1040 389 1067 dataS‘?
428 1049 551 1071 (Angustia.
563 1051 636 1067 eontra
645 1049 721 1068 Iulian.
732 1050 839 1073 Pelagian.
851 1049 864 1068 l.

64 1078 100 1097 1v.
110 1084 129 1097 c.
139 1079 239 1097 14.Tom.
250 1078 296 1097 VII.
305 1084 326 1102 p.
338 1079 394 1097 1054.
408 1078 468 1097 Toni.
483 1078 509 1096 Χ.
523 1084 544 1102 p.
558 1079 602 1097 619.
616 1078 696 1097 Bened.
711 1079 758 1098 Par.
773 1079 826 1097 Non.
845 1084 864 1097 ν.

64 1104 173 1123 Confieere
186 1110 206 1128 p.
221 1104 275 1125 269.)

119 1131 161 1157 22.
183 1129 246 1165 (20.)
266 1130 358 1164 Itaque
370 1133 433 1156 tunc
444 1129 586 1155 Democriti
599 1138 695 1155 manus
707 1129 864 1165 urgebatur.

62 1167 111 1194 Est
120 1168 194 1194 enim
204 1176 257 1194 non
269 1175 377 1202 magna.
417 1174 479 1197 (Non.
492 1179 510 1192 v.
521 1174 601 1197 urgere
610 1180 631 1198 p.
641 1175 695 1197 418.)

332 1229 353 1257 L
374 1229 386 1258 1
407 1229 429 1257 B
450 1229 474 1258 E
495 1229 519 1257 R
561 1229 596 1257 ΙΙ.

117 1283 361 1311 PHILOSOPHIAE
382 1283 552 1310 DEFENSIO
572 1284 615 1310 ET
636 1283 814 1310 LAUDATIO.

118 1340 161 1366 23.
183 1338 229 1374 (2.)
249 1337 327 1371 Quod
342 1346 428 1373 quum
444 1343 557 1373 uterque
574 1342 694 1364 nostrum
715 1338 863 1369 annuisset,

63 1384 211 1412 omnesque
227 1376 260 1402 ad
276 1375 303 1402 id
319 1380 440 1410 tempus,
463 1375 537 1410 qnod
553 1380 608 1402 erat
623 1375 740 1406 dictum,
760 1380 866 1410 postero

62 1413 106 1441 die
118 1415 289 1440 venissemus
303 1428 350 1440 —.
390 1420 480 1443 (Nonius
490 1426 510 1439 v.
520 1420 620 1439 Annuere
631 1426 650 1444 p.
661 1421 715 1443 438.)

119 1452 162 1478 24.
184 1450 246 1486 (86.)
267 1450 341 1483 Quae
357 1450 435 1477 nobis
450 1450 509 1476 dies
529 1455 675 1485 noctesque
692 1449 867 1477 consideran-

63 1489 151 1520 tibus,
169 1488 384 1523 acuentibusque
397 1487 618 1524 intelligentiam,
636 1496 705 1523 quae
717 1492 757 1514 est
768 1488 866 1514 mentis

64 1527 148 1557 acies,
162 1525 392 1560 caventibusque,
406 1534 439 1551 ne
451 1526 560 1560 quando
571 1525 616 1552 illa
629 1525 770 1556 hebescat,
785 1525 811 1551 id
826 1530 866 1551 est

63 1565 91 1590 in
103 1563 276 1598 philosophia
289 1562 456 1594 viventibus,
470 1571 566 1599 magna
578 1571 641 1598 spes
652 1568 701 1595 est,
710 1568 755 1589 aut
766 1563 788 1589 si
805 1563 863 1593 hoc,

63 1609 118 1637 quo
128 1601 262 1627 sentimus
273 1605 299 1627 et
309 1600 441 1635 sapimus,
455 1600 565 1627 mortale
577 1605 602 1627 et
615 1600 748 1627 caducum
761 1605 809 1631 est,
824 1601 867 1626 iu-

63 1638 184 1666 cundum
197 1638 284 1669 nobis,
298 1637 446 1672 perfunctis
458 1638 619 1664 muneribus
632 1638 773 1669 humanis,
789 1646 867 1664 occa-

63 1685 134 1707 sum,
143 1684 231 1711 neque
243 1675 382 1702 molestam
395 1676 610 1706 exstinctionem,
620 1673 646 1702 et
656 1676 734 1710 quasi
746 1675 866 1710 quietem

63 1715 134 1740 vitae
146 1713 214 1746 fore;
230 1717 277 1739 aut
287 1713 324 1743 si,
341 1717 370 1739 ut
381 1713 501 1747 antiquis
512 1713 694 1748 philosophis,
708 1714 797 1748 iisque
810 1721 866 1738 ma-

63 1751 146 1778 ximis
162 1750 295 1786 longeque
310 1749 471 1776 clarissimis
487 1750 601 1785 placuit,
625 1755 746 1777 aeternos
762 1751 866 1776 animos

63 1797 93 1816 ac
104 1788 213 1815 divinos
225 1787 372 1814 habemus:
394 1787 434 1814 sic
449 1787 663 1814 existimandum
674 1793 727 1818 est,
743 1796 797 1822 quo
810 1795 867 1813 ma-

63 1827 106 1862 gis
119 1826 146 1852 hi
160 1825 259 1852 fuerint
269 1833 377 1860 semper
391 1825 419 1851 in
432 1823 501 1862 [suo]
516 1834 598 1852 cursu
607 1847 613 1857 ,
631 1825 657 1851 id
674 1830 714 1852 est
726 1826 752 1851 in
765 1825 865 1851 ratione

63 1868 90 1890 et
100 1862 284 1898 investigandi
294 1861 452 1897 cupiditate,
464 1867 490 1889 et
501 1871 555 1898 quo
567 1864 658 1889 minus
670 1871 698 1889 se
713 1862 864 1889 admiscue-

64 1901 118 1928 rint
133 1905 212 1936 atque
228 1899 415 1935 implicuerint
430 1900 571 1926 hominum
587 1900 662 1927 vitiis
679 1905 704 1927 et
719 1900 865 1930 erroribus,

64 1938 115 1965 hoc
133 1939 166 1965 iis
181 1937 328 1964 faciliorem
345 1945 489 1964 ascensum
506 1942 532 1964 et
543 1937 659 1964 reditum
672 1938 699 1964 in
710 1937 815 1964 caelum
829 1936 868 1963 [ο-

63 1984 102 2003 re.
113 1991 151 1995 —
170 1975 347 2010 Quapropter,
361 1974 548 2010 utaliquando
560 1976 720 2002 terminetur
730 1975 826 2005 oratio,
843 1974 867 2000 si

63 2016 110 2040 aut
120 2013 260 2048 exstingui
272 2011 416 2047 tranquille
428 2012 569 2044 volumus,
586 2021 673 2047 quum
686 2010 734 2048 [in]
748 2012 791 2038 his
803 2012 868 2038 arti-

63 2050 116 2078 bus
127 2050 288 2081 vixerimus,
297 2054 343 2076 aut
353 2049 377 2075 si
389 2058 423 2076 ex
434 2049 522 2076 bacin
535 2049 615 2076 aliam
628 2049 699 2076 haud
712 2048 803 2084 paullo
811 2057 868 2074 me-

64 2087 159 2115 liorem
169 2087 282 2114 domum
293 2087 351 2113 sine
363 2095 436 2114 mora
448 2087 609 2123 demigrare,
619 2088 646 2114 in
654 2087 696 2113 his
707 2085 807 2113 studiis
819 2094 868 2112 no-

63 2125 106 2152 bis
120 2125 210 2152 omnis
225 2132 306 2160 opera
321 2128 348 2150 et
358 2132 421 2151 cura
433 2125 558 2159 ponenda
568 2129 618 2151 est.
659 2130 866 2156 (Anguitenenti-

63 2163 102 2182 nlt.
111 2162 125 2182 l.
135 2161 191 2181 XIV.
201 2167 220 2181 e.
231 2162 262 2180 19.
272 2161 332 2180 Tom.
344 2161 381 2180 ΙΙΙ.
392 2166 412 2185 p.
423 2161 477 2184 441.)

118 2195 161 2221 25.
182 2193 247 2230 (28.)
266 2193 340 2226 Quae
358 2197 399 2220 est
419 2193 503 2229 igitur
523 2191 696 2228 philosophia
705 2212 711 2222 ,
729 2191 868 2219 Socrates?

64 2239 114 2258 nec
124 2231 233 2262 dubito,
247 2231 314 2266 quin
323 2251 329 2261 ,
345 2238 535 2265 quaecumque
546 2231 594 2261 sit,
615 2229 717 2255 lautum
729 2230 830 2256 victum
842 2235 868 2257 et

63 2268 224 2304 elegantem,
234 2267 386 2303 magnifice,
395 2275 484 2302 neque
495 2267 587 2294 minus
598 2275 679 2302 quam
692 2266 806 2298 deceret,
823 2276 868 2294 co-

65 2305 119 2333 lere
131 2305 302 2332 instituisset.
343 2312 432 2336 (Nonius
442 2317 462 2331 v.
473 2312 566 2331 Lautum
576 2317 596 2336 p.
607 2312 661 2333 ³37.)

119 2344 161 2371 26.
173 2342 237 2378 (⁴8.)
251 2350 274 2369 m
285 2350 339 2369 enlm
350 2352 382 2369 cst
392 2350 493 2374 sapientia
503 2349 622 2373 providere.
644 2341 684 2367 Ex
694 2349 748 2376 quo
759 2342 869 2377 sapien-

64 2380 100 2408 tia
111 2385 153 2407 est
163 2379 296 2416 appellata
308 2379 462 2415 prudentia.
490 2386 558 2409 onom
568 2391 588 2406 v.
600 2386 714 2405 rma-mun
724 2391 744 2409 p.
754 2387 796 2409 ιι.)

119 2418 162 2445 27.
184 2417 236 2453 (89.
259 2423 334 2446 Oroll.)
353 2423 451 2455 Nondum
462 2424 514 2446 sela.
529 2426 631 2455 quantum
646 2424 724 2447 nhlquo
734 2429 772 2443 nos
782 2424 869 2444 adiuvet

65 2458 208 2482 philosophia.
219 2457 398 2482 quemadmodum
409 2458 428 2476 et
440 2458 466 2476 ln
479 2458 616 2480 mammis,
628 2456 868 2477 utetcnrontsuurver-

65 2496 100 2518 ho.
110 2487 258 2523 opituletur
269 2493 295 2515 et
306 2489 333 2514 in
346 2488 459 2514 minima
470 2486 625 2514 descendat.
649 2494 738 2517 (Senem
748 2495 786 2519 sp.
797 2495 867 2515 xvn.
890 2489 891 2494 ¹

68 2530 95 2544 ex
103 2525 223 2546 Hortensio.
236 2527 259 2544 ut.
268 2526 366 2549 optantur
375 2525 479 2548 Lipsius.)

121 2552 164 2578 28.
185 2550 249 2586 (34.)
267 2552 411 2578 Facessant
422 2550 505 2586 igitur
515 2558 618 2580 omnes,
631 2549 787 2584 quidocere
799 2550 867 2577 nihil
890 2555 892 2576 l

774 2594 836 2618 (Non.
847 2601 867 2614 v.
890 2622 892 2631 ,
921 2608 1016 2626 rerem.

67 2592 189 2623 possunt,
203 2597 258 2623 quo
269 2588 368 2615 melius
378 2588 585 2622 sapientiusque
597 2587 733 2614 vivamus.

66 2624 180 2644 Pacensem
194 2630 215 2648 p.
225 2625 279 2648 307.)

121 2657 164 2684 29.
185 2656 249 2692 (27.)
268 2658 443 2693 Praecipiunt
453 2656 519 2684 haec
530 2659 603 2688 istls;
618 2654 681 2683 facit
691 2664 780 2683 nemo.
801 2664 868 2687 (idom
891 2682 899 2695 ἵ,
919 2680 1048 2708 consonis
1059 2677 1299 2707 wmmsconsuffis
1311 2691 1345 2696 —
1357 2682 1424 2705 (mm
1435 2683 1619 2706 =-.cm=r0.-mm1·.
1632 2681 1682 2699 ,tw

68 2697 89 2712 v.
100 2692 224 2718 Praecipere
234 2699 254 2718 p.
264 2695 318 2717 872.)

785 2733 792 2748 0

1651 152 1712 176 1319

972 219 1012 244 30.
1039 217 1102 252 (62.)
1127 218 1160 244 Hi
1181 219 1263 245 nostri
1284 220 1363 245 amici
1385 219 1614 249 verecundantur,
1641 222 1711 254 capti

915 254 1058 289 splendore
1069 256 1187 282 virtutis.
1228 264 1296 285 (Idem
1306 269 1325 282 v.
1337 264 1496 284 verecundam
1505 271 1525 288 p.
1536 266 1590 287 μυ.)

970 294 1011 318 31.
1034 294 1096 327 (36.)
1111 308 1147 312 —
1159 293 1257 319 deinde
1270 294 1333 320 boni
1346 303 1440 325 mores,
1455 300 1480 321 et
1492 295 1674 325 modestioreS,
1688 301 1712 320 et

915 329 948 354 ad
959 330 1087 364 capienda
1099 336 1238 365 praecepta
1252 331 1395 357 molliores.
1421 340 1487 360 <mem
1498 346 1516 358 v.
1528 340 1579 363 Capi
1589 346 1609 363 p.
1620 341 1674 361 ²54.)

972 374 1012 398 32.
1034 372 1096 407 (54.)
1117 388 1153 392 —-
1169 378 1196 399 ut
1211 382 1240 399 ea
1257 373 1310 399 sibi
1327 375 1392 399 ratio
1409 382 1470 399 vera
1490 374 1624 404 restituat,
1643 383 1711 408 quae

915 410 1080 436 consuetudo
1092 411 1185 436 vitiosa
1198 411 1351 436 detraxerit.
1391 419 1458 441 (lu-:m
1469 424 1488 437 v.
1500 419 1614 437 {iezi-ahere
1626 425 1644 442 μ.
1657 420 1710 439 ess,

970 456 1009 481 33.
1030 456 1092 490 (58.)
1118 455 1263 481 imbecillis
1283 461 1371 482 autem
1391 461 1431 482 est
1452 456 1562 490 pudoris
1585 459 1712 489 mas-'ister

916 492 1007 523 timor.
1025 493 1073 527 qui
1085 493 1227 527 siquando
1239 493 1390 527 paullulum
1403 492 1602 530 aberrat-[erpi.
1621 490 1710 520 statim

915 538 962 564 spe
975 530 1142 564 impunitatis
1154 530 1278 556 exsultat.
1320 538 1567 562 ‹1a<112x·.13xsuium·p.
1579 540 1674 562 sves-q..

972 568 1013 593 34.
1035 568 1099 601 (51.)
1121 567 1149 578 ¹¹*
1162 569 1235 593 utait
1248 568 1364 594 Ennius:

970 619 1006 623 —
1025 604 1179 639 Relugiat
1204 605 1319 631 timido
1343 613 1504 640 sanguen,
1531 608 1628 640 atque
1653 614 1710 632 ex-

1326 642 1470 668 albescat
1492 648 1586 668 metu.

916 678 989 699 (Prisc.
1004 678 1017 696 1.
1032 676 1067 695 Vl.
1084 683 1102 696 c.
1118 679 1147 696 12.
1162 678 1180 701 §—
1195 679 1225 696 66.
1241 679 1267 697 εἰ.
1283 678 1326 698 Cic.
1337 679 1361 697 de
1372 679 1416 697 fin.
1427 680 1440 697 1.
1452 679 1475 697 Υ.
1487 686 1504 698 c.
1518 680 1547 697 11.
1558 681 1575 702 ς.
1586 680 1615 697 »ὶ1.
1627 679 1679 697 Non.
1691 684 1710 697 x.

917 703 1006 726 Sanguis
1016 709 1035 726 p.
1047 704 1100 725 224.)

972 730 1013 755 35.
1036 729 1098 763 (59.)
1117 736 1224 755 Ciceronis
1235 740 1266 756 est
1277 740 1366 756 tractum
1381 738 1406 755 de
1421 738 1562 760 philos-lphis,
1582 738 1616 760 qui
1631 738 1709 758 dicuni,

916 765 1043 792 Sufficere
1055 766 1087 791 ad
1099 766 1211 801 gloriam
1225 767 1354 793 benefacti
1367 768 1567 794 conscientiam.
1599 775 1668 796 <swa
1685 776 1710 793 aa

916 803 973 825 virg.
985 803 1108 821 Aen.1.1x.
1119 809 1139 821 V.
1149 804 1192 821 ¹354.
1203 809 1223 826 p.
1235 804 1290 825 546.)

971 834 1012 858 36.
1025 832 1490 867 (75.)Neincontinentibusquidem
1503 833 1578 858 terris
1592 838 1709 859 vestrum

917 878 1012 896 nomen
1024 870 1129 896 dilatari
1141 875 1235 904 potest.
1276 878 1364 899 (Nonius
1374 883 1394 896 v.
1405 878 1520 896 Cuntinem
1530 883 1550 900 p.
1561 876 1616 899 2³74.)

970 908 1011 933 37.
1034 916 1053 936 t‘
1067 916 1097 933 29.
1109 914 1183 937 Oreu.)
1202 916 1274 938 [Recte
1287 916 1392 933 Tullius
1406 916 1500 933 civiles
1515 916 1596 935 vira».
1612 916 1646 938 qui
1657 920 1710 933 rein-

916 945 1021 967 publicam
1032 945 1159 967 gubernent,
1172 945 1206 967 qui
1218 945 1279 963 urbes
1290 947 1325 962 aut
1336 950 1399 962 novas
1410 945 1549 962 constituant.
1565 947 1599 962 aut
1610 945 1709 962 constitu-

916 973 948 988 tas
959 970 1064 992 nequitate
1078 973 1187 990 tueantur,
1207 971 1242 993 qui
1257 970 1345 988 salutem
1354 970 1512 992 libertatemque
1523 970 1600 987 civium
1609 970 1640 987 vel
1652 970 1712 987 bunis

917 995 1000 1017 legibus
1010 995 1043 1013 vel
1053 995 1173 1013 salubribus
1184 996 1275 1013 consiliis
1286 995 1318 1013 vel
1329 995 1410 1013 iudiciis
1421 995 1518 1017 gravibus
1525 1000 1609 1012 conseri
1615 998 1656 1014 ent,
1667 996 1711 1017 phi-

916 1020 1024 1043 losophiae
1034 1020 1155 1038 doctoribus
1165 1020 1311 1043 praeferet]
1323 1020 1425 1039 Profecto.
1438 1020 1532 1043 inquii.
1545 1020 1612 1037 omnis
1623 1020 1711 1037 istorum

917 1046 1032 1069 disputatio
1048 1050 1175 1068 quamquam
1190 1046 1306 1063 uberrimos
1321 1046 1389 1063 sontes
1403 1046 1487 1064 virtutis
1501 1048 1521 1062 ct
1535 1046 1632 1063 scientiae
1647 1046 1712 1062 cunti·

917 1073 976 1092 neat,
991 1073 1062 1089 tamen
1072 1071 1148 1089 collata
1159 1076 1206 1088 cuin
1217 1072 1290 1089 horum
1301 1072 1353 1089 actis
1363 1071 1501 1094 perfectisque
1512 1070 1573 1088 rebus
1588 1075 1670 1088 vereor,
1687 1076 1712 1087 ne

917 1101 958 1114 non
969 1098 1051 1114 tantum
1061 1096 1158 1114 videatur
1168 1096 1263 1114 attulisse
1273 1096 1363 1118 negotiis
1374 1096 1481 1113 hominum
1493 1096 1599 1114 utilitatis.
1613 1098 1713 1117 quantuni

917 1122 1080 1140 oblectationem
1091 1121 1203 1144 quamdam
1213 1122 1258 1139 otii.
1273 1121 1378 1143 (Lactant.
1390 1121 1486 1139 lustum.
1494 1120 1530 1138 111.
1542 1126 1559 1138 c.
1572 1121 1600 1138 lo.
1612 1121 1628 1142 ς’.
1636 1121 1714 1140 mein.)

973 1156 1014 1181 38.
1037 1154 1100 1189 (55.)
1120 1155 1309 1181 Consolabitur
1327 1163 1389 1181 eum
1409 1154 1566 1189 magnitudo
1590 1155 1672 1179 animi
1689 1159 1715 1179 et

919 1192 1100 1218 humanarum
1112 1193 1272 1226 opinionum
1284 1192 1333 1219 alta
1344 1192 1476 1227 quaedam
1488 1191 1634 1226 despectio.
1651 1198 1714 1219 (svn.

917 1234 937 1247 v.
947 1229 1060 1252 Despicere
1072 1235 1091 1252 p.
1103 1230 1156 1251 288.)

972 1256 1013 1281 39.
1022 1255 1129 1289 (50.)An
1137 1263 1222 1289 quum
1233 1254 1323 1281 videat
1334 1263 1384 1283 nie,
1393 1259 1418 1280 et
1430 1262 1502 1280 meos
1509 1254 1629 1283 comites,
1639 1253 1715 1278 sorti-

919 1291 1054 1322 tudinem,
1069 1292 1283 1327 magnitudinem
1295 1292 1394 1321 animi,
1408 1291 1577 1326 patientiam,
1590 1296 1715 1316 coustan-

920 1331 992 1360 tiam,
1005 1330 1175 1365 gravitatem,
1193 1329 1282 1361 iidem,
1298 1330 1354 1364 ipsa
1366 1337 1394 1355 se
1405 1328 1557 1354 subducat?
1567 1335 1713 1358 (menn-sin.-

918 1367 994 1386 ducere
1005 1372 1024 1390 p.
1035 1367 1089 1388 39⁹.)

974 1394 1015 1419 40.
1037 1392 1100 1427 (53.)
1120 1407 1156 1412 —
1168 1391 1324 1427 magnitudo
1335 1392 1428 1421 animi,
1443 1391 1568 1425 patientia
1583 1390 1712 1419 laborum,

919 1431 1012 1457 mortis
1023 1430 1140 1464 denique
1152 1430 1314 1464 contemptio
1324 1444 1361 1448 —
1372 1436 1715 1458 (1u0n==·.(¹nnn·mpms9:201sq.»

974 1469 1014 1494 41.
1036 1467 1099 1501 (te.)
1113 1474 1174 1493 Mauo
1184 1480 1206 1493 se
1217 1474 1267 1493 nien
1278 1474 1364 1492 Catulus
1375 1466 1416 1492 vel
1438 1474 1521 1491 unum
1546 1474 1658 1499 parvum
1679 1465 1712 1489 de

917 1504 1005 1531 officio
1018 1504 1154 1535 libellum,
1171 1513 1253 1539 quam
1266 1503 1371 1539 longam
1382 1504 1526 1529 orationem
1543 1511 1590 1536 pro
1604 1502 1713 1527 seditio-

917 1551 946 1569 so
959 1542 1066 1569 homine
1078 1541 1211 1568 Cornelio.
1251 1549 1356 1571 (Laetam.
1368 1549 1420 1567 insi.
1431 1548 1444 1566 1.
1456 1547 1490 1565 vi.
1502 1553 1520 1565 c.
1531 1548 1548 1565 ’.ι
1560 1548 1578 1570 §—
1591 1548 1630 1567 ιε»)

974 1589 1015 1614 42.
1031 1587 1321 1622 (30.)—eloqucntiam
1335 1587 1412 1613 tueri.
1425 1594 1506 1620 quam
1520 1590 1546 1611 tu
1560 1586 1585 1610 in
1598 1584 1712 1613 caeluni,

918 1626 1050 1656 Hortensi,
1059 1625 1146 1655 credi),
1156 1630 1184 1651 ut
1196 1625 1252 1659 ipse
1264 1633 1326 1650 cuni
1339 1633 1367 1650 ea
1379 1623 1460 1649 simul
1473 1622 1639 1651 ascenderes,
1654 1630 1712 1646 sus-

921 1663 1041 1689 tulisses.

974 1710 1014 1735 43.
1037 1708 1100 1743 (15.)
1119 1708 1151 1733 Se
1168 1707 1200 1733 ad
1216 1711 1366 1733 extremum
1383 1705 1524 1740 pollicetur
1535 1703 1710 1739 prolaturum,

918 1746 965 1781 qui
977 1755 1005 1772 se
1017 1747 1074 1780 ipse
1085 1750 1196 1772 comest.
1239 1744 1315 1776 Quod
1327 1743 1409 1769 eflicit
1420 1742 1623 1769 Diali-eticorum
1636 1743 1709 1767 ratio.

918 1783 987 1806 (idem
998 1788 1017 1802 V.
1028 1782 1115 1801 comest
1124 1788 1144 1805 p.
1154 1782 1195 1803 81.)

976 1814 1016 1839 tt.
1038 1812 1101 1847 (40.)
1121 1813 1195 1838 Tune
1212 1810 1413 1845 pseudomenon
1430 1814 1454 1835 et
1470 1810 1579 1835 soritcm
1595 1814 1620 1834 et
1636 1813 1716 1834 totam

920 1851 1088 1877 dialecticam
1100 1854 1145 1875 aut
1161 1848 1255 1875 illudis
1271 1853 1316 1874 aut
1333 1846 1474 1882 increpas?
1511 1854 1579 1875 (idem
1594 1858 1613 1871 v.
1627 1853 1717 1877 tucn-pt-

962 1894 966 1900 ·
1023 1888 1082 1906 sen.

919 1890 1020 1939 mm&
1037 1886 1092 1947 (7))
1104 1927 1139 1931 -
1151 1911 1222 1937 hunc
1234 1911 1374 1939 Crassum,
1393 1910 1440 1944 qui
1458 1908 1570 1937 lentius,
1589 1913 1617 1934 ut
1631 1908 1715 1937 scitis,

919 1950 1008 1977 dicere
1023 1949 1138 1980 solebat,
1161 1948 1195 1975 ad
1211 1948 1387 1974 imitationem
1408 1947 1486 1981 quasi
1507 1946 1590 1972 nostri
1609 1945 1716 1980 generis

919 1987 1089 2015 contendisse
1100 2001 1146 2012 —·.
1186 1994 1254 2016 (Idem
1263 1998 1283 2011 v.
1295 1993 1373 2011 Lentus
1384 1998 1404 2015 p.
1415 1992 1458 2010 ³:17.
1470 1992 1511 2014 sq.)

975 2030 1016 2056 156.
1038 2028 1101 2063 (sit.)
1125 2026 1193 2059 Quis
1218 2031 1242 2053 te
1266 2031 1311 2052 aut
1335 2030 1376 2052 est
1399 2030 1444 2051 aut
1465 2024 1514 2050 suit
1535 2032 1663 2058 umquam
1690 2024 1715 2048 in

919 2065 1095 2102 par[t]iundis
1116 2064 1210 2094 rebus,
1238 2064 1265 2090 in
1286 2062 1462 2093 deliniendis,
1491 2062 1518 2088 in
1541 2059 1717 2095 explanandis

919 2101 1054 2138 pressior?
1091 2110 1158 2132 (Idem
1169 2114 1188 2128 v.
1201 2109 1300 2128 Pronum
1311 2113 1330 2132 p.
1342 2108 1395 2129 ³0⁴.)

976 2141 1016 2166 47.
1046 2148 1076 2170 υ)
1095 2147 1225 2165 §etiannum
1243 2147 1264 2164 ln
1278 2145 1334 2164 Adii.
1348 2145 1382 2163 nd.
1394 2145 1437 2163 (Ἰν.
1455 2149 1485 2162 or.
1497 2143 1567 2162 hinnu.
1582 2148 1600 2160 c.
1618 2143 1658 2160 lo.:
1675 2142 1718 2161 ..ln

919 2177 1081 2199 ..nonensi-1
1101 2175 1227 2194 Lucullus
1245 2175 1384 2193 historiam
1403 2173 1547 2191 luridas-tt:-
1562 2172 1604 2192 (Π.
1620 2170 1717 2188 sennem.

921 2203 993 2225 erc-[cr.
1009 2202 1074 2222 1⁸⁴⁴.)

975 2229 1015 2254 48.
1037 2226 1101 2262 (11.)
1120 2225 1194 2252 Unde
1206 2229 1295 2251 autem
1309 2223 1424 2253 facilius.
1441 2231 1522 2258 quam
1535 2231 1568 2248 ex
1580 2220 1717 2246 annalium

921 2264 1117 2293 monumentis,
1140 2268 1184 2289 unt
1201 2271 1242 2288 res
1264 2261 1360 2287 bellica
1381 2266 1426 2287 aut
1444 2261 1532 2286 onmis
1554 2257 1718 2292 reipublicae

920 2301 1064 2336 disciplina
1084 2298 1274 2336 cognoscitur?
1311 2306 1429 2328 (Nonium.
1441 2303 1667 2326 ‹*0.,·=1.=1..-‹r‹1·.·.·7n.›

975 2348 1016 2373 49.
1029 2347 1091 2382 (to.)
1102 2345 1172 2378 Quid
1185 2345 1256 2371 enim
1269 2342 1450 2370 autllerodoto
1460 2342 1577 2368 «inicius.
1592 2339 1717 2366 niit'l'hu-

920 2384 1017 2420 cydide
1029 2385 1154 2420 gravius,
1170 2387 1215 2408 aut
1227 2380 1339 2407 Philisto
1351 2380 1474 2409 brevius,
1489 2384 1533 2405 aut
1546 2378 1719 2418 Theoponqm

921 2423 1019 2452 acrius,
1032 2426 1077 2447 aut
1088 2419 1271 2454 Theophrasto
1282 2417 1398 2452 (Ephoro
1409 2425 1441 2443 mi.
1453 2416 1526 2450 Merv.)
1538 2416 1630 2441 mitius
1643 2423 1683 2440 unx
1691 2422 1718 2439 e-

921 2460 972 2486 niri
987 2458 1091 2493 potest?
1128 2465 1195 2488 (tut-m
1214 2469 1234 2482 v.
1253 2464 1321 2482 ornus
1339 2468 1358 2486 1·—
1373 2463 1416 2480 ³¹³.
1431 2467 1450 2480 v.
1466 2461 1519 2479 Am-
1534 2467 1552 2483 Ι..
1567 2461 1610 2478 w.
1627 2465 1646 2477 v.
1662 2459 1717 2476 sini-

927 2502 940 2514 ).
951 2497 995 2515 ³⁴8.

920 2501 926 2520 ι
975 2497 1017 2551 51)).
1039 2525 1103 2560 (31.)
1123 2525 1161 2550 Tu
1179 2531 1221 2549 me
1239 2527 1263 2547 et
1279 2521 1345 2547 alias
1357 2527 1574 2554 nonnumquam,
1590 2523 1614 2544 et
1627 2517 1718 2552 paullo

920 2567 980 2589 ante.
991 2562 1147 2589 adhortatus
1157 2570 1194 2590 es,
1203 2558 1370 2595 (eduliorum
1384 2557 1448 2583 [ncta
1460 2562 1485 2583 et
1497 2561 1591 2582 eventa
1603 2555 1717 2589 conqui-

1080 1670 1170 1693 (Nonius
1180 1675 1200 1688 v.
1211 1670 1320 1688 Sublatam
1331 1669 1411 1692 μὸεῑδ.)

1058 2607 1126 2629 (idom
1137 2612 1156 2624 v.
1168 2606 1262 2624 Eventu·
1272 2609 1292 2627 ιι.
1303 2603 1356 2622 ’31)1.)

975 2645 1017 2670 51.
1039 2644 1102 2679 (76.)
1124 2644 1158 2669 Ea
1173 2640 1283 2667 incultas
1299 2638 1397 2665 nostris
1413 2637 1561 2664 maioribus
1577 2641 1645 2665 erat.
1668 2635 1717 2670 qui
