<?xml version="1.0" encoding="UTF-8"?>
<!DOCTYPE html PUBLIC "-//W3C//DTD XHTML 1.0 Transitional//EN"
    "http://www.w3.org/TR/xhtml1/DTD/xhtml1-transitional.dtd">
<html xmlns="http://www.w3.org/1999/xhtml" xml:lang="en" lang="en">
 <head>
  <title>
</title>
<meta http-equiv="Content-Type" content="text/html;charset=utf-8" />
  <meta name='ocr-system' content='tesseract 3.04.00' />
  <meta name='ocr-capabilities' content='ocr_page ocr_carea ocr_par ocr_line ocrx_word'/>
</head>
<body>
  <div class='ocr_page' id='page_1' title='image "./operaomniaunovol00ciceuoft/operaomniaunovol00ciceuoft_1095.png"; bbox 0 0 1941 3052; ppageno 0'>
   <div class='ocr_carea' id='block_1_1' title="bbox 245 133 1143 162">
    <p class='ocr_par' dir='ltr' id='par_1_1' title="bbox 245 133 1143 162">
     <span class='ocr_line' id='line_1_1' title="bbox 245 133 1143 162; baseline -0.002 -1"><span class='ocrx_word' id='word_1_1' title='bbox 245 133 1031 162; x_wconf 68' lang='lat' dir='ltr'>TUSCULANARUMDISPUTAT10NUM</span> <span class='ocrx_word' id='word_1_2' title='bbox 1063 134 1143 160; x_wconf 92' lang='lat' dir='ltr'>LlB.</span> 
     </span>
    </p>
   </div>
   <div class='ocr_carea' id='block_1_2' title="bbox 52 204 856 2692">
    <p class='ocr_par' dir='ltr' id='par_1_2' title="bbox 60 204 856 679">
     <span class='ocr_line' id='line_1_2' title="bbox 61 204 854 240; baseline -0.003 -8"><span class='ocrx_word' id='word_1_3' title='bbox 61 215 120 232; x_wconf 90' lang='lat' dir='ltr'>esse</span> <span class='ocrx_word' id='word_1_4' title='bbox 131 210 233 236; x_wconf 88' lang='lat' dir='ltr'>natura,</span> <span class='ocrx_word' id='word_1_5' title='bbox 242 210 279 236; x_wconf 91' lang='lat' dir='ltr'>ut,</span> <span class='ocrx_word' id='word_1_6' title='bbox 288 206 455 240; x_wconf 82' lang='lat' dir='ltr'>quicumque</span> <span class='ocrx_word' id='word_1_7' title='bbox 466 206 602 232; x_wconf 87' lang='lat' dir='ltr'>intueatur</span> <span class='ocrx_word' id='word_1_8' title='bbox 613 206 640 232; x_wconf 90' lang='lat' dir='ltr'>in</span> <span class='ocrx_word' id='word_1_9' title='bbox 651 204 760 240; x_wconf 84' lang='lat' dir='ltr'>aliquod</span> <span class='ocrx_word' id='word_1_10' title='bbox 767 205 854 230; x_wconf 91' lang='lat' dir='ltr'>maius</span> 
     </span>
     <span class='ocr_line' id='line_1_3' title="bbox 62 242 854 277; baseline -0.001 -8"><span class='ocrx_word' id='word_1_11' title='bbox 62 243 176 273; x_wconf 79' lang='lat' dir='ltr'>malum,</span> <span class='ocrx_word' id='word_1_12' title='bbox 195 244 218 268; x_wconf 90' lang='lat' dir='ltr'>si</span> <span class='ocrx_word' id='word_1_13' title='bbox 234 242 262 268; x_wconf 91' lang='lat' dir='ltr'>id</span> <span class='ocrx_word' id='word_1_14' title='bbox 277 243 330 268; x_wconf 88' lang='lat' dir='ltr'>sibi</span> <span class='ocrx_word' id='word_1_15' title='bbox 346 243 477 269; x_wconf 86' lang='lat' dir='ltr'>accidisse</span> <span class='ocrx_word' id='word_1_16' title='bbox 488 244 625 277; x_wconf 78' lang='lat' dir='ltr'>opinetur,</span> <span class='ocrx_word' id='word_1_17' title='bbox 644 243 679 269; x_wconf 90' lang='lat' dir='ltr'>sit</span> <span class='ocrx_word' id='word_1_18' title='bbox 689 243 816 269; x_wconf 87' lang='lat' dir='ltr'>continuo</span> <span class='ocrx_word' id='word_1_19' title='bbox 827 243 854 268; x_wconf 93' lang='lat' dir='ltr'>in</span> 
     </span>
     <span class='ocr_line' id='line_1_4' title="bbox 61 279 855 315; baseline 0 -9"><span class='ocrx_word' id='word_1_20' title='bbox 61 280 239 315; x_wconf 82' lang='lat' dir='ltr'>aegritudine.</span> <span class='ocrx_word' id='word_1_21' title='bbox 279 279 418 315; x_wconf 80' lang='lat' dir='ltr'>Cyrenaici</span> <span class='ocrx_word' id='word_1_22' title='bbox 429 289 480 306; x_wconf 90' lang='lat' dir='ltr'>non</span> <span class='ocrx_word' id='word_1_23' title='bbox 492 281 565 306; x_wconf 90' lang='lat' dir='ltr'>omni</span> <span class='ocrx_word' id='word_1_24' title='bbox 577 280 647 306; x_wconf 86' lang='lat' dir='ltr'>malo</span> <span class='ocrx_word' id='word_1_25' title='bbox 658 280 855 315; x_wconf 74' lang='lat' dir='ltr'>aegritudinem</span> 
     </span>
     <span class='ocr_line' id='line_1_5' title="bbox 60 317 856 352; baseline -0.001 -8"><span class='ocrx_word' id='word_1_26' title='bbox 60 317 131 344; x_wconf 82' lang='lat' dir='ltr'>effici</span> <span class='ocrx_word' id='word_1_27' title='bbox 143 321 262 348; x_wconf 90' lang='lat' dir='ltr'>censent,</span> <span class='ocrx_word' id='word_1_28' title='bbox 275 317 322 343; x_wconf 86' lang='lat' dir='ltr'>sed</span> <span class='ocrx_word' id='word_1_29' title='bbox 334 318 468 352; x_wconf 89' lang='lat' dir='ltr'>insperato</span> <span class='ocrx_word' id='word_1_30' title='bbox 480 322 505 344; x_wconf 91' lang='lat' dir='ltr'>et</span> <span class='ocrx_word' id='word_1_31' title='bbox 516 326 564 344; x_wconf 89' lang='lat' dir='ltr'>nec</span> <span class='ocrx_word' id='word_1_32' title='bbox 575 318 682 352; x_wconf 87' lang='lat' dir='ltr'>opinato</span> <span class='ocrx_word' id='word_1_33' title='bbox 694 317 773 344; x_wconf 90' lang='lat' dir='ltr'>malo.</span> <span class='ocrx_word' id='word_1_34' title='bbox 808 318 856 344; x_wconf 86' lang='lat' dir='ltr'>Est</span> 
     </span>
     <span class='ocr_line' id='line_1_6' title="bbox 61 354 852 390; baseline -0.001 -9"><span class='ocrx_word' id='word_1_35' title='bbox 61 355 88 381; x_wconf 90' lang='lat' dir='ltr'>id</span> <span class='ocrx_word' id='word_1_36' title='bbox 99 354 210 390; x_wconf 87' lang='lat' dir='ltr'>quidem</span> <span class='ocrx_word' id='word_1_37' title='bbox 222 362 274 380; x_wconf 92' lang='lat' dir='ltr'>non</span> <span class='ocrx_word' id='word_1_38' title='bbox 290 354 423 381; x_wconf 83' lang='lat' dir='ltr'>mediocre</span> <span class='ocrx_word' id='word_1_39' title='bbox 433 355 466 381; x_wconf 90' lang='lat' dir='ltr'>ad</span> <span class='ocrx_word' id='word_1_40' title='bbox 478 355 675 390; x_wconf 80' lang='lat' dir='ltr'>aegritudinem</span> <span class='ocrx_word' id='word_1_41' title='bbox 687 354 852 390; x_wconf 84' lang='lat' dir='ltr'>augendam:</span> 
     </span>
     <span class='ocr_line' id='line_1_7' title="bbox 61 392 856 427; baseline 0 -9"><span class='ocrx_word' id='word_1_42' title='bbox 61 392 187 418; x_wconf 89' lang='lat' dir='ltr'>videntur</span> <span class='ocrx_word' id='word_1_43' title='bbox 201 392 274 418; x_wconf 87' lang='lat' dir='ltr'>enim</span> <span class='ocrx_word' id='word_1_44' title='bbox 289 393 379 418; x_wconf 90' lang='lat' dir='ltr'>omnia</span> <span class='ocrx_word' id='word_1_45' title='bbox 395 393 532 427; x_wconf 84' lang='lat' dir='ltr'>repentina</span> <span class='ocrx_word' id='word_1_46' title='bbox 544 393 677 427; x_wconf 87' lang='lat' dir='ltr'>graviora.</span> <span class='ocrx_word' id='word_1_47' title='bbox 717 393 758 418; x_wconf 85' lang='lat' dir='ltr'>Ex</span> <span class='ocrx_word' id='word_1_48' title='bbox 770 392 819 418; x_wconf 88' lang='lat' dir='ltr'>hoc</span> <span class='ocrx_word' id='word_1_49' title='bbox 830 396 856 418; x_wconf 89' lang='lat' dir='ltr'>et</span> 
     </span>
     <span class='ocr_line' id='line_1_8' title="bbox 61 429 343 456; baseline 0.004 -1"><span class='ocrx_word' id='word_1_50' title='bbox 61 429 106 455; x_wconf 88' lang='lat' dir='ltr'>illa</span> <span class='ocrx_word' id='word_1_51' title='bbox 117 430 175 456; x_wconf 89' lang='lat' dir='ltr'>iure</span> <span class='ocrx_word' id='word_1_52' title='bbox 187 429 343 456; x_wconf 82' lang='lat' dir='ltr'>laudantur:</span> 
     </span>
     <span class='ocr_line' id='line_1_9' title="bbox 95 466 856 500; baseline -0.001 -7"><span class='ocrx_word' id='word_1_53' title='bbox 95 466 152 500; x_wconf 77' lang='lat' dir='ltr'>‘qu</span> <span class='ocrx_word' id='word_1_54' title='bbox 162 475 240 500; x_wconf 81' lang='lat' dir='ltr'>quum</span> <span class='ocrx_word' id='word_1_55' title='bbox 250 469 338 500; x_wconf 78' lang='lat' dir='ltr'>qenai,</span> <span class='ocrx_word' id='word_1_56' title='bbox 356 470 408 494; x_wconf 72' lang='lat' dir='ltr'>tam</span> <span class='ocrx_word' id='word_1_57' title='bbox 421 469 575 493; x_wconf 82' lang='lat' dir='ltr'>moriturum</span> <span class='ocrx_word' id='word_1_58' title='bbox 588 469 666 498; x_wconf 85' lang='lat' dir='ltr'>scivi,</span> <span class='ocrx_word' id='word_1_59' title='bbox 681 471 703 492; x_wconf 85' lang='lat' dir='ltr'>el</span> <span class='ocrx_word' id='word_1_60' title='bbox 714 469 738 492; x_wconf 80' lang='lat' dir='ltr'>ei</span> <span class='ocrx_word' id='word_1_61' title='bbox 748 469 787 493; x_wconf 80' lang='lat' dir='ltr'>rei</span> <span class='ocrx_word' id='word_1_62' title='bbox 798 469 856 493; x_wconf 72' lang='lat' dir='ltr'>sas—</span> 
     </span>
     <span class='ocr_line' id='line_1_10' title="bbox 469 506 526 530; baseline 0 -1"><span class='ocrx_word' id='word_1_63' title='bbox 469 506 526 530; x_wconf 84' lang='lat' dir='ltr'>tuli.</span> 
     </span>
     <span class='ocr_line' id='line_1_11' title="bbox 97 540 856 575; baseline -0.001 -8"><span class='ocrx_word' id='word_1_64' title='bbox 97 541 231 567; x_wconf 66' lang='lat' dir='ltr'>Praeterea</span> <span class='ocrx_word' id='word_1_65' title='bbox 242 543 276 567; x_wconf 87' lang='lat' dir='ltr'>ad</span> <span class='ocrx_word' id='word_1_66' title='bbox 285 542 388 568; x_wconf 72' lang='lat' dir='ltr'>Troiam</span> <span class='ocrx_word' id='word_1_67' title='bbox 398 550 476 575; x_wconf 84' lang='lat' dir='ltr'>quum</span> <span class='ocrx_word' id='word_1_68' title='bbox 485 543 578 568; x_wconf 82' lang='lat' dir='ltr'>misiob</span> <span class='ocrx_word' id='word_1_69' title='bbox 584 543 765 575; x_wconf 67' lang='lat' dir='ltr'>defendendam</span> <span class='ocrx_word' id='word_1_70' title='bbox 773 540 856 567; x_wconf 70' lang='lat' dir='ltr'>Grae-</span> 
     </span>
     <span class='ocr_line' id='line_1_12' title="bbox 469 581 543 609; baseline 0 -5"><span class='ocrx_word' id='word_1_71' title='bbox 469 581 543 609; x_wconf 75' lang='lat' dir='ltr'>ciam,</span> 
     </span>
     <span class='ocr_line' id='line_1_13' title="bbox 95 616 855 649; baseline -0.003 -7"><span class='ocrx_word' id='word_1_72' title='bbox 95 617 192 642; x_wconf 84' lang='lat' dir='ltr'>scibam</span> <span class='ocrx_word' id='word_1_73' title='bbox 205 624 245 642; x_wconf 85' lang='lat' dir='ltr'>me</span> <span class='ocrx_word' id='word_1_74' title='bbox 258 618 286 642; x_wconf 82' lang='lat' dir='ltr'>in</span> <span class='ocrx_word' id='word_1_75' title='bbox 299 617 459 649; x_wconf 80' lang='lat' dir='ltr'>mortiferum</span> <span class='ocrx_word' id='word_1_76' title='bbox 475 617 578 646; x_wconf 81' lang='lat' dir='ltr'>bellum,</span> <span class='ocrx_word' id='word_1_77' title='bbox 595 617 646 642; x_wconf 81' lang='grc' dir='ltr'>ηόη</span> <span class='ocrx_word' id='word_1_78' title='bbox 659 617 687 641; x_wconf 76' lang='lat' dir='ltr'>in</span> <span class='ocrx_word' id='word_1_79' title='bbox 697 616 785 649; x_wconf 80' lang='lat' dir='ltr'>epulas</span> <span class='ocrx_word' id='word_1_80' title='bbox 795 617 855 641; x_wconf 82' lang='lat' dir='ltr'>mil-</span> 
     </span>
     <span class='ocr_line' id='line_1_14' title="bbox 471 657 529 679; baseline -0.017 0"><span class='ocrx_word' id='word_1_81' title='bbox 471 657 529 679; x_wconf 79' lang='lat' dir='ltr'>tere.</span> 
     </span>
    </p>

    <p class='ocr_par' dir='ltr' id='par_1_3' title="bbox 58 689 855 866">
     <span class='ocr_line' id='line_1_15' title="bbox 114 689 854 725; baseline -0.001 -9"><span class='ocrx_word' id='word_1_82' title='bbox 114 689 184 717; x_wconf 86' lang='lat' dir='ltr'>XIV.</span> <span class='ocrx_word' id='word_1_83' title='bbox 211 691 253 717; x_wconf 79' lang='lat'>29.</span> <span class='ocrx_word' id='word_1_84' title='bbox 280 690 350 716; x_wconf 86' lang='lat' dir='ltr'>Haec</span> <span class='ocrx_word' id='word_1_85' title='bbox 371 690 455 725; x_wconf 84' lang='lat' dir='ltr'>igitur</span> <span class='ocrx_word' id='word_1_86' title='bbox 476 689 678 724; x_wconf 75' lang='lat' dir='ltr'>praemeditatio</span> <span class='ocrx_word' id='word_1_87' title='bbox 702 689 854 716; x_wconf 84' lang='lat' dir='ltr'>futurorum</span> 
     </span>
     <span class='ocr_line' id='line_1_16' title="bbox 59 725 855 762; baseline -0.001 -9"><span class='ocrx_word' id='word_1_88' title='bbox 59 726 191 754; x_wconf 90' lang='lat' dir='ltr'>malorum</span> <span class='ocrx_word' id='word_1_89' title='bbox 203 727 268 754; x_wconf 87' lang='lat' dir='ltr'>lenit</span> <span class='ocrx_word' id='word_1_90' title='bbox 278 735 370 753; x_wconf 89' lang='lat' dir='ltr'>eorum</span> <span class='ocrx_word' id='word_1_91' title='bbox 382 727 542 758; x_wconf 86' lang='lat' dir='ltr'>adventum,</span> <span class='ocrx_word' id='word_1_92' title='bbox 564 735 633 762; x_wconf 89' lang='lat' dir='ltr'>quae</span> <span class='ocrx_word' id='word_1_93' title='bbox 650 727 784 753; x_wconf 90' lang='lat' dir='ltr'>venientia</span> <span class='ocrx_word' id='word_1_94' title='bbox 797 725 855 752; x_wconf 93' lang='lat' dir='ltr'>lon—</span> 
     </span>
     <span class='ocr_line' id='line_1_17' title="bbox 58 763 853 800; baseline -0.001 -10"><span class='ocrx_word' id='word_1_95' title='bbox 58 773 91 800; x_wconf 87' lang='lat' dir='ltr'>ge</span> <span class='ocrx_word' id='word_1_96' title='bbox 111 768 171 791; x_wconf 89' lang='lat' dir='ltr'>ante</span> <span class='ocrx_word' id='word_1_97' title='bbox 192 764 304 791; x_wconf 86' lang='lat' dir='ltr'>videris.</span> <span class='ocrx_word' id='word_1_98' title='bbox 344 765 435 799; x_wconf 90' lang='lat' dir='ltr'>Itaque</span> <span class='ocrx_word' id='word_1_99' title='bbox 453 764 526 799; x_wconf 89' lang='lat' dir='ltr'>apud</span> <span class='ocrx_word' id='word_1_100' title='bbox 541 764 700 799; x_wconf 84' lang='lat' dir='ltr'>Euripidem</span> <span class='ocrx_word' id='word_1_101' title='bbox 720 772 734 790; x_wconf 89' lang='lat' dir='ltr'>a</span> <span class='ocrx_word' id='word_1_102' title='bbox 750 763 853 790; x_wconf 88' lang='lat' dir='ltr'>Theseo</span> 
     </span>
     <span class='ocr_line' id='line_1_18' title="bbox 58 800 853 836; baseline -0.001 -8"><span class='ocrx_word' id='word_1_103' title='bbox 58 802 129 828; x_wconf 86' lang='lat' dir='ltr'>dicta</span> <span class='ocrx_word' id='word_1_104' title='bbox 150 801 302 828; x_wconf 84' lang='lat' dir='ltr'>laudantur.</span> <span class='ocrx_word' id='word_1_105' title='bbox 342 802 416 828; x_wconf 85' lang='lat' dir='ltr'>Licet</span> <span class='ocrx_word' id='word_1_106' title='bbox 429 802 516 833; x_wconf 86' lang='lat' dir='ltr'>enim,</span> <span class='ocrx_word' id='word_1_107' title='bbox 538 806 568 828; x_wconf 90' lang='lat' dir='ltr'>ut</span> <span class='ocrx_word' id='word_1_108' title='bbox 582 810 661 836; x_wconf 80' lang='lat' dir='ltr'>saepe</span> <span class='ocrx_word' id='word_1_109' title='bbox 677 800 804 832; x_wconf 85' lang='lat' dir='ltr'>facimus,</span> <span class='ocrx_word' id='word_1_110' title='bbox 826 801 853 827; x_wconf 89' lang='lat' dir='ltr'>in</span> 
     </span>
     <span class='ocr_line' id='line_1_19' title="bbox 59 838 416 866; baseline -0.003 0"><span class='ocrx_word' id='word_1_111' title='bbox 59 840 184 866; x_wconf 89' lang='lat' dir='ltr'>Latinum</span> <span class='ocrx_word' id='word_1_112' title='bbox 196 838 241 865; x_wconf 90' lang='lat' dir='ltr'>illa</span> <span class='ocrx_word' id='word_1_113' title='bbox 252 843 416 865; x_wconf 84' lang='lat' dir='ltr'>convertere.</span> 
     </span>
    </p>

    <p class='ocr_par' dir='ltr' id='par_1_4' title="bbox 52 878 853 2692">
     <span class='ocr_line' id='line_1_20' title="bbox 96 878 749 910; baseline -0.003 -6"><span class='ocrx_word' id='word_1_114' title='bbox 96 878 162 904; x_wconf 87' lang='lat' dir='ltr'>Nam</span> <span class='ocrx_word' id='word_1_115' title='bbox 173 879 217 910; x_wconf 82' lang='lat' dir='ltr'>qui</span> <span class='ocrx_word' id='word_1_116' title='bbox 227 878 288 903; x_wconf 74' lang='grc' dir='ltr'><em>Ιιαόο</em></span> <span class='ocrx_word' id='word_1_117' title='bbox 297 879 388 902; x_wconf 86' lang='lat' dir='ltr'>audita</span> <span class='ocrx_word' id='word_1_118' title='bbox 398 885 415 902; x_wconf 87' lang='lat' dir='ltr'>a</span> <span class='ocrx_word' id='word_1_119' title='bbox 425 878 499 903; x_wconf 79' lang='lat' dir='ltr'>docto</span> <span class='ocrx_word' id='word_1_120' title='bbox 508 878 674 902; x_wconf 63' lang='lat' dir='ltr'>meminissem</span> <span class='ocrx_word' id='word_1_121' title='bbox 685 878 749 906; x_wconf 79' lang='lat' dir='ltr'>viro,</span> 
     </span>
     <span class='ocr_line' id='line_1_21' title="bbox 94 915 642 948; baseline -0.004 -7"><span class='ocrx_word' id='word_1_122' title='bbox 94 917 197 948; x_wconf 66' lang='lat' dir='ltr'>suturas</span> <span class='ocrx_word' id='word_1_123' title='bbox 206 922 302 940; x_wconf 77' lang='lat' dir='ltr'>mecum</span> <span class='ocrx_word' id='word_1_124' title='bbox 313 916 500 940; x_wconf 79' lang='lat' dir='ltr'>commentabar</span> <span class='ocrx_word' id='word_1_125' title='bbox 510 915 642 939; x_wconf 77' lang='lat' dir='ltr'>miserias:</span> 
     </span>
     <span class='ocr_line' id='line_1_22' title="bbox 94 952 782 984; baseline -0.001 -7"><span class='ocrx_word' id='word_1_126' title='bbox 94 956 139 978; x_wconf 78' lang='lat' dir='ltr'>aul</span> <span class='ocrx_word' id='word_1_127' title='bbox 149 954 253 978; x_wconf 76' lang='lat' dir='ltr'>mortem</span> <span class='ocrx_word' id='word_1_128' title='bbox 263 953 389 981; x_wconf 82' lang='lat' dir='ltr'>acerbam,</span> <span class='ocrx_word' id='word_1_129' title='bbox 401 955 446 977; x_wconf 80' lang='lat' dir='ltr'>aut</span> <span class='ocrx_word' id='word_1_130' title='bbox 457 952 545 977; x_wconf 62' lang='lat' dir='ltr'>exsilii</span> <span class='ocrx_word' id='word_1_131' title='bbox 556 953 678 977; x_wconf 71' lang='lat' dir='ltr'>maestam</span> <span class='ocrx_word' id='word_1_132' title='bbox 687 953 782 984; x_wconf 67' lang='lat' dir='ltr'>sugam,</span> 
     </span>
     <span class='ocr_line' id='line_1_23' title="bbox 94 990 711 1022; baseline 0 -8"><span class='ocrx_word' id='word_1_133' title='bbox 94 993 139 1015; x_wconf 87' lang='lat' dir='ltr'>aut</span> <span class='ocrx_word' id='word_1_134' title='bbox 149 991 245 1022; x_wconf 70' lang='lat' dir='ltr'>semper</span> <span class='ocrx_word' id='word_1_135' title='bbox 255 990 371 1021; x_wconf 79' lang='lat' dir='ltr'>aliquam</span> <span class='ocrx_word' id='word_1_136' title='bbox 381 990 470 1014; x_wconf 76' lang='lat' dir='ltr'>molem</span> <span class='ocrx_word' id='word_1_137' title='bbox 480 990 624 1015; x_wconf 74' lang='lat' dir='ltr'>meditabar</span> <span class='ocrx_word' id='word_1_138' title='bbox 634 990 711 1014; x_wconf 78' lang='lat' dir='ltr'>mali:</span> 
     </span>
     <span class='ocr_line' id='line_1_24' title="bbox 94 1027 596 1059; baseline -0.002 -7"><span class='ocrx_word' id='word_1_139' title='bbox 94 1031 129 1056; x_wconf 84' lang='lat' dir='ltr'>ut,</span> <span class='ocrx_word' id='word_1_140' title='bbox 141 1028 166 1052; x_wconf 82' lang='lat' dir='ltr'>si</span> <span class='ocrx_word' id='word_1_141' title='bbox 174 1035 226 1059; x_wconf 81' lang='lat' dir='ltr'>qua</span> <span class='ocrx_word' id='word_1_142' title='bbox 236 1028 335 1052; x_wconf 77' lang='lat' dir='ltr'>invecta</span> <span class='ocrx_word' id='word_1_143' title='bbox 345 1027 440 1052; x_wconf 81' lang='lat' dir='ltr'>diritas</span> <span class='ocrx_word' id='word_1_144' title='bbox 451 1029 512 1052; x_wconf 71' lang='lat' dir='ltr'>casa</span> <span class='ocrx_word' id='word_1_145' title='bbox 524 1028 596 1059; x_wconf 78' lang='lat' dir='ltr'>foret,</span> 
     </span>
     <span class='ocr_line' id='line_1_25' title="bbox 93 1064 659 1096; baseline -0.002 -7"><span class='ocrx_word' id='word_1_146' title='bbox 93 1072 124 1089; x_wconf 82' lang='lat' dir='ltr'>ne</span> <span class='ocrx_word' id='word_1_147' title='bbox 134 1072 172 1089; x_wconf 84' lang='lat' dir='ltr'>me</span> <span class='ocrx_word' id='word_1_148' title='bbox 183 1065 339 1096; x_wconf 83' lang='lat' dir='ltr'>imparatum</span> <span class='ocrx_word' id='word_1_149' title='bbox 350 1065 414 1089; x_wconf 73' lang='lat' dir='ltr'>cara</span> <span class='ocrx_word' id='word_1_150' title='bbox 425 1064 552 1089; x_wconf 62' lang='lat' dir='ltr'>laceraret</span> <span class='ocrx_word' id='word_1_151' title='bbox 563 1071 659 1096; x_wconf 75' lang='lat' dir='ltr'>repens.</span> 
     </span>
     <span class='ocr_line' id='line_1_26' title="bbox 56 1099 852 1132; baseline -0.003 -5"><span class='ocrx_word' id='word_1_152' title='bbox 56 1102 98 1127; x_wconf 89' lang='grc'>30.</span> <span class='ocrx_word' id='word_1_153' title='bbox 113 1099 190 1132; x_wconf 90' lang='lat' dir='ltr'>Quod</span> <span class='ocrx_word' id='word_1_154' title='bbox 201 1104 290 1126; x_wconf 89' lang='lat' dir='ltr'>autem</span> <span class='ocrx_word' id='word_1_155' title='bbox 301 1099 422 1126; x_wconf 85' lang='lat' dir='ltr'>Theseus</span> <span class='ocrx_word' id='word_1_156' title='bbox 436 1109 450 1126; x_wconf 93' lang='lat' dir='ltr'>a</span> <span class='ocrx_word' id='word_1_157' title='bbox 466 1099 543 1127; x_wconf 89' lang='lat' dir='ltr'>docto</span> <span class='ocrx_word' id='word_1_158' title='bbox 558 1108 586 1126; x_wconf 89' lang='lat' dir='ltr'>se</span> <span class='ocrx_word' id='word_1_159' title='bbox 603 1099 712 1126; x_wconf 85' lang='lat' dir='ltr'>audisse</span> <span class='ocrx_word' id='word_1_160' title='bbox 728 1099 806 1130; x_wconf 90' lang='lat' dir='ltr'>dicit,</span> <span class='ocrx_word' id='word_1_161' title='bbox 825 1099 852 1126; x_wconf 91' lang='lat' dir='ltr'>id</span> 
     </span>
     <span class='ocr_line' id='line_1_27' title="bbox 56 1137 853 1172; baseline -0.001 -8"><span class='ocrx_word' id='word_1_162' title='bbox 56 1138 89 1164; x_wconf 84' lang='lat' dir='ltr'>de</span> <span class='ocrx_word' id='word_1_163' title='bbox 104 1146 133 1164; x_wconf 87' lang='lat' dir='ltr'>se</span> <span class='ocrx_word' id='word_1_164' title='bbox 149 1138 208 1172; x_wconf 90' lang='lat' dir='ltr'>ipso</span> <span class='ocrx_word' id='word_1_165' title='bbox 223 1137 341 1172; x_wconf 89' lang='lat' dir='ltr'>loquitur</span> <span class='ocrx_word' id='word_1_166' title='bbox 351 1137 506 1172; x_wconf 87' lang='lat' dir='ltr'>Euripides.</span> <span class='ocrx_word' id='word_1_167' title='bbox 547 1137 644 1163; x_wconf 87' lang='lat' dir='ltr'>Fuerat</span> <span class='ocrx_word' id='word_1_168' title='bbox 659 1138 730 1163; x_wconf 91' lang='lat' dir='ltr'>enim</span> <span class='ocrx_word' id='word_1_169' title='bbox 747 1137 853 1163; x_wconf 86' lang='lat' dir='ltr'>auditor</span> 
     </span>
     <span class='ocr_line' id='line_1_28' title="bbox 56 1174 853 1210; baseline -0.003 -8"><span class='ocrx_word' id='word_1_170' title='bbox 56 1176 242 1210; x_wconf 81' lang='lat' dir='ltr'>Anaxagorae:</span> <span class='ocrx_word' id='word_1_171' title='bbox 256 1183 337 1209; x_wconf 89' lang='lat' dir='ltr'>quem</span> <span class='ocrx_word' id='word_1_172' title='bbox 350 1174 447 1206; x_wconf 88' lang='lat' dir='ltr'>ferunt,</span> <span class='ocrx_word' id='word_1_173' title='bbox 461 1175 581 1201; x_wconf 88' lang='lat' dir='ltr'>nuntiata</span> <span class='ocrx_word' id='word_1_174' title='bbox 593 1179 676 1201; x_wconf 90' lang='lat' dir='ltr'>morte</span> <span class='ocrx_word' id='word_1_175' title='bbox 691 1174 749 1206; x_wconf 78' lang='lat' dir='ltr'>filii,</span> <span class='ocrx_word' id='word_1_176' title='bbox 764 1174 853 1201; x_wconf 87' lang='lat' dir='ltr'>dixis-</span> 
     </span>
     <span class='ocr_line' id='line_1_29' title="bbox 56 1211 853 1247; baseline 0 -9"><span class='ocrx_word' id='word_1_177' title='bbox 56 1221 98 1244; x_wconf 89' lang='lat' dir='ltr'>se,</span> <span class='ocrx_word' id='word_1_178' title='bbox 116 1212 241 1238; x_wconf 88' lang='lat' dir='ltr'>Sciebam</span> <span class='ocrx_word' id='word_1_179' title='bbox 257 1220 299 1238; x_wconf 89' lang='lat' dir='ltr'>me</span> <span class='ocrx_word' id='word_1_180' title='bbox 314 1212 441 1247; x_wconf 82' lang='lat' dir='ltr'>genuisse</span> <span class='ocrx_word' id='word_1_181' title='bbox 457 1211 607 1238; x_wconf 46' lang='lat' dir='ltr'>mortalem:</span> <span class='ocrx_word' id='word_1_182' title='bbox 647 1212 721 1244; x_wconf 84' lang='lat' dir='ltr'>Quae</span> <span class='ocrx_word' id='word_1_183' title='bbox 737 1220 789 1238; x_wconf 81' lang='lat' dir='ltr'>vox</span> <span class='ocrx_word' id='word_1_184' title='bbox 805 1212 853 1238; x_wconf 90' lang='lat' dir='ltr'>de-</span> 
     </span>
     <span class='ocr_line' id='line_1_30' title="bbox 56 1249 853 1285; baseline 0 -10"><span class='ocrx_word' id='word_1_185' title='bbox 56 1250 150 1280; x_wconf 81' lang='lat' dir='ltr'>clarat,</span> <span class='ocrx_word' id='word_1_186' title='bbox 170 1250 203 1276; x_wconf 85' lang='lat' dir='ltr'>iis</span> <span class='ocrx_word' id='word_1_187' title='bbox 219 1257 278 1275; x_wconf 88' lang='lat' dir='ltr'>esse</span> <span class='ocrx_word' id='word_1_188' title='bbox 290 1249 354 1275; x_wconf 89' lang='lat' dir='ltr'>haec</span> <span class='ocrx_word' id='word_1_189' title='bbox 366 1249 473 1280; x_wconf 90' lang='lat' dir='ltr'>acerba,</span> <span class='ocrx_word' id='word_1_190' title='bbox 491 1249 593 1284; x_wconf 90' lang='lat' dir='ltr'>quibus</span> <span class='ocrx_word' id='word_1_191' title='bbox 604 1257 656 1276; x_wconf 90' lang='lat' dir='ltr'>non</span> <span class='ocrx_word' id='word_1_192' title='bbox 668 1249 767 1276; x_wconf 90' lang='lat' dir='ltr'>fuerint</span> <span class='ocrx_word' id='word_1_193' title='bbox 777 1250 853 1285; x_wconf 89' lang='lat' dir='ltr'>cogi-</span> 
     </span>
     <span class='ocr_line' id='line_1_31' title="bbox 57 1286 852 1322; baseline -0.001 -8"><span class='ocrx_word' id='word_1_194' title='bbox 57 1292 118 1314; x_wconf 91' lang='lat' dir='ltr'>tata.</span> <span class='ocrx_word' id='word_1_195' title='bbox 145 1287 214 1322; x_wconf 89' lang='lat' dir='ltr'>Ergo</span> <span class='ocrx_word' id='word_1_196' title='bbox 228 1286 256 1313; x_wconf 92' lang='lat' dir='ltr'>id</span> <span class='ocrx_word' id='word_1_197' title='bbox 267 1286 378 1321; x_wconf 90' lang='lat' dir='ltr'>quidem</span> <span class='ocrx_word' id='word_1_198' title='bbox 390 1295 442 1313; x_wconf 89' lang='lat' dir='ltr'>non</span> <span class='ocrx_word' id='word_1_199' title='bbox 453 1286 579 1318; x_wconf 85' lang='lat' dir='ltr'>dubium,</span> <span class='ocrx_word' id='word_1_200' title='bbox 593 1287 659 1322; x_wconf 92' lang='lat' dir='ltr'>quin</span> <span class='ocrx_word' id='word_1_201' title='bbox 670 1287 769 1317; x_wconf 87' lang='lat' dir='ltr'>omnia,</span> <span class='ocrx_word' id='word_1_202' title='bbox 783 1295 852 1322; x_wconf 88' lang='lat' dir='ltr'>quae</span> 
     </span>
     <span class='ocr_line' id='line_1_32' title="bbox 56 1324 853 1360; baseline 0 -10"><span class='ocrx_word' id='word_1_203' title='bbox 56 1324 125 1351; x_wconf 90' lang='lat' dir='ltr'>mala</span> <span class='ocrx_word' id='word_1_204' title='bbox 137 1328 273 1359; x_wconf 89' lang='lat' dir='ltr'>putentur,</span> <span class='ocrx_word' id='word_1_205' title='bbox 281 1325 336 1350; x_wconf 89' lang='lat' dir='ltr'>sint</span> <span class='ocrx_word' id='word_1_206' title='bbox 346 1324 493 1359; x_wconf 91' lang='lat' dir='ltr'>improvisa</span> <span class='ocrx_word' id='word_1_207' title='bbox 504 1325 637 1360; x_wconf 88' lang='lat' dir='ltr'>graviora.</span> <span class='ocrx_word' id='word_1_208' title='bbox 654 1325 745 1359; x_wconf 89' lang='lat' dir='ltr'>Itaque</span> <span class='ocrx_word' id='word_1_209' title='bbox 756 1332 853 1359; x_wconf 90' lang='lat' dir='ltr'>quam—</span> 
     </span>
     <span class='ocr_line' id='line_1_33' title="bbox 56 1361 853 1397; baseline 0 -9"><span class='ocrx_word' id='word_1_210' title='bbox 56 1370 137 1397; x_wconf 88' lang='lat' dir='ltr'>quam</span> <span class='ocrx_word' id='word_1_211' title='bbox 158 1370 211 1388; x_wconf 87' lang='lat' dir='ltr'>non</span> <span class='ocrx_word' id='word_1_212' title='bbox 232 1361 297 1388; x_wconf 87' lang='lat' dir='ltr'>haec</span> <span class='ocrx_word' id='word_1_213' title='bbox 311 1370 363 1388; x_wconf 90' lang='lat' dir='ltr'>una</span> <span class='ocrx_word' id='word_1_214' title='bbox 382 1370 424 1388; x_wconf 89' lang='lat' dir='ltr'>res</span> <span class='ocrx_word' id='word_1_215' title='bbox 439 1361 523 1388; x_wconf 82' lang='lat' dir='ltr'>efficit</span> <span class='ocrx_word' id='word_1_216' title='bbox 538 1362 683 1388; x_wconf 84' lang='lat' dir='ltr'>maximam</span> <span class='ocrx_word' id='word_1_217' title='bbox 704 1361 853 1397; x_wconf 84' lang='lat' dir='ltr'>aegritudi-</span> 
     </span>
     <span class='ocr_line' id='line_1_34' title="bbox 56 1398 852 1434; baseline 0 -9"><span class='ocrx_word' id='word_1_218' title='bbox 56 1407 132 1426; x_wconf 90' lang='lat' dir='ltr'>nem:</span> <span class='ocrx_word' id='word_1_219' title='bbox 150 1403 253 1430; x_wconf 78' lang='lat' dir='ltr'>tamen,</span> <span class='ocrx_word' id='word_1_220' title='bbox 270 1399 400 1434; x_wconf 87' lang='lat' dir='ltr'>quoniam</span> <span class='ocrx_word' id='word_1_221' title='bbox 414 1398 530 1426; x_wconf 90' lang='lat' dir='ltr'>multum</span> <span class='ocrx_word' id='word_1_222' title='bbox 543 1404 628 1434; x_wconf 84' lang='lat' dir='ltr'>potest</span> <span class='ocrx_word' id='word_1_223' title='bbox 638 1399 758 1434; x_wconf 90' lang='lat' dir='ltr'>provisio</span> <span class='ocrx_word' id='word_1_224' title='bbox 768 1400 852 1426; x_wconf 84' lang='lat' dir='ltr'>animi</span> 
     </span>
     <span class='ocr_line' id='line_1_35' title="bbox 55 1436 853 1472; baseline 0.001 -10"><span class='ocrx_word' id='word_1_225' title='bbox 55 1441 81 1463; x_wconf 89' lang='lat' dir='ltr'>et</span> <span class='ocrx_word' id='word_1_226' title='bbox 95 1437 261 1472; x_wconf 87' lang='lat' dir='ltr'>praeparatio</span> <span class='ocrx_word' id='word_1_227' title='bbox 282 1436 315 1462; x_wconf 89' lang='lat' dir='ltr'>ad</span> <span class='ocrx_word' id='word_1_228' title='bbox 332 1436 509 1463; x_wconf 88' lang='lat' dir='ltr'>minuendum</span> <span class='ocrx_word' id='word_1_229' title='bbox 527 1436 660 1467; x_wconf 87' lang='lat' dir='ltr'>dolorem,</span> <span class='ocrx_word' id='word_1_230' title='bbox 677 1437 731 1463; x_wconf 89' lang='lat' dir='ltr'>sint</span> <span class='ocrx_word' id='word_1_231' title='bbox 746 1445 853 1472; x_wconf 88' lang='lat' dir='ltr'>semper</span> 
     </span>
     <span class='ocr_line' id='line_1_36' title="bbox 55 1473 853 1501; baseline 0.001 -1"><span class='ocrx_word' id='word_1_232' title='bbox 55 1475 144 1501; x_wconf 89' lang='lat' dir='ltr'>omnia</span> <span class='ocrx_word' id='word_1_233' title='bbox 161 1474 264 1500; x_wconf 89' lang='lat' dir='ltr'>homini</span> <span class='ocrx_word' id='word_1_234' title='bbox 280 1474 398 1501; x_wconf 87' lang='lat' dir='ltr'>humana</span> <span class='ocrx_word' id='word_1_235' title='bbox 414 1473 550 1501; x_wconf 85' lang='lat' dir='ltr'>meditata.</span> <span class='ocrx_word' id='word_1_236' title='bbox 590 1474 623 1501; x_wconf 90' lang='lat' dir='ltr'>Et</span> <span class='ocrx_word' id='word_1_237' title='bbox 638 1474 768 1500; x_wconf 90' lang='lat' dir='ltr'>nimirum</span> <span class='ocrx_word' id='word_1_238' title='bbox 788 1475 853 1501; x_wconf 89' lang='lat' dir='ltr'>haec</span> 
     </span>
     <span class='ocr_line' id='line_1_37' title="bbox 55 1511 853 1547; baseline 0.001 -10"><span class='ocrx_word' id='word_1_239' title='bbox 55 1516 95 1538; x_wconf 87' lang='lat' dir='ltr'>est</span> <span class='ocrx_word' id='word_1_240' title='bbox 108 1511 153 1537; x_wconf 91' lang='lat' dir='ltr'>illa</span> <span class='ocrx_word' id='word_1_241' title='bbox 164 1515 302 1546; x_wconf 89' lang='lat' dir='ltr'>praestans</span> <span class='ocrx_word' id='word_1_242' title='bbox 313 1516 339 1538; x_wconf 89' lang='lat' dir='ltr'>et</span> <span class='ocrx_word' id='word_1_243' title='bbox 349 1511 443 1538; x_wconf 90' lang='lat' dir='ltr'>divina</span> <span class='ocrx_word' id='word_1_244' title='bbox 456 1512 598 1546; x_wconf 85' lang='lat' dir='ltr'>sapientia,</span> <span class='ocrx_word' id='word_1_245' title='bbox 615 1516 641 1538; x_wconf 86' lang='lat' dir='ltr'>et</span> <span class='ocrx_word' id='word_1_246' title='bbox 653 1517 793 1546; x_wconf 87' lang='lat' dir='ltr'>perceptas</span> <span class='ocrx_word' id='word_1_247' title='bbox 804 1520 853 1547; x_wconf 90' lang='lat' dir='ltr'>pe-</span> 
     </span>
     <span class='ocr_line' id='line_1_38' title="bbox 56 1548 853 1583; baseline 0.001 -8"><span class='ocrx_word' id='word_1_248' title='bbox 56 1549 128 1575; x_wconf 88' lang='lat' dir='ltr'>nitus</span> <span class='ocrx_word' id='word_1_249' title='bbox 139 1553 165 1575; x_wconf 88' lang='lat' dir='ltr'>et</span> <span class='ocrx_word' id='word_1_250' title='bbox 175 1553 346 1583; x_wconf 80' lang='lat' dir='ltr'>pertractatas</span> <span class='ocrx_word' id='word_1_251' title='bbox 359 1549 491 1575; x_wconf 90' lang='lat' dir='ltr'>humanas</span> <span class='ocrx_word' id='word_1_252' title='bbox 503 1557 545 1575; x_wconf 91' lang='lat' dir='ltr'>res</span> <span class='ocrx_word' id='word_1_253' title='bbox 557 1548 668 1581; x_wconf 69' lang='lat' dir='ltr'>habere,</span> <span class='ocrx_word' id='word_1_254' title='bbox 686 1549 754 1575; x_wconf 86' lang='lat' dir='ltr'>nihil</span> <span class='ocrx_word' id='word_1_255' title='bbox 765 1549 853 1576; x_wconf 88' lang='lat' dir='ltr'>admi-</span> 
     </span>
     <span class='ocr_line' id='line_1_39' title="bbox 55 1586 852 1622; baseline 0.003 -10"><span class='ocrx_word' id='word_1_256' title='bbox 55 1587 116 1617; x_wconf 83' lang='lat' dir='ltr'>rari,</span> <span class='ocrx_word' id='word_1_257' title='bbox 133 1594 219 1621; x_wconf 92' lang='lat' dir='ltr'>quum</span> <span class='ocrx_word' id='word_1_258' title='bbox 230 1586 368 1619; x_wconf 68' lang='lat' dir='ltr'>acciderit,</span> <span class='ocrx_word' id='word_1_259' title='bbox 387 1586 470 1617; x_wconf 90' lang='lat' dir='ltr'>nihil,</span> <span class='ocrx_word' id='word_1_260' title='bbox 488 1591 631 1622; x_wconf 86' lang='lat' dir='ltr'>antequam</span> <span class='ocrx_word' id='word_1_261' title='bbox 648 1587 781 1618; x_wconf 80' lang='lat' dir='ltr'>evenerit,</span> <span class='ocrx_word' id='word_1_262' title='bbox 800 1596 852 1614; x_wconf 92' lang='lat' dir='ltr'>non</span> 
     </span>
     <span class='ocr_line' id='line_1_40' title="bbox 55 1623 397 1658; baseline 0.003 -9"><span class='ocrx_word' id='word_1_263' title='bbox 55 1624 163 1650; x_wconf 86' lang='lat' dir='ltr'>evenire</span> <span class='ocrx_word' id='word_1_264' title='bbox 174 1632 253 1658; x_wconf 85' lang='lat' dir='ltr'>posse</span> <span class='ocrx_word' id='word_1_265' title='bbox 264 1623 397 1650; x_wconf 86' lang='lat' dir='ltr'>arbitrari.</span> 
     </span>
     <span class='ocr_line' id='line_1_41' title="bbox 94 1661 853 1695; baseline 0.001 -8"><span class='ocrx_word' id='word_1_266' title='bbox 94 1661 176 1693; x_wconf 85' lang='lat' dir='ltr'>Quam</span> <span class='ocrx_word' id='word_1_267' title='bbox 190 1663 220 1687; x_wconf 84' lang='lat' dir='ltr'>ob</span> <span class='ocrx_word' id='word_1_268' title='bbox 235 1670 288 1687; x_wconf 79' lang='lat' dir='ltr'>rem</span> <span class='ocrx_word' id='word_1_269' title='bbox 303 1663 400 1691; x_wconf 78' lang='lat' dir='ltr'>omnes,</span> <span class='ocrx_word' id='word_1_270' title='bbox 416 1670 494 1695; x_wconf 83' lang='lat' dir='ltr'>quum</span> <span class='ocrx_word' id='word_1_271' title='bbox 503 1663 629 1687; x_wconf 68' lang='lat' dir='ltr'>secundae</span> <span class='ocrx_word' id='word_1_272' title='bbox 638 1670 679 1687; x_wconf 82' lang='lat' dir='ltr'>res</span> <span class='ocrx_word' id='word_1_273' title='bbox 689 1666 747 1688; x_wconf 82' lang='lat' dir='ltr'>sunt</span> <span class='ocrx_word' id='word_1_274' title='bbox 758 1664 853 1688; x_wconf 76' lang='lat' dir='ltr'>maxu-</span> 
     </span>
     <span class='ocr_line' id='line_1_42' title="bbox 460 1701 704 1729; baseline 0 -5"><span class='ocrx_word' id='word_1_275' title='bbox 460 1707 507 1729; x_wconf 75' lang='lat' dir='ltr'>me,</span> <span class='ocrx_word' id='word_1_276' title='bbox 521 1702 573 1724; x_wconf 81' lang='lat' dir='ltr'>tum</span> <span class='ocrx_word' id='word_1_277' title='bbox 583 1701 704 1725; x_wconf 71' lang='lat' dir='ltr'>maxume</span> 
     </span>
     <span class='ocr_line' id='line_1_43' title="bbox 91 1736 852 1769; baseline 0.004 -9"><span class='ocrx_word' id='word_1_278' title='bbox 91 1736 212 1761; x_wconf 72' lang='lat' dir='ltr'>meditari</span> <span class='ocrx_word' id='word_1_279' title='bbox 225 1743 310 1761; x_wconf 82' lang='lat' dir='ltr'>secum</span> <span class='ocrx_word' id='word_1_280' title='bbox 323 1738 433 1769; x_wconf 74' lang='lat' dir='ltr'>oportet,</span> <span class='ocrx_word' id='word_1_281' title='bbox 456 1744 506 1769; x_wconf 81' lang='lat' dir='ltr'>quo</span> <span class='ocrx_word' id='word_1_282' title='bbox 519 1740 595 1768; x_wconf 81' lang='lat' dir='ltr'>paolo</span> <span class='ocrx_word' id='word_1_283' title='bbox 614 1738 752 1762; x_wconf 81' lang='lat' dir='ltr'>adversam</span> <span class='ocrx_word' id='word_1_284' title='bbox 774 1745 852 1763; x_wconf 75' lang='lat' dir='ltr'>acru-</span> 
     </span>
     <span class='ocr_line' id='line_1_44' title="bbox 464 1775 664 1806; baseline 0 -7"><span class='ocrx_word' id='word_1_285' title='bbox 464 1775 551 1799; x_wconf 75' lang='lat' dir='ltr'>mnam</span> <span class='ocrx_word' id='word_1_286' title='bbox 564 1775 664 1806; x_wconf 78' lang='lat' dir='ltr'>serant.-</span> 
     </span>
     <span class='ocr_line' id='line_1_45' title="bbox 89 1810 852 1845; baseline 0.003 -10"><span class='ocrx_word' id='word_1_287' title='bbox 89 1810 202 1842; x_wconf 78' lang='lat' dir='ltr'>pericla,</span> <span class='ocrx_word' id='word_1_288' title='bbox 223 1811 331 1841; x_wconf 78' lang='lat' dir='ltr'>damna,</span> <span class='ocrx_word' id='word_1_289' title='bbox 353 1813 459 1845; x_wconf 73' lang='lat' dir='ltr'>pe&#39;reqre</span> <span class='ocrx_word' id='word_1_290' title='bbox 478 1812 580 1837; x_wconf 78' lang='lat' dir='ltr'>rediens</span> <span class='ocrx_word' id='word_1_291' title='bbox 593 1813 691 1844; x_wconf 66' lang='lat' dir='ltr'>semper</span> <span class='ocrx_word' id='word_1_292' title='bbox 709 1819 794 1838; x_wconf 79' lang='lat' dir='ltr'>secum</span> <span class='ocrx_word' id='word_1_293' title='bbox 809 1814 852 1837; x_wconf 79' lang='lat' dir='ltr'>co-</span> 
     </span>
     <span class='ocr_line' id='line_1_46' title="bbox 463 1850 532 1881; baseline -0.014 -7"><span class='ocrx_word' id='word_1_294' title='bbox 463 1850 532 1881; x_wconf 75' lang='lat' dir='ltr'>yitet,</span> 
     </span>
     <span class='ocr_line' id='line_1_47' title="bbox 91 1885 852 1917; baseline 0.004 -8"><span class='ocrx_word' id='word_1_295' title='bbox 91 1887 136 1910; x_wconf 83' lang='lat' dir='ltr'>aut</span> <span class='ocrx_word' id='word_1_296' title='bbox 150 1885 203 1917; x_wconf 65' lang='lat' dir='ltr'>silit·</span> <span class='ocrx_word' id='word_1_297' title='bbox 215 1889 360 1917; x_wconf 81' lang='lat' dir='ltr'>peccatum,</span> <span class='ocrx_word' id='word_1_298' title='bbox 376 1887 422 1911; x_wconf 68' lang='lat' dir='ltr'>aut</span> <span class='ocrx_word' id='word_1_299' title='bbox 437 1887 530 1911; x_wconf 74' lang='lat' dir='ltr'>umoris</span> <span class='ocrx_word' id='word_1_300' title='bbox 544 1887 661 1916; x_wconf 78' lang='lat' dir='ltr'>mortem,</span> <span class='ocrx_word' id='word_1_301' title='bbox 678 1889 724 1912; x_wconf 86' lang='lat' dir='ltr'>aut</span> <span class='ocrx_word' id='word_1_302' title='bbox 737 1887 852 1912; x_wconf 81' lang='lat' dir='ltr'>morbum</span> 
     </span>
     <span class='ocr_line' id='line_1_48' title="bbox 464 1923 552 1955; baseline 0.011 -8"><span class='ocrx_word' id='word_1_303' title='bbox 464 1923 552 1955; x_wconf 70' lang='lat' dir='ltr'>filiae:</span> 
     </span>
     <span class='ocr_line' id='line_1_49' title="bbox 92 1959 852 1993; baseline 0.004 -9"><span class='ocrx_word' id='word_1_304' title='bbox 92 1959 236 1984; x_wconf 80' lang='lat' dir='ltr'>commu&#39;nia</span> <span class='ocrx_word' id='word_1_305' title='bbox 246 1965 298 1984; x_wconf 79' lang='lat' dir='ltr'>esse</span> <span class='ocrx_word' id='word_1_306' title='bbox 307 1959 381 1988; x_wconf 75' lang='lat' dir='ltr'>haec,</span> <span class='ocrx_word' id='word_1_307' title='bbox 397 1961 429 1985; x_wconf 74' lang='lat' dir='ltr'>ne&#39;</span> <span class='ocrx_word' id='word_1_308' title='bbox 440 1961 502 1992; x_wconf 81' lang='lat' dir='ltr'>quid</span> <span class='ocrx_word' id='word_1_309' title='bbox 514 1960 605 1985; x_wconf 83' lang='lat' dir='ltr'>horum</span> <span class='ocrx_word' id='word_1_310' title='bbox 618 1968 738 1993; x_wconf 79' lang='lat' dir='ltr'>umquam</span> <span class='ocrx_word' id='word_1_311' title='bbox 748 1962 852 1987; x_wconf 74' lang='lat' dir='ltr'>accidat</span> 
     </span>
     <span class='ocr_line' id='line_1_50' title="bbox 465 1998 664 2022; baseline 0.01 -2"><span class='ocrx_word' id='word_1_312' title='bbox 465 1998 551 2022; x_wconf 80' lang='lat' dir='ltr'>animo</span> <span class='ocrx_word' id='word_1_313' title='bbox 560 2004 664 2022; x_wconf 77' lang='lat' dir='ltr'>novom:</span> 
     </span>
     <span class='ocr_line' id='line_1_51' title="bbox 91 2033 853 2067; baseline 0.003 -9"><span class='ocrx_word' id='word_1_314' title='bbox 91 2033 218 2065; x_wconf 73' lang='lat' dir='ltr'>quidquid</span> <span class='ocrx_word' id='word_1_315' title='bbox 226 2036 330 2065; x_wconf 77' lang='lat' dir='ltr'>praeter</span> <span class='ocrx_word' id='word_1_316' title='bbox 340 2040 407 2065; x_wconf 83' lang='lat' dir='ltr'>spem</span> <span class='ocrx_word' id='word_1_317' title='bbox 418 2035 529 2062; x_wconf 68' lang='lat' dir='ltr'>eveniat,</span> <span class='ocrx_word' id='word_1_318' title='bbox 546 2041 617 2059; x_wconf 77' lang='lat' dir='ltr'>omne</span> <span class='ocrx_word' id='word_1_319' title='bbox 631 2035 658 2059; x_wconf 80' lang='lat' dir='ltr'>id</span> <span class='ocrx_word' id='word_1_320' title='bbox 668 2035 790 2067; x_wconf 48' lang='lat' dir='ltr'>deputare</span> <span class='ocrx_word' id='word_1_321' title='bbox 801 2043 853 2061; x_wconf 77' lang='lat' dir='ltr'>esso</span> 
     </span>
     <span class='ocr_line' id='line_1_52' title="bbox 462 2071 580 2096; baseline 0 0"><span class='ocrx_word' id='word_1_322' title='bbox 462 2071 490 2096; x_wconf 77' lang='lat' dir='ltr'>in</span> <span class='ocrx_word' id='word_1_323' title='bbox 501 2071 580 2096; x_wconf 82' lang='lat' dir='ltr'>lucro.</span> 
     </span>
     <span class='ocr_line' id='line_1_53' title="bbox 55 2104 851 2143; baseline 0.004 -12"><span class='ocrx_word' id='word_1_324' title='bbox 55 2104 113 2131; x_wconf 89' lang='lat' dir='ltr'>XV.</span> <span class='ocrx_word' id='word_1_325' title='bbox 136 2106 178 2131; x_wconf 70' lang='lat'>31.</span> <span class='ocrx_word' id='word_1_326' title='bbox 199 2105 270 2141; x_wconf 81' lang='lat' dir='ltr'>Ergo</span> <span class='ocrx_word' id='word_1_327' title='bbox 285 2105 336 2132; x_wconf 85' lang='lat' dir='ltr'>hoc</span> <span class='ocrx_word' id='word_1_328' title='bbox 346 2105 487 2133; x_wconf 81' lang='lat' dir='ltr'>Terentius</span> <span class='ocrx_word' id='word_1_329' title='bbox 499 2115 513 2133; x_wconf 89' lang='lat' dir='ltr'>a</span> <span class='ocrx_word' id='word_1_330' title='bbox 528 2106 700 2142; x_wconf 83' lang='lat' dir='ltr'>philosophia</span> <span class='ocrx_word' id='word_1_331' title='bbox 712 2112 851 2143; x_wconf 88' lang='lat' dir='ltr'>sumptum</span> 
     </span>
     <span class='ocr_line' id='line_1_54' title="bbox 54 2143 851 2180; baseline 0.004 -12"><span class='ocrx_word' id='word_1_332' title='bbox 54 2151 139 2178; x_wconf 90' lang='lat' dir='ltr'>quum</span> <span class='ocrx_word' id='word_1_333' title='bbox 152 2147 205 2169; x_wconf 84' lang='lat' dir='ltr'>tam</span> <span class='ocrx_word' id='word_1_334' title='bbox 215 2143 354 2169; x_wconf 85' lang='lat' dir='ltr'>commode</span> <span class='ocrx_word' id='word_1_335' title='bbox 365 2143 478 2170; x_wconf 85' lang='lat' dir='ltr'>dixerit:</span> <span class='ocrx_word' id='word_1_336' title='bbox 496 2152 557 2175; x_wconf 93' lang='lat' dir='ltr'>nos,</span> <span class='ocrx_word' id='word_1_337' title='bbox 575 2153 589 2170; x_wconf 84' lang='lat' dir='ltr'>e</span> <span class='ocrx_word' id='word_1_338' title='bbox 603 2153 719 2180; x_wconf 88' lang='lat' dir='ltr'>quorum</span> <span class='ocrx_word' id='word_1_339' title='bbox 732 2144 851 2172; x_wconf 80' lang='lat' dir='ltr'>sontibus</span> 
     </span>
     <span class='ocr_line' id='line_1_55' title="bbox 54 2179 852 2214; baseline 0.004 -8"><span class='ocrx_word' id='word_1_340' title='bbox 54 2179 82 2206; x_wconf 87' lang='lat' dir='ltr'>id</span> <span class='ocrx_word' id='word_1_341' title='bbox 94 2180 222 2206; x_wconf 89' lang='lat' dir='ltr'>haustum</span> <span class='ocrx_word' id='word_1_342' title='bbox 237 2184 290 2211; x_wconf 83' lang='lat' dir='ltr'>est,</span> <span class='ocrx_word' id='word_1_343' title='bbox 307 2188 359 2207; x_wconf 89' lang='lat' dir='ltr'>non</span> <span class='ocrx_word' id='word_1_344' title='bbox 375 2185 401 2207; x_wconf 89' lang='lat' dir='ltr'>et</span> <span class='ocrx_word' id='word_1_345' title='bbox 415 2180 538 2208; x_wconf 85' lang='lat' dir='ltr'>dicemus</span> <span class='ocrx_word' id='word_1_346' title='bbox 554 2181 603 2208; x_wconf 86' lang='lat' dir='ltr'>hoc</span> <span class='ocrx_word' id='word_1_347' title='bbox 617 2182 729 2214; x_wconf 92' lang='lat' dir='ltr'>melius,</span> <span class='ocrx_word' id='word_1_348' title='bbox 747 2186 773 2209; x_wconf 87' lang='lat' dir='ltr'>et</span> <span class='ocrx_word' id='word_1_349' title='bbox 787 2191 852 2209; x_wconf 86' lang='lat' dir='ltr'>eon-</span> 
     </span>
     <span class='ocr_line' id='line_1_56' title="bbox 54 2217 851 2255; baseline 0.004 -12"><span class='ocrx_word' id='word_1_350' title='bbox 54 2218 168 2244; x_wconf 88' lang='lat' dir='ltr'>stantius</span> <span class='ocrx_word' id='word_1_351' title='bbox 184 2217 350 2244; x_wconf 74' lang='lat' dir='ltr'>sentiemus?</span> <span class='ocrx_word' id='word_1_352' title='bbox 369 2218 418 2244; x_wconf 79' lang='lat' dir='ltr'>Hic</span> <span class='ocrx_word' id='word_1_353' title='bbox 433 2222 474 2245; x_wconf 85' lang='lat' dir='ltr'>est</span> <span class='ocrx_word' id='word_1_354' title='bbox 488 2219 560 2245; x_wconf 89' lang='lat' dir='ltr'>enim</span> <span class='ocrx_word' id='word_1_355' title='bbox 578 2219 624 2245; x_wconf 86' lang='lat' dir='ltr'>ille</span> <span class='ocrx_word' id='word_1_356' title='bbox 639 2219 731 2246; x_wconf 85' lang='lat' dir='ltr'>vultus</span> <span class='ocrx_word' id='word_1_357' title='bbox 745 2228 851 2255; x_wconf 83' lang='lat' dir='ltr'>semper</span> 
     </span>
     <span class='ocr_line' id='line_1_57' title="bbox 54 2254 850 2291; baseline 0.005 -11"><span class='ocrx_word' id='word_1_358' title='bbox 54 2254 140 2288; x_wconf 65' lang='lat' dir='ltr'>idem:</span> <span class='ocrx_word' id='word_1_359' title='bbox 163 2263 245 2289; x_wconf 90' lang='lat' dir='ltr'>quem</span> <span class='ocrx_word' id='word_1_360' title='bbox 265 2254 366 2281; x_wconf 87' lang='lat' dir='ltr'>dicitur</span> <span class='ocrx_word' id='word_1_361' title='bbox 384 2255 541 2291; x_wconf 85' lang='lat' dir='ltr'>Xanthippe</span> <span class='ocrx_word' id='word_1_362' title='bbox 559 2256 714 2291; x_wconf 83' lang='lat' dir='ltr'>praedicare</span> <span class='ocrx_word' id='word_1_363' title='bbox 729 2257 806 2284; x_wconf 86' lang='lat' dir='ltr'>solita</span> <span class='ocrx_word' id='word_1_364' title='bbox 824 2258 850 2284; x_wconf 94' lang='lat' dir='ltr'>in</span> 
     </span>
     <span class='ocr_line' id='line_1_58' title="bbox 55 2291 851 2328; baseline 0.004 -10"><span class='ocrx_word' id='word_1_365' title='bbox 55 2292 112 2318; x_wconf 85' lang='lat' dir='ltr'>viro</span> <span class='ocrx_word' id='word_1_366' title='bbox 125 2300 175 2318; x_wconf 87' lang='lat' dir='ltr'>suo</span> <span class='ocrx_word' id='word_1_367' title='bbox 187 2291 270 2318; x_wconf 80' lang='lat' dir='ltr'>fuisse</span> <span class='ocrx_word' id='word_1_368' title='bbox 282 2292 402 2323; x_wconf 84' lang='lat' dir='ltr'>Socrate,</span> <span class='ocrx_word' id='word_1_369' title='bbox 420 2292 514 2319; x_wconf 84' lang='lat' dir='ltr'>eodem</span> <span class='ocrx_word' id='word_1_370' title='bbox 531 2301 638 2328; x_wconf 85' lang='lat' dir='ltr'>semper</span> <span class='ocrx_word' id='word_1_371' title='bbox 648 2302 678 2320; x_wconf 90' lang='lat' dir='ltr'>se</span> <span class='ocrx_word' id='word_1_372' title='bbox 689 2294 791 2321; x_wconf 82' lang='lat' dir='ltr'>vidisse</span> <span class='ocrx_word' id='word_1_373' title='bbox 803 2303 851 2321; x_wconf 85' lang='lat' dir='ltr'>ex-</span> 
     </span>
     <span class='ocr_line' id='line_1_59' title="bbox 53 2329 849 2360; baseline 0.005 -5"><span class='ocrx_word' id='word_1_374' title='bbox 53 2333 161 2355; x_wconf 87' lang='lat' dir='ltr'>euntem</span> <span class='ocrx_word' id='word_1_375' title='bbox 182 2329 260 2355; x_wconf 89' lang='lat' dir='ltr'>illum</span> <span class='ocrx_word' id='word_1_376' title='bbox 280 2329 373 2360; x_wconf 80' lang='lat' dir='ltr'>domo.</span> <span class='ocrx_word' id='word_1_377' title='bbox 395 2333 422 2356; x_wconf 88' lang='lat' dir='ltr'>et</span> <span class='ocrx_word' id='word_1_378' title='bbox 442 2335 629 2358; x_wconf 85' lang='lat' dir='ltr'>revertentem.</span> <span class='ocrx_word' id='word_1_379' title='bbox 669 2332 724 2358; x_wconf 89' lang='lat' dir='ltr'>Nec</span> <span class='ocrx_word' id='word_1_380' title='bbox 739 2340 803 2358; x_wconf 89' lang='lat' dir='ltr'>vero</span> <span class='ocrx_word' id='word_1_381' title='bbox 819 2340 849 2358; x_wconf 89' lang='lat' dir='ltr'>ea</span> 
     </span>
     <span class='ocr_line' id='line_1_60' title="bbox 53 2365 848 2404; baseline 0.005 -12"><span class='ocrx_word' id='word_1_382' title='bbox 53 2365 126 2392; x_wconf 78' lang='lat' dir='ltr'>frons</span> <span class='ocrx_word' id='word_1_383' title='bbox 137 2371 206 2398; x_wconf 84' lang='lat' dir='ltr'>erat,</span> <span class='ocrx_word' id='word_1_384' title='bbox 223 2375 292 2402; x_wconf 89' lang='lat' dir='ltr'>quae</span> <span class='ocrx_word' id='word_1_385' title='bbox 304 2367 340 2393; x_wconf 89' lang='lat' dir='ltr'>M.</span> <span class='ocrx_word' id='word_1_386' title='bbox 352 2366 441 2393; x_wconf 80' lang='lat' dir='ltr'>Crassi</span> <span class='ocrx_word' id='word_1_387' title='bbox 453 2367 528 2394; x_wconf 86' lang='lat' dir='ltr'>illius</span> <span class='ocrx_word' id='word_1_388' title='bbox 540 2369 651 2400; x_wconf 86' lang='lat' dir='ltr'>veteris,</span> <span class='ocrx_word' id='word_1_389' title='bbox 669 2377 750 2404; x_wconf 86' lang='lat' dir='ltr'>quem</span> <span class='ocrx_word' id='word_1_390' title='bbox 766 2369 848 2396; x_wconf 86' lang='lat' dir='ltr'>semel</span> 
     </span>
     <span class='ocr_line' id='line_1_61' title="bbox 53 2403 850 2441; baseline 0.005 -12"><span class='ocrx_word' id='word_1_391' title='bbox 53 2403 90 2430; x_wconf 81' lang='lat' dir='ltr'>ait</span> <span class='ocrx_word' id='word_1_392' title='bbox 100 2403 127 2429; x_wconf 90' lang='lat' dir='ltr'>in</span> <span class='ocrx_word' id='word_1_393' title='bbox 138 2404 212 2430; x_wconf 91' lang='lat' dir='ltr'>omni</span> <span class='ocrx_word' id='word_1_394' title='bbox 223 2404 278 2431; x_wconf 88' lang='lat' dir='ltr'>vita</span> <span class='ocrx_word' id='word_1_395' title='bbox 289 2404 383 2430; x_wconf 86' lang='lat' dir='ltr'>risisse</span> <span class='ocrx_word' id='word_1_396' title='bbox 395 2404 529 2436; x_wconf 75' lang='lat' dir='ltr'>Lucilius:</span> <span class='ocrx_word' id='word_1_397' title='bbox 547 2405 594 2431; x_wconf 88' lang='lat' dir='ltr'>sod</span> <span class='ocrx_word' id='word_1_398' title='bbox 611 2406 755 2441; x_wconf 84' lang='lat' dir='ltr'>tranquilla</span> <span class='ocrx_word' id='word_1_399' title='bbox 771 2412 797 2433; x_wconf 85' lang='lat' dir='ltr'>ct</span> <span class='ocrx_word' id='word_1_400' title='bbox 807 2416 850 2433; x_wconf 85' lang='lat' dir='ltr'>se-</span> 
     </span>
     <span class='ocr_line' id='line_1_62' title="bbox 52 2441 851 2478; baseline 0.006 -12"><span class='ocrx_word' id='word_1_401' title='bbox 52 2448 129 2467; x_wconf 85' lang='lat' dir='ltr'>rena:</span> <span class='ocrx_word' id='word_1_402' title='bbox 147 2441 187 2467; x_wconf 87' lang='lat' dir='ltr'>sic</span> <span class='ocrx_word' id='word_1_403' title='bbox 201 2441 274 2468; x_wconf 88' lang='lat' dir='ltr'>enim</span> <span class='ocrx_word' id='word_1_404' title='bbox 289 2442 454 2477; x_wconf 88' lang='lat' dir='ltr'>accepimus.</span> <span class='ocrx_word' id='word_1_405' title='bbox 494 2442 554 2468; x_wconf 83' lang='lat' dir='ltr'>lure</span> <span class='ocrx_word' id='word_1_406' title='bbox 570 2447 658 2470; x_wconf 88' lang='lat' dir='ltr'>autem</span> <span class='ocrx_word' id='word_1_407' title='bbox 673 2448 729 2470; x_wconf 88' lang='lat' dir='ltr'>crat</span> <span class='ocrx_word' id='word_1_408' title='bbox 743 2452 851 2478; x_wconf 84' lang='lat' dir='ltr'>sempor</span> 
     </span>
     <span class='ocr_line' id='line_1_63' title="bbox 52 2477 849 2516; baseline 0.005 -13"><span class='ocrx_word' id='word_1_409' title='bbox 52 2477 124 2503; x_wconf 91' lang='lat' dir='ltr'>idem</span> <span class='ocrx_word' id='word_1_410' title='bbox 141 2477 246 2510; x_wconf 89' lang='lat' dir='ltr'>vultus,</span> <span class='ocrx_word' id='word_1_411' title='bbox 264 2487 349 2514; x_wconf 90' lang='lat' dir='ltr'>quum</span> <span class='ocrx_word' id='word_1_412' title='bbox 367 2479 477 2509; x_wconf 85' lang='lat' dir='ltr'>mentis.</span> <span class='ocrx_word' id='word_1_413' title='bbox 501 2487 514 2505; x_wconf 89' lang='lat' dir='ltr'>a</span> <span class='ocrx_word' id='word_1_414' title='bbox 531 2488 584 2514; x_wconf 86' lang='lat' dir='ltr'>qua</span> <span class='ocrx_word' id='word_1_415' title='bbox 599 2481 622 2506; x_wconf 82' lang='lat' dir='ltr'>is</span> <span class='ocrx_word' id='word_1_416' title='bbox 634 2480 757 2516; x_wconf 82' lang='lat' dir='ltr'>fingitur.</span> <span class='ocrx_word' id='word_1_417' title='bbox 776 2481 849 2507; x_wconf 89' lang='lat' dir='ltr'>nulla</span> 
     </span>
     <span class='ocr_line' id='line_1_64' title="bbox 52 2514 849 2553; baseline 0.004 -12"><span class='ocrx_word' id='word_1_418' title='bbox 52 2514 126 2541; x_wconf 80' lang='lat' dir='ltr'>fieret</span> <span class='ocrx_word' id='word_1_419' title='bbox 141 2516 262 2543; x_wconf 82' lang='lat' dir='ltr'>mutatio.</span> <span class='ocrx_word' id='word_1_420' title='bbox 302 2515 390 2548; x_wconf 84' lang='lat' dir='ltr'>Quare</span> <span class='ocrx_word' id='word_1_421' title='bbox 403 2517 506 2551; x_wconf 86' lang='lat' dir='ltr'>accipio</span> <span class='ocrx_word' id='word_1_422' title='bbox 521 2516 648 2551; x_wconf 80' lang='lat' dir='ltr'>equidem</span> <span class='ocrx_word' id='word_1_423' title='bbox 665 2525 678 2544; x_wconf 85' lang='lat' dir='ltr'>a</span> <span class='ocrx_word' id='word_1_424' title='bbox 694 2517 849 2553; x_wconf 76' lang='lat' dir='ltr'>Cyrenaicis</span> 
     </span>
     <span class='ocr_line' id='line_1_65' title="bbox 52 2551 850 2589; baseline 0.004 -11"><span class='ocrx_word' id='word_1_425' title='bbox 52 2551 118 2578; x_wconf 82' lang='lat' dir='ltr'>haec</span> <span class='ocrx_word' id='word_1_426' title='bbox 128 2560 201 2578; x_wconf 83' lang='lat' dir='ltr'>arma</span> <span class='ocrx_word' id='word_1_427' title='bbox 211 2556 302 2580; x_wconf 86' lang='lat' dir='ltr'>contra</span> <span class='ocrx_word' id='word_1_428' title='bbox 312 2562 392 2580; x_wconf 83' lang='lat' dir='ltr'>casus</span> <span class='ocrx_word' id='word_1_429' title='bbox 402 2558 428 2580; x_wconf 85' lang='lat' dir='ltr'>et</span> <span class='ocrx_word' id='word_1_430' title='bbox 439 2558 552 2580; x_wconf 83' lang='lat' dir='ltr'>eventus</span> <span class='ocrx_word' id='word_1_431' title='bbox 560 2575 566 2585; x_wconf 84' lang='lat'>,</span> <span class='ocrx_word' id='word_1_432' title='bbox 583 2554 686 2589; x_wconf 84' lang='lat' dir='ltr'>quibus</span> <span class='ocrx_word' id='word_1_433' title='bbox 697 2563 789 2581; x_wconf 85' lang='lat' dir='ltr'>corum</span> <span class='ocrx_word' id='word_1_434' title='bbox 802 2555 850 2581; x_wconf 89' lang='lat' dir='ltr'>ad-</span> 
     </span>
     <span class='ocr_line' id='line_1_66' title="bbox 52 2589 850 2628; baseline 0.004 -13"><span class='ocrx_word' id='word_1_435' title='bbox 52 2589 191 2616; x_wconf 87' lang='lat' dir='ltr'>venientes</span> <span class='ocrx_word' id='word_1_436' title='bbox 206 2590 324 2626; x_wconf 87' lang='lat' dir='ltr'>impetus</span> <span class='ocrx_word' id='word_1_437' title='bbox 335 2591 463 2618; x_wconf 83' lang='lat' dir='ltr'>diuturna</span> <span class='ocrx_word' id='word_1_438' title='bbox 474 2592 711 2626; x_wconf 76' lang='lat' dir='ltr'>praemeditatione</span> <span class='ocrx_word' id='word_1_439' title='bbox 724 2591 850 2628; x_wconf 79' lang='lat' dir='ltr'>frangan-</span> 
     </span>
     <span class='ocr_line' id='line_1_67' title="bbox 53 2627 848 2665; baseline 0.005 -12"><span class='ocrx_word' id='word_1_440' title='bbox 53 2631 108 2654; x_wconf 86' lang='lat' dir='ltr'>tur:</span> <span class='ocrx_word' id='word_1_441' title='bbox 121 2627 258 2663; x_wconf 79' lang='lat' dir='ltr'>simulque</span> <span class='ocrx_word' id='word_1_442' title='bbox 269 2628 360 2656; x_wconf 87' lang='lat' dir='ltr'>iudico</span> <span class='ocrx_word' id='word_1_443' title='bbox 371 2628 472 2655; x_wconf 83' lang='lat' dir='ltr'>malum</span> <span class='ocrx_word' id='word_1_444' title='bbox 484 2628 554 2657; x_wconf 90' lang='lat' dir='ltr'>illud</span> <span class='ocrx_word' id='word_1_445' title='bbox 562 2629 699 2665; x_wconf 89' lang='lat' dir='ltr'>opinionis</span> <span class='ocrx_word' id='word_1_446' title='bbox 709 2637 779 2661; x_wconf 84' lang='lat' dir='ltr'>esso,</span> <span class='ocrx_word' id='word_1_447' title='bbox 796 2638 848 2657; x_wconf 89' lang='lat' dir='ltr'>non</span> 
     </span>
     <span class='ocr_line' id='line_1_68' title="bbox 52 2669 171 2692; baseline 0 -1"><span class='ocrx_word' id='word_1_448' title='bbox 52 2669 171 2692; x_wconf 83' lang='lat' dir='ltr'>naturae.</span> 
     </span>
    </p>
   </div>
   <div class='ocr_carea' id='block_1_3' title="bbox 873 211 879 874">
    <p class='ocr_par' dir='ltr' id='par_1_5' title="bbox 873 211 879 874">
     <span class='ocr_line' id='line_1_69' title="bbox 873 211 879 874; baseline 0 0"><span class='ocrx_word' id='word_1_449' title='bbox 873 211 879 874; x_wconf 95' lang='lat' dir='ltr'> </span> 
     </span>
    </p>
   </div>
   <div class='ocr_carea' id='block_1_4' title="bbox 877 203 887 2685">
    <p class='ocr_par' dir='ltr' id='par_1_6' title="bbox 877 203 887 2685">
     <span class='ocr_line' id='line_1_70' title="bbox 877 203 887 2685; baseline 0 0"><span class='ocrx_word' id='word_1_450' title='bbox 877 203 887 2685; x_wconf 95' lang='lat' dir='ltr'> </span> 
     </span>
    </p>
   </div>
   <div class='ocr_carea' id='block_1_5' title="bbox 869 2114 875 2683">
    <p class='ocr_par' dir='ltr' id='par_1_7' title="bbox 869 2114 875 2683">
     <span class='ocr_line' id='line_1_71' title="bbox 869 2114 875 2683; baseline 0 0"><span class='ocrx_word' id='word_1_451' title='bbox 869 2114 875 2683; x_wconf 95' lang='lat' dir='ltr'> </span> 
     </span>
    </p>
   </div>
   <div class='ocr_carea' id='block_1_6' title="bbox 899 134 1704 2704">
    <p class='ocr_par' dir='ltr' id='par_1_8' title="bbox 1176 134 1697 160">
     <span class='ocr_line' id='line_1_72' title="bbox 1176 134 1697 160; baseline 0 -1"><span class='ocrx_word' id='word_1_452' title='bbox 1176 135 1229 160; x_wconf 85' lang='lat'>111.</span> <span class='ocrx_word' id='word_1_453' title='bbox 1260 134 1350 159; x_wconf 69' lang='lat' dir='ltr'>CAI‘.</span> <span class='ocrx_word' id='word_1_454' title='bbox 1378 136 1404 159; x_wconf 83' lang='lat'>¹0</span> <span class='ocrx_word' id='word_1_455' title='bbox 1428 150 1459 152; x_wconf 92' lang='lat'>—</span> <span class='ocrx_word' id='word_1_456' title='bbox 1486 135 1521 159; x_wconf 77' lang='lat'>¹7.</span> <span class='ocrx_word' id='word_1_457' title='bbox 1640 135 1697 159; x_wconf 69' lang='lat'>107¹</span> 
     </span>
    </p>

    <p class='ocr_par' dir='ltr' id='par_1_9' title="bbox 904 204 1704 1172">
     <span class='ocr_line' id='line_1_73' title="bbox 962 204 1701 238; baseline -0.001 -8"><span class='ocrx_word' id='word_1_458' title='bbox 962 206 1004 230; x_wconf 74' lang='lat'>32.</span> <span class='ocrx_word' id='word_1_459' title='bbox 1027 204 1055 230; x_wconf 89' lang='lat' dir='ltr'>Si</span> <span class='ocrx_word' id='word_1_460' title='bbox 1066 204 1139 230; x_wconf 89' lang='lat' dir='ltr'>enim</span> <span class='ocrx_word' id='word_1_461' title='bbox 1152 205 1178 230; x_wconf 92' lang='lat' dir='ltr'>in</span> <span class='ocrx_word' id='word_1_462' title='bbox 1191 213 1218 230; x_wconf 89' lang='lat' dir='ltr'>re</span> <span class='ocrx_word' id='word_1_463' title='bbox 1229 209 1312 235; x_wconf 88' lang='lat' dir='ltr'>esset,</span> <span class='ocrx_word' id='word_1_464' title='bbox 1329 213 1378 230; x_wconf 90' lang='lat' dir='ltr'>cur</span> <span class='ocrx_word' id='word_1_465' title='bbox 1392 204 1484 230; x_wconf 86' lang='lat' dir='ltr'>fierent</span> <span class='ocrx_word' id='word_1_466' title='bbox 1499 205 1605 238; x_wconf 87' lang='lat' dir='ltr'>provisa</span> <span class='ocrx_word' id='word_1_467' title='bbox 1618 204 1701 230; x_wconf 81' lang='lat' dir='ltr'>levio-</span> 
     </span>
     <span class='ocr_line' id='line_1_74' title="bbox 908 240 1702 276; baseline 0 -9"><span class='ocrx_word' id='word_1_468' title='bbox 908 240 952 267; x_wconf 81' lang='lat' dir='ltr'>ra‘?</span> <span class='ocrx_word' id='word_1_469' title='bbox 972 241 1024 267; x_wconf 87' lang='lat' dir='ltr'>Sed</span> <span class='ocrx_word' id='word_1_470' title='bbox 1041 245 1092 272; x_wconf 87' lang='lat' dir='ltr'>est,</span> <span class='ocrx_word' id='word_1_471' title='bbox 1112 241 1208 267; x_wconf 88' lang='lat' dir='ltr'>iisdem</span> <span class='ocrx_word' id='word_1_472' title='bbox 1224 241 1257 268; x_wconf 86' lang='lat' dir='ltr'>de</span> <span class='ocrx_word' id='word_1_473' title='bbox 1272 242 1353 267; x_wconf 81' lang='lat' dir='ltr'>rebus</span> <span class='ocrx_word' id='word_1_474' title='bbox 1368 241 1440 276; x_wconf 90' lang='lat' dir='ltr'>quod</span> <span class='ocrx_word' id='word_1_475' title='bbox 1452 241 1506 266; x_wconf 85' lang='lat' dir='ltr'>dici</span> <span class='ocrx_word' id='word_1_476' title='bbox 1518 242 1603 275; x_wconf 83' lang='lat' dir='ltr'>possit</span> <span class='ocrx_word' id='word_1_477' title='bbox 1614 241 1702 267; x_wconf 87' lang='lat' dir='ltr'>subti-</span> 
     </span>
     <span class='ocr_line' id='line_1_75' title="bbox 908 278 1703 313; baseline 0 -9"><span class='ocrx_word' id='word_1_478' title='bbox 908 278 969 309; x_wconf 89' lang='lat' dir='ltr'>lius,</span> <span class='ocrx_word' id='word_1_479' title='bbox 983 279 1006 304; x_wconf 84' lang='lat' dir='ltr'>si</span> <span class='ocrx_word' id='word_1_480' title='bbox 1018 279 1094 313; x_wconf 90' lang='lat' dir='ltr'>prius</span> <span class='ocrx_word' id='word_1_481' title='bbox 1106 279 1216 313; x_wconf 92' lang='lat' dir='ltr'>Epicuri</span> <span class='ocrx_word' id='word_1_482' title='bbox 1228 279 1387 307; x_wconf 87' lang='lat' dir='ltr'>sententiam</span> <span class='ocrx_word' id='word_1_483' title='bbox 1399 278 1562 304; x_wconf 86' lang='lat' dir='ltr'>viderimus:</span> <span class='ocrx_word' id='word_1_484' title='bbox 1580 279 1628 313; x_wconf 90' lang='lat' dir='ltr'>qui</span> <span class='ocrx_word' id='word_1_485' title='bbox 1639 287 1703 304; x_wconf 87' lang='lat' dir='ltr'>cen-</span> 
     </span>
     <span class='ocr_line' id='line_1_76' title="bbox 907 315 1701 351; baseline -0.001 -9"><span class='ocrx_word' id='word_1_486' title='bbox 907 320 959 346; x_wconf 85' lang='lat' dir='ltr'>set,</span> <span class='ocrx_word' id='word_1_487' title='bbox 973 324 1083 342; x_wconf 87' lang='lat' dir='ltr'>necesse</span> <span class='ocrx_word' id='word_1_488' title='bbox 1093 324 1152 342; x_wconf 88' lang='lat' dir='ltr'>esse</span> <span class='ocrx_word' id='word_1_489' title='bbox 1162 325 1255 342; x_wconf 89' lang='lat' dir='ltr'>omnes</span> <span class='ocrx_word' id='word_1_490' title='bbox 1267 317 1293 342; x_wconf 91' lang='lat' dir='ltr'>in</span> <span class='ocrx_word' id='word_1_491' title='bbox 1305 315 1473 351; x_wconf 80' lang='lat' dir='ltr'>aegritudine</span> <span class='ocrx_word' id='word_1_492' title='bbox 1486 324 1558 346; x_wconf 89' lang='lat' dir='ltr'>esse,</span> <span class='ocrx_word' id='word_1_493' title='bbox 1575 317 1622 350; x_wconf 85' lang='lat' dir='ltr'>qui</span> <span class='ocrx_word' id='word_1_494' title='bbox 1634 324 1662 341; x_wconf 88' lang='lat' dir='ltr'>se</span> <span class='ocrx_word' id='word_1_495' title='bbox 1676 316 1701 341; x_wconf 91' lang='lat' dir='ltr'>in</span> 
     </span>
     <span class='ocr_line' id='line_1_77' title="bbox 908 353 1703 388; baseline 0 -10"><span class='ocrx_word' id='word_1_496' title='bbox 908 353 985 379; x_wconf 86' lang='lat' dir='ltr'>malis</span> <span class='ocrx_word' id='word_1_497' title='bbox 996 362 1055 379; x_wconf 86' lang='lat' dir='ltr'>esse</span> <span class='ocrx_word' id='word_1_498' title='bbox 1067 353 1241 385; x_wconf 79' lang='lat' dir='ltr'>arbitrentur;</span> <span class='ocrx_word' id='word_1_499' title='bbox 1255 355 1313 379; x_wconf 76' lang='lat' dir='ltr'>sive</span> <span class='ocrx_word' id='word_1_500' title='bbox 1326 354 1370 379; x_wconf 92' lang='lat' dir='ltr'>illa</span> <span class='ocrx_word' id='word_1_501' title='bbox 1382 358 1442 379; x_wconf 88' lang='lat' dir='ltr'>ante</span> <span class='ocrx_word' id='word_1_502' title='bbox 1454 354 1561 388; x_wconf 88' lang='lat' dir='ltr'>provisa</span> <span class='ocrx_word' id='word_1_503' title='bbox 1574 358 1703 387; x_wconf 83' lang='lat' dir='ltr'>etexspe-</span> 
     </span>
     <span class='ocr_line' id='line_1_78' title="bbox 906 391 1702 425; baseline 0 -10"><span class='ocrx_word' id='word_1_504' title='bbox 906 395 973 416; x_wconf 85' lang='lat' dir='ltr'>ctata</span> <span class='ocrx_word' id='word_1_505' title='bbox 987 391 1042 416; x_wconf 88' lang='lat' dir='ltr'>sint</span> <span class='ocrx_word' id='word_1_506' title='bbox 1056 391 1114 417; x_wconf 84' lang='lat' dir='ltr'>sive</span> <span class='ocrx_word' id='word_1_507' title='bbox 1131 391 1348 417; x_wconf 85' lang='lat' dir='ltr'>inveteraverint.</span> <span class='ocrx_word' id='word_1_508' title='bbox 1389 391 1456 416; x_wconf 77' lang='lat' dir='ltr'>Nam</span> <span class='ocrx_word' id='word_1_509' title='bbox 1472 399 1559 425; x_wconf 88' lang='lat' dir='ltr'>neque</span> <span class='ocrx_word' id='word_1_510' title='bbox 1572 395 1702 416; x_wconf 78' lang='lat' dir='ltr'>vetustate</span> 
     </span>
     <span class='ocr_line' id='line_1_79' title="bbox 907 427 1704 463; baseline 0 -10"><span class='ocrx_word' id='word_1_511' title='bbox 907 428 993 453; x_wconf 89' lang='lat' dir='ltr'>minui</span> <span class='ocrx_word' id='word_1_512' title='bbox 1006 427 1088 458; x_wconf 84' lang='lat' dir='ltr'>mala,</span> <span class='ocrx_word' id='word_1_513' title='bbox 1106 437 1154 453; x_wconf 90' lang='lat' dir='ltr'>nec</span> <span class='ocrx_word' id='word_1_514' title='bbox 1169 428 1225 454; x_wconf 85' lang='lat' dir='ltr'>fieri</span> <span class='ocrx_word' id='word_1_515' title='bbox 1242 428 1431 463; x_wconf 84' lang='lat' dir='ltr'>praemeditata</span> <span class='ocrx_word' id='word_1_516' title='bbox 1450 427 1561 454; x_wconf 75' lang='lat' dir='ltr'>leviora:</span> <span class='ocrx_word' id='word_1_517' title='bbox 1579 427 1704 453; x_wconf 84' lang='lat' dir='ltr'>stultam-</span> 
     </span>
     <span class='ocr_line' id='line_1_80' title="bbox 906 464 1703 499; baseline 0 -9"><span class='ocrx_word' id='word_1_518' title='bbox 906 473 959 499; x_wconf 89' lang='lat' dir='ltr'>que</span> <span class='ocrx_word' id='word_1_519' title='bbox 970 465 1050 491; x_wconf 88' lang='lat' dir='ltr'>etiam</span> <span class='ocrx_word' id='word_1_520' title='bbox 1062 473 1120 490; x_wconf 89' lang='lat' dir='ltr'>esse</span> <span class='ocrx_word' id='word_1_521' title='bbox 1132 465 1333 492; x_wconf 87' lang='lat' dir='ltr'>meditationem</span> <span class='ocrx_word' id='word_1_522' title='bbox 1346 465 1429 492; x_wconf 86' lang='lat' dir='ltr'>futuri</span> <span class='ocrx_word' id='word_1_523' title='bbox 1441 465 1518 494; x_wconf 83' lang='lat' dir='ltr'>mali,</span> <span class='ocrx_word' id='word_1_524' title='bbox 1535 470 1580 491; x_wconf 91' lang='lat' dir='ltr'>aut</span> <span class='ocrx_word' id='word_1_525' title='bbox 1592 464 1703 491; x_wconf 80' lang='lat' dir='ltr'>fortasse</span> 
     </span>
     <span class='ocr_line' id='line_1_81' title="bbox 907 501 1700 536; baseline 0 -9"><span class='ocrx_word' id='word_1_526' title='bbox 907 510 939 528; x_wconf 89' lang='lat' dir='ltr'>ne</span> <span class='ocrx_word' id='word_1_527' title='bbox 955 501 1038 528; x_wconf 84' lang='lat' dir='ltr'>futuri</span> <span class='ocrx_word' id='word_1_528' title='bbox 1054 502 1179 536; x_wconf 89' lang='lat' dir='ltr'>quidem:</span> <span class='ocrx_word' id='word_1_529' title='bbox 1202 504 1267 529; x_wconf 85' lang='lat' dir='ltr'>satis</span> <span class='ocrx_word' id='word_1_530' title='bbox 1282 512 1340 529; x_wconf 81' lang='lat' dir='ltr'>esse</span> <span class='ocrx_word' id='word_1_531' title='bbox 1355 503 1479 529; x_wconf 87' lang='lat' dir='ltr'>odiosum</span> <span class='ocrx_word' id='word_1_532' title='bbox 1496 502 1596 528; x_wconf 88' lang='lat' dir='ltr'>malum</span> <span class='ocrx_word' id='word_1_533' title='bbox 1613 510 1700 531; x_wconf 87' lang='lat' dir='ltr'>omne,</span> 
     </span>
     <span class='ocr_line' id='line_1_82' title="bbox 906 540 1703 575; baseline 0 -10"><span class='ocrx_word' id='word_1_534' title='bbox 906 548 990 573; x_wconf 91' lang='lat' dir='ltr'>quum</span> <span class='ocrx_word' id='word_1_535' title='bbox 1004 540 1136 565; x_wconf 85' lang='lat' dir='ltr'>venisset:</span> <span class='ocrx_word' id='word_1_536' title='bbox 1154 541 1201 574; x_wconf 92' lang='lat' dir='ltr'>qui</span> <span class='ocrx_word' id='word_1_537' title='bbox 1215 545 1303 566; x_wconf 85' lang='lat' dir='ltr'>autem</span> <span class='ocrx_word' id='word_1_538' title='bbox 1315 549 1422 574; x_wconf 84' lang='lat' dir='ltr'>semper</span> <span class='ocrx_word' id='word_1_539' title='bbox 1433 541 1617 575; x_wconf 71' lang='lat' dir='ltr'>cogitavisset.</span> <span class='ocrx_word' id='word_1_540' title='bbox 1631 540 1703 565; x_wconf 87' lang='lat' dir='ltr'>acci-</span> 
     </span>
     <span class='ocr_line' id='line_1_83' title="bbox 906 576 1703 611; baseline 0.001 -9"><span class='ocrx_word' id='word_1_541' title='bbox 906 576 969 602; x_wconf 88' lang='lat' dir='ltr'>dere</span> <span class='ocrx_word' id='word_1_542' title='bbox 980 584 1059 611; x_wconf 87' lang='lat' dir='ltr'>posse</span> <span class='ocrx_word' id='word_1_543' title='bbox 1071 576 1175 611; x_wconf 88' lang='lat' dir='ltr'>aliquid</span> <span class='ocrx_word' id='word_1_544' title='bbox 1187 577 1307 608; x_wconf 87' lang='lat' dir='ltr'>adversi,</span> <span class='ocrx_word' id='word_1_545' title='bbox 1322 579 1346 603; x_wconf 87' lang='lat' dir='ltr'>ei</span> <span class='ocrx_word' id='word_1_546' title='bbox 1359 578 1415 603; x_wconf 77' lang='lat' dir='ltr'>sieri</span> <span class='ocrx_word' id='word_1_547' title='bbox 1428 577 1495 603; x_wconf 86' lang='lat' dir='ltr'>illud</span> <span class='ocrx_word' id='word_1_548' title='bbox 1507 578 1703 611; x_wconf 84' lang='lat' dir='ltr'>sempiternum</span> 
     </span>
     <span class='ocr_line' id='line_1_84' title="bbox 907 614 1702 649; baseline 0 -10"><span class='ocrx_word' id='word_1_549' title='bbox 907 614 1021 639; x_wconf 89' lang='lat' dir='ltr'>malum:</span> <span class='ocrx_word' id='word_1_550' title='bbox 1035 615 1132 640; x_wconf 87' lang='lat' dir='ltr'>sivero</span> <span class='ocrx_word' id='word_1_551' title='bbox 1144 623 1176 640; x_wconf 91' lang='lat' dir='ltr'>ne</span> <span class='ocrx_word' id='word_1_552' title='bbox 1187 614 1308 640; x_wconf 82' lang='lat' dir='ltr'>futurum</span> <span class='ocrx_word' id='word_1_553' title='bbox 1320 615 1431 649; x_wconf 90' lang='lat' dir='ltr'>quidem</span> <span class='ocrx_word' id='word_1_554' title='bbox 1442 615 1485 645; x_wconf 73' lang='lat' dir='ltr'>sit,</span> <span class='ocrx_word' id='word_1_555' title='bbox 1496 614 1591 640; x_wconf 83' lang='lat' dir='ltr'>frustra</span> <span class='ocrx_word' id='word_1_556' title='bbox 1599 615 1702 648; x_wconf 75' lang='lat' dir='ltr'>suscipi</span> 
     </span>
     <span class='ocr_line' id='line_1_85' title="bbox 907 650 1703 687; baseline 0.001 -11"><span class='ocrx_word' id='word_1_557' title='bbox 907 651 1043 677; x_wconf 80' lang='lat' dir='ltr'>miseriam</span> <span class='ocrx_word' id='word_1_558' title='bbox 1054 650 1247 678; x_wconf 81' lang='lat' dir='ltr'>voluntariam:</span> <span class='ocrx_word' id='word_1_559' title='bbox 1261 653 1296 678; x_wconf 86' lang='lat' dir='ltr'>ita</span> <span class='ocrx_word' id='word_1_560' title='bbox 1307 661 1414 686; x_wconf 80' lang='lat' dir='ltr'>semper</span> <span class='ocrx_word' id='word_1_561' title='bbox 1425 653 1496 687; x_wconf 82' lang='lat' dir='ltr'>angi,</span> <span class='ocrx_word' id='word_1_562' title='bbox 1511 657 1556 678; x_wconf 89' lang='lat' dir='ltr'>aut</span> <span class='ocrx_word' id='word_1_563' title='bbox 1567 652 1703 685; x_wconf 80' lang='lat' dir='ltr'>accipien-</span> 
     </span>
     <span class='ocr_line' id='line_1_86' title="bbox 905 688 1703 723; baseline 0 -9"><span class='ocrx_word' id='word_1_564' title='bbox 905 688 939 714; x_wconf 95' lang='lat' dir='ltr'>do</span> <span class='ocrx_word' id='word_1_565' title='bbox 957 693 1002 714; x_wconf 91' lang='lat' dir='ltr'>aut</span> <span class='ocrx_word' id='word_1_566' title='bbox 1018 688 1160 723; x_wconf 87' lang='lat' dir='ltr'>cogitando</span> <span class='ocrx_word' id='word_1_567' title='bbox 1176 689 1256 715; x_wconf 88' lang='lat' dir='ltr'>malo.</span> <span class='ocrx_word' id='word_1_568' title='bbox 1300 691 1341 715; x_wconf 84' lang='lat'>33.</span> <span class='ocrx_word' id='word_1_569' title='bbox 1365 690 1536 715; x_wconf 84' lang='lat' dir='ltr'>Levationem</span> <span class='ocrx_word' id='word_1_570' title='bbox 1553 694 1641 715; x_wconf 75' lang='lat' dir='ltr'>autem</span> <span class='ocrx_word' id='word_1_571' title='bbox 1658 697 1703 714; x_wconf 86' lang='lat' dir='ltr'>ae—</span> 
     </span>
     <span class='ocr_line' id='line_1_87' title="bbox 905 725 1703 761; baseline 0 -10"><span class='ocrx_word' id='word_1_572' title='bbox 905 725 1051 760; x_wconf 88' lang='lat' dir='ltr'>gritudinis</span> <span class='ocrx_word' id='word_1_573' title='bbox 1064 727 1090 751; x_wconf 92' lang='lat' dir='ltr'>in</span> <span class='ocrx_word' id='word_1_574' title='bbox 1105 725 1212 752; x_wconf 85' lang='lat' dir='ltr'>duabus</span> <span class='ocrx_word' id='word_1_575' title='bbox 1227 726 1308 752; x_wconf 84' lang='lat' dir='ltr'>rebus</span> <span class='ocrx_word' id='word_1_576' title='bbox 1324 728 1411 761; x_wconf 90' lang='lat' dir='ltr'>ponit,</span> <span class='ocrx_word' id='word_1_577' title='bbox 1430 728 1584 752; x_wconf 81' lang='lat' dir='ltr'>avocatione</span> <span class='ocrx_word' id='word_1_578' title='bbox 1599 735 1612 752; x_wconf 86' lang='lat' dir='ltr'>a</span> <span class='ocrx_word' id='word_1_579' title='bbox 1629 726 1703 760; x_wconf 72' lang='lat' dir='ltr'>cogi-</span> 
     </span>
     <span class='ocr_line' id='line_1_88' title="bbox 906 762 1702 798; baseline 0 -10"><span class='ocrx_word' id='word_1_580' title='bbox 906 763 983 789; x_wconf 85' lang='lat' dir='ltr'>tanda</span> <span class='ocrx_word' id='word_1_581' title='bbox 996 762 1117 789; x_wconf 87' lang='lat' dir='ltr'>molestia</span> <span class='ocrx_word' id='word_1_582' title='bbox 1132 768 1157 789; x_wconf 89' lang='lat' dir='ltr'>et</span> <span class='ocrx_word' id='word_1_583' title='bbox 1173 764 1339 790; x_wconf 84' lang='lat' dir='ltr'>revocatione</span> <span class='ocrx_word' id='word_1_584' title='bbox 1351 764 1383 790; x_wconf 87' lang='lat' dir='ltr'>ad</span> <span class='ocrx_word' id='word_1_585' title='bbox 1395 763 1613 798; x_wconf 87' lang='lat' dir='ltr'>contemplandas</span> <span class='ocrx_word' id='word_1_586' title='bbox 1626 763 1702 788; x_wconf 74' lang='lat' dir='ltr'>volu-</span> 
     </span>
     <span class='ocr_line' id='line_1_89' title="bbox 905 800 1699 834; baseline 0 -9"><span class='ocrx_word' id='word_1_587' title='bbox 905 805 1000 834; x_wconf 80' lang='lat' dir='ltr'>ptateS.</span> <span class='ocrx_word' id='word_1_588' title='bbox 1038 800 1133 826; x_wconf 88' lang='lat' dir='ltr'>Parere</span> <span class='ocrx_word' id='word_1_589' title='bbox 1144 801 1217 826; x_wconf 86' lang='lat' dir='ltr'>enim</span> <span class='ocrx_word' id='word_1_590' title='bbox 1232 806 1322 827; x_wconf 86' lang='lat' dir='ltr'>censet</span> <span class='ocrx_word' id='word_1_591' title='bbox 1333 802 1453 827; x_wconf 89' lang='lat' dir='ltr'>animum</span> <span class='ocrx_word' id='word_1_592' title='bbox 1466 802 1561 827; x_wconf 88' lang='lat' dir='ltr'>rationi</span> <span class='ocrx_word' id='word_1_593' title='bbox 1573 810 1650 834; x_wconf 80' lang='lat' dir='ltr'>posse</span> <span class='ocrx_word' id='word_1_594' title='bbox 1665 805 1699 829; x_wconf 82' lang='lat' dir='ltr'>et,</span> 
     </span>
     <span class='ocr_line' id='line_1_90' title="bbox 905 836 1702 873; baseline 0 -11"><span class='ocrx_word' id='word_1_595' title='bbox 905 846 958 871; x_wconf 89' lang='lat' dir='ltr'>quo</span> <span class='ocrx_word' id='word_1_596' title='bbox 971 836 1016 863; x_wconf 86' lang='lat' dir='ltr'>illa</span> <span class='ocrx_word' id='word_1_597' title='bbox 1027 837 1119 867; x_wconf 85' lang='lat' dir='ltr'>ducat,</span> <span class='ocrx_word' id='word_1_598' title='bbox 1138 838 1226 872; x_wconf 88' lang='lat' dir='ltr'>sequi.</span> <span class='ocrx_word' id='word_1_599' title='bbox 1265 839 1340 864; x_wconf 90' lang='lat' dir='ltr'>Vetat</span> <span class='ocrx_word' id='word_1_600' title='bbox 1356 839 1439 873; x_wconf 84' lang='lat' dir='ltr'>igitur</span> <span class='ocrx_word' id='word_1_601' title='bbox 1455 839 1520 864; x_wconf 87' lang='lat' dir='ltr'>ratio</span> <span class='ocrx_word' id='word_1_602' title='bbox 1536 838 1633 863; x_wconf 88' lang='lat' dir='ltr'>intueri</span> <span class='ocrx_word' id='word_1_603' title='bbox 1646 845 1702 863; x_wconf 88' lang='lat' dir='ltr'>mo-</span> 
     </span>
     <span class='ocr_line' id='line_1_91' title="bbox 906 874 1702 910; baseline -0.001 -10"><span class='ocrx_word' id='word_1_604' title='bbox 906 874 1010 900; x_wconf 86' lang='lat' dir='ltr'>lestias:</span> <span class='ocrx_word' id='word_1_605' title='bbox 1034 874 1165 901; x_wconf 87' lang='lat' dir='ltr'>abstrahit</span> <span class='ocrx_word' id='word_1_606' title='bbox 1183 875 1216 901; x_wconf 89' lang='lat' dir='ltr'>ab</span> <span class='ocrx_word' id='word_1_607' title='bbox 1232 876 1336 901; x_wconf 85' lang='lat' dir='ltr'>acerbis</span> <span class='ocrx_word' id='word_1_608' title='bbox 1352 875 1561 910; x_wconf 79' lang='lat' dir='ltr'>cogitationibus</span> <span class='ocrx_word' id='word_1_609' title='bbox 1579 874 1702 900; x_wconf 76' lang='lat' dir='ltr'>hebetem</span> 
     </span>
     <span class='ocr_line' id='line_1_92' title="bbox 905 911 1703 947; baseline -0.001 -10"><span class='ocrx_word' id='word_1_610' title='bbox 905 912 989 938; x_wconf 88' lang='lat' dir='ltr'>aciem</span> <span class='ocrx_word' id='word_1_611' title='bbox 1001 911 1034 937; x_wconf 91' lang='lat' dir='ltr'>ad</span> <span class='ocrx_word' id='word_1_612' title='bbox 1046 912 1169 937; x_wconf 84' lang='lat' dir='ltr'>miserias</span> <span class='ocrx_word' id='word_1_613' title='bbox 1180 912 1414 947; x_wconf 86' lang='lat' dir='ltr'>contemplandas:</span> <span class='ocrx_word' id='word_1_614' title='bbox 1428 912 1550 947; x_wconf 87' lang='lat' dir='ltr'>aquibus</span> <span class='ocrx_word' id='word_1_615' title='bbox 1562 920 1647 946; x_wconf 87' lang='lat' dir='ltr'>quum</span> <span class='ocrx_word' id='word_1_616' title='bbox 1659 920 1703 937; x_wconf 83' lang='lat' dir='ltr'>ce-</span> 
     </span>
     <span class='ocr_line' id='line_1_93' title="bbox 904 949 1703 984; baseline -0.001 -9"><span class='ocrx_word' id='word_1_617' title='bbox 904 950 971 975; x_wconf 85' lang='lat' dir='ltr'>cinit</span> <span class='ocrx_word' id='word_1_618' title='bbox 986 950 1119 983; x_wconf 82' lang='lat' dir='ltr'>receptui,</span> <span class='ocrx_word' id='word_1_619' title='bbox 1142 949 1259 984; x_wconf 87' lang='lat' dir='ltr'>impellit</span> <span class='ocrx_word' id='word_1_620' title='bbox 1274 959 1382 976; x_wconf 84' lang='lat' dir='ltr'>rursum</span> <span class='ocrx_word' id='word_1_621' title='bbox 1399 955 1423 976; x_wconf 91' lang='lat' dir='ltr'>et</span> <span class='ocrx_word' id='word_1_622' title='bbox 1439 950 1531 975; x_wconf 82' lang='lat' dir='ltr'>incitat</span> <span class='ocrx_word' id='word_1_623' title='bbox 1546 949 1579 975; x_wconf 89' lang='lat' dir='ltr'>ad</span> <span class='ocrx_word' id='word_1_624' title='bbox 1595 949 1703 983; x_wconf 86' lang='lat' dir='ltr'>conspi-</span> 
     </span>
     <span class='ocr_line' id='line_1_94' title="bbox 904 986 1703 1021; baseline -0.001 -9"><span class='ocrx_word' id='word_1_625' title='bbox 904 986 1013 1012; x_wconf 87' lang='lat' dir='ltr'>ciendas</span> <span class='ocrx_word' id='word_1_626' title='bbox 1029 991 1135 1021; x_wconf 86' lang='lat' dir='ltr'>totaque</span> <span class='ocrx_word' id='word_1_627' title='bbox 1151 991 1240 1013; x_wconf 87' lang='lat' dir='ltr'>mente</span> <span class='ocrx_word' id='word_1_628' title='bbox 1256 987 1457 1014; x_wconf 86' lang='lat' dir='ltr'>contrectandas</span> <span class='ocrx_word' id='word_1_629' title='bbox 1474 988 1562 1013; x_wconf 85' lang='lat' dir='ltr'>varias</span> <span class='ocrx_word' id='word_1_630' title='bbox 1580 986 1703 1020; x_wconf 81' lang='lat' dir='ltr'>volupta-</span> 
     </span>
     <span class='ocr_line' id='line_1_95' title="bbox 906 1023 1703 1058; baseline -0.001 -8"><span class='ocrx_word' id='word_1_631' title='bbox 906 1029 953 1054; x_wconf 88' lang='lat' dir='ltr'>tes,</span> <span class='ocrx_word' id='word_1_632' title='bbox 967 1024 1069 1058; x_wconf 81' lang='lat' dir='ltr'>quihus</span> <span class='ocrx_word' id='word_1_633' title='bbox 1081 1023 1140 1054; x_wconf 85' lang='lat' dir='ltr'>ille,</span> <span class='ocrx_word' id='word_1_634' title='bbox 1154 1028 1179 1050; x_wconf 90' lang='lat' dir='ltr'>et</span> <span class='ocrx_word' id='word_1_635' title='bbox 1190 1026 1393 1058; x_wconf 88' lang='lat' dir='ltr'>praeteritarum</span> <span class='ocrx_word' id='word_1_636' title='bbox 1405 1025 1532 1050; x_wconf 83' lang='lat' dir='ltr'>memoria</span> <span class='ocrx_word' id='word_1_637' title='bbox 1544 1029 1568 1050; x_wconf 90' lang='lat' dir='ltr'>et</span> <span class='ocrx_word' id='word_1_638' title='bbox 1580 1032 1627 1058; x_wconf 82' lang='lat' dir='ltr'>spe</span> <span class='ocrx_word' id='word_1_639' title='bbox 1638 1032 1703 1049; x_wconf 89' lang='lat' dir='ltr'>con-</span> 
     </span>
     <span class='ocr_line' id='line_1_96' title="bbox 904 1061 1702 1096; baseline -0.003 -9"><span class='ocrx_word' id='word_1_640' title='bbox 904 1062 1090 1096; x_wconf 84' lang='lat' dir='ltr'>sequentium,</span> <span class='ocrx_word' id='word_1_641' title='bbox 1113 1062 1244 1096; x_wconf 85' lang='lat' dir='ltr'>sapientis</span> <span class='ocrx_word' id='word_1_642' title='bbox 1262 1063 1345 1089; x_wconf 83' lang='lat' dir='ltr'>vitam</span> <span class='ocrx_word' id='word_1_643' title='bbox 1362 1062 1484 1088; x_wconf 86' lang='lat' dir='ltr'>refertam</span> <span class='ocrx_word' id='word_1_644' title='bbox 1508 1067 1592 1096; x_wconf 86' lang='lat' dir='ltr'>putat.</span> <span class='ocrx_word' id='word_1_645' title='bbox 1634 1061 1702 1086; x_wconf 85' lang='lat' dir='ltr'>Haec</span> 
     </span>
     <span class='ocr_line' id='line_1_97' title="bbox 905 1097 1700 1134; baseline 0 -10"><span class='ocrx_word' id='word_1_646' title='bbox 905 1103 994 1125; x_wconf 90' lang='lat' dir='ltr'>nostro</span> <span class='ocrx_word' id='word_1_647' title='bbox 1006 1107 1078 1124; x_wconf 88' lang='lat' dir='ltr'>more</span> <span class='ocrx_word' id='word_1_648' title='bbox 1093 1107 1140 1125; x_wconf 88' lang='lat' dir='ltr'>nos</span> <span class='ocrx_word' id='word_1_649' title='bbox 1152 1099 1288 1126; x_wconf 84' lang='lat' dir='ltr'>diximus:</span> <span class='ocrx_word' id='word_1_650' title='bbox 1301 1100 1428 1134; x_wconf 84' lang='lat' dir='ltr'>Epicurei</span> <span class='ocrx_word' id='word_1_651' title='bbox 1439 1099 1534 1125; x_wconf 86' lang='lat' dir='ltr'>dicunt</span> <span class='ocrx_word' id='word_1_652' title='bbox 1545 1107 1603 1125; x_wconf 89' lang='lat' dir='ltr'>suo.</span> <span class='ocrx_word' id='word_1_653' title='bbox 1639 1097 1700 1127; x_wconf 80' lang='lat' dir='ltr'>Sed,</span> 
     </span>
     <span class='ocr_line' id='line_1_98' title="bbox 904 1135 1598 1172; baseline 0.001 -11"><span class='ocrx_word' id='word_1_654' title='bbox 904 1144 973 1171; x_wconf 87' lang='lat' dir='ltr'>quae</span> <span class='ocrx_word' id='word_1_655' title='bbox 984 1135 1083 1167; x_wconf 88' lang='lat' dir='ltr'>dicant,</span> <span class='ocrx_word' id='word_1_656' title='bbox 1097 1136 1249 1168; x_wconf 87' lang='lat' dir='ltr'>videamus,</span> <span class='ocrx_word' id='word_1_657' title='bbox 1263 1146 1317 1172; x_wconf 91' lang='lat' dir='ltr'>quo</span> <span class='ocrx_word' id='word_1_658' title='bbox 1328 1137 1407 1164; x_wconf 90' lang='lat' dir='ltr'>modo</span> <span class='ocrx_word' id='word_1_659' title='bbox 1418 1136 1598 1172; x_wconf 82' lang='lat' dir='ltr'>negligamus.</span> 
     </span>
    </p>

    <p class='ocr_par' dir='ltr' id='par_1_10' title="bbox 899 1172 1703 2704">
     <span class='ocr_line' id='line_1_99' title="bbox 960 1172 1703 1209; baseline -0.001 -10"><span class='ocrx_word' id='word_1_660' title='bbox 960 1173 1030 1200; x_wconf 84' lang='lat' dir='ltr'>XVI.</span> <span class='ocrx_word' id='word_1_661' title='bbox 1050 1174 1091 1200; x_wconf 75' lang='lat'>34.</span> <span class='ocrx_word' id='word_1_662' title='bbox 1112 1174 1248 1208; x_wconf 89' lang='lat' dir='ltr'>Principio</span> <span class='ocrx_word' id='word_1_663' title='bbox 1259 1174 1328 1200; x_wconf 89' lang='lat' dir='ltr'>male</span> <span class='ocrx_word' id='word_1_664' title='bbox 1340 1174 1540 1209; x_wconf 88' lang='lat' dir='ltr'>reprehendunt</span> <span class='ocrx_word' id='word_1_665' title='bbox 1552 1172 1703 1208; x_wconf 83' lang='lat' dir='ltr'>praemedi-</span> 
     </span>
     <span class='ocr_line' id='line_1_100' title="bbox 904 1210 1703 1245; baseline -0.003 -8"><span class='ocrx_word' id='word_1_666' title='bbox 904 1211 1032 1237; x_wconf 86' lang='lat' dir='ltr'>tationem</span> <span class='ocrx_word' id='word_1_667' title='bbox 1044 1219 1133 1237; x_wconf 89' lang='lat' dir='ltr'>rerum</span> <span class='ocrx_word' id='word_1_668' title='bbox 1145 1210 1306 1239; x_wconf 82' lang='lat' dir='ltr'>suturarum.</span> <span class='ocrx_word' id='word_1_669' title='bbox 1334 1212 1407 1238; x_wconf 87' lang='lat' dir='ltr'>Nihil</span> <span class='ocrx_word' id='word_1_670' title='bbox 1419 1216 1459 1238; x_wconf 84' lang='lat' dir='ltr'>est</span> <span class='ocrx_word' id='word_1_671' title='bbox 1470 1212 1552 1242; x_wconf 81' lang='lat' dir='ltr'>enim,</span> <span class='ocrx_word' id='word_1_672' title='bbox 1565 1210 1637 1245; x_wconf 85' lang='lat' dir='ltr'>quod</span> <span class='ocrx_word' id='word_1_673' title='bbox 1650 1215 1703 1236; x_wconf 84' lang='lat' dir='ltr'>tam</span> 
     </span>
     <span class='ocr_line' id='line_1_101' title="bbox 904 1247 1702 1284; baseline -0.001 -10"><span class='ocrx_word' id='word_1_674' title='bbox 904 1248 1035 1275; x_wconf 87' lang='lat' dir='ltr'>obtundat</span> <span class='ocrx_word' id='word_1_675' title='bbox 1049 1247 1190 1283; x_wconf 88' lang='lat' dir='ltr'>elevetque</span> <span class='ocrx_word' id='word_1_676' title='bbox 1205 1249 1416 1284; x_wconf 83' lang='lat' dir='ltr'>aegritudinem,</span> <span class='ocrx_word' id='word_1_677' title='bbox 1434 1257 1516 1284; x_wconf 87' lang='lat' dir='ltr'>quam</span> <span class='ocrx_word' id='word_1_678' title='bbox 1533 1253 1659 1282; x_wconf 83' lang='lat' dir='ltr'>perpetua</span> <span class='ocrx_word' id='word_1_679' title='bbox 1676 1248 1702 1273; x_wconf 90' lang='lat' dir='ltr'>in</span> 
     </span>
     <span class='ocr_line' id='line_1_102' title="bbox 903 1286 1703 1322; baseline -0.001 -11"><span class='ocrx_word' id='word_1_680' title='bbox 903 1286 977 1312; x_wconf 92' lang='lat' dir='ltr'>omni</span> <span class='ocrx_word' id='word_1_681' title='bbox 989 1286 1044 1312; x_wconf 85' lang='lat' dir='ltr'>vita</span> <span class='ocrx_word' id='word_1_682' title='bbox 1054 1286 1189 1321; x_wconf 85' lang='lat' dir='ltr'>cogitatio,</span> <span class='ocrx_word' id='word_1_683' title='bbox 1203 1286 1271 1313; x_wconf 90' lang='lat' dir='ltr'>nihil</span> <span class='ocrx_word' id='word_1_684' title='bbox 1283 1295 1352 1317; x_wconf 83' lang='lat' dir='ltr'>esse,</span> <span class='ocrx_word' id='word_1_685' title='bbox 1361 1286 1433 1322; x_wconf 90' lang='lat' dir='ltr'>quod</span> <span class='ocrx_word' id='word_1_686' title='bbox 1445 1286 1565 1312; x_wconf 86' lang='lat' dir='ltr'>accidere</span> <span class='ocrx_word' id='word_1_687' title='bbox 1578 1294 1629 1311; x_wconf 90' lang='lat' dir='ltr'>nou</span> <span class='ocrx_word' id='word_1_688' title='bbox 1640 1293 1703 1319; x_wconf 78' lang='lat' dir='ltr'>pos—</span> 
     </span>
     <span class='ocr_line' id='line_1_103' title="bbox 904 1322 1703 1357; baseline -0.003 -8"><span class='ocrx_word' id='word_1_689' title='bbox 904 1324 952 1349; x_wconf 86' lang='lat' dir='ltr'>sit:</span> <span class='ocrx_word' id='word_1_690' title='bbox 969 1331 1051 1357; x_wconf 90' lang='lat' dir='ltr'>quam</span> <span class='ocrx_word' id='word_1_691' title='bbox 1068 1323 1206 1350; x_wconf 85' lang='lat' dir='ltr'>meditatio</span> <span class='ocrx_word' id='word_1_692' title='bbox 1221 1324 1383 1351; x_wconf 86' lang='lat' dir='ltr'>conditionis</span> <span class='ocrx_word' id='word_1_693' title='bbox 1395 1324 1544 1350; x_wconf 87' lang='lat' dir='ltr'>humanae:</span> <span class='ocrx_word' id='word_1_694' title='bbox 1567 1331 1648 1357; x_wconf 86' lang='lat' dir='ltr'>quam</span> <span class='ocrx_word' id='word_1_695' title='bbox 1661 1322 1703 1347; x_wconf 77' lang='lat' dir='ltr'>vi—</span> 
     </span>
     <span class='ocr_line' id='line_1_104' title="bbox 905 1359 1700 1396; baseline -0.003 -10"><span class='ocrx_word' id='word_1_696' title='bbox 905 1365 945 1386; x_wconf 88' lang='lat' dir='ltr'>tae</span> <span class='ocrx_word' id='word_1_697' title='bbox 956 1360 999 1387; x_wconf 81' lang='lat' dir='ltr'>lex</span> <span class='ocrx_word' id='word_1_698' title='bbox 1009 1361 1254 1396; x_wconf 86' lang='lat' dir='ltr'>commentatioque</span> <span class='ocrx_word' id='word_1_699' title='bbox 1268 1361 1394 1396; x_wconf 87' lang='lat' dir='ltr'>parendi:</span> <span class='ocrx_word' id='word_1_700' title='bbox 1411 1369 1479 1396; x_wconf 88' lang='lat' dir='ltr'>quae</span> <span class='ocrx_word' id='word_1_701' title='bbox 1492 1369 1542 1387; x_wconf 87' lang='lat' dir='ltr'>non</span> <span class='ocrx_word' id='word_1_702' title='bbox 1557 1360 1606 1386; x_wconf 85' lang='lat' dir='ltr'>hoc</span> <span class='ocrx_word' id='word_1_703' title='bbox 1617 1359 1700 1389; x_wconf 76' lang='lat' dir='ltr'>affert,</span> 
     </span>
     <span class='ocr_line' id='line_1_105' title="bbox 904 1397 1700 1434; baseline -0.003 -10"><span class='ocrx_word' id='word_1_704' title='bbox 904 1399 1284 1433; x_wconf 79' lang='lat' dir='ltr'>utscmpermaercamuS,sed</span> <span class='ocrx_word' id='word_1_705' title='bbox 1299 1404 1326 1425; x_wconf 85' lang='lat' dir='ltr'>nt</span> <span class='ocrx_word' id='word_1_706' title='bbox 1338 1407 1497 1434; x_wconf 87' lang='lat' dir='ltr'>numquam.</span> <span class='ocrx_word' id='word_1_707' title='bbox 1513 1398 1606 1432; x_wconf 80' lang='lat' dir='ltr'>Neque</span> <span class='ocrx_word' id='word_1_708' title='bbox 1618 1397 1700 1425; x_wconf 77' lang='lat' dir='ltr'>enim,</span> 
     </span>
     <span class='ocr_line' id='line_1_106' title="bbox 904 1433 1703 1471; baseline -0.003 -10"><span class='ocrx_word' id='word_1_709' title='bbox 904 1436 952 1470; x_wconf 86' lang='lat' dir='ltr'>qui</span> <span class='ocrx_word' id='word_1_710' title='bbox 962 1444 1052 1462; x_wconf 91' lang='lat' dir='ltr'>rerum</span> <span class='ocrx_word' id='word_1_711' title='bbox 1066 1440 1201 1467; x_wconf 85' lang='lat' dir='ltr'>naturam,</span> <span class='ocrx_word' id='word_1_712' title='bbox 1219 1437 1267 1471; x_wconf 91' lang='lat' dir='ltr'>qui</span> <span class='ocrx_word' id='word_1_713' title='bbox 1284 1437 1353 1463; x_wconf 83' lang='lat' dir='ltr'>vitae</span> <span class='ocrx_word' id='word_1_714' title='bbox 1369 1437 1538 1465; x_wconf 78' lang='lat' dir='ltr'>varietatem,</span> <span class='ocrx_word' id='word_1_715' title='bbox 1556 1435 1603 1469; x_wconf 91' lang='lat' dir='ltr'>qui</span> <span class='ocrx_word' id='word_1_716' title='bbox 1616 1433 1703 1460; x_wconf 84' lang='lat' dir='ltr'>imbe-</span> 
     </span>
     <span class='ocr_line' id='line_1_107' title="bbox 903 1471 1702 1509; baseline -0.004 -10"><span class='ocrx_word' id='word_1_717' title='bbox 903 1472 1042 1499; x_wconf 88' lang='lat' dir='ltr'>cillitatem</span> <span class='ocrx_word' id='word_1_718' title='bbox 1053 1474 1161 1508; x_wconf 81' lang='lat' dir='ltr'>generis</span> <span class='ocrx_word' id='word_1_719' title='bbox 1173 1473 1285 1500; x_wconf 85' lang='lat' dir='ltr'>humani</span> <span class='ocrx_word' id='word_1_720' title='bbox 1296 1474 1408 1509; x_wconf 83' lang='lat' dir='ltr'>cogitat,</span> <span class='ocrx_word' id='word_1_721' title='bbox 1426 1477 1525 1500; x_wconf 85' lang='lat' dir='ltr'>maeret</span> <span class='ocrx_word' id='word_1_722' title='bbox 1536 1480 1621 1507; x_wconf 88' lang='lat' dir='ltr'>quum</span> <span class='ocrx_word' id='word_1_723' title='bbox 1638 1471 1702 1497; x_wconf 87' lang='lat' dir='ltr'>haec</span> 
     </span>
     <span class='ocr_line' id='line_1_108' title="bbox 903 1509 1703 1546; baseline -0.003 -10"><span class='ocrx_word' id='word_1_724' title='bbox 903 1512 1016 1545; x_wconf 84' lang='lat' dir='ltr'>cogitat,</span> <span class='ocrx_word' id='word_1_725' title='bbox 1033 1510 1081 1536; x_wconf 87' lang='lat' dir='ltr'>sed</span> <span class='ocrx_word' id='word_1_726' title='bbox 1097 1515 1154 1537; x_wconf 86' lang='lat' dir='ltr'>tum</span> <span class='ocrx_word' id='word_1_727' title='bbox 1169 1511 1210 1537; x_wconf 89' lang='lat' dir='ltr'>vel</span> <span class='ocrx_word' id='word_1_728' title='bbox 1223 1512 1339 1538; x_wconf 83' lang='lat' dir='ltr'>maxime</span> <span class='ocrx_word' id='word_1_729' title='bbox 1350 1511 1498 1546; x_wconf 79' lang='lat' dir='ltr'>sapientiae</span> <span class='ocrx_word' id='word_1_730' title='bbox 1509 1509 1630 1545; x_wconf 81' lang='lat' dir='ltr'>fungitur</span> <span class='ocrx_word' id='word_1_731' title='bbox 1642 1517 1703 1534; x_wconf 93' lang='lat' dir='ltr'>mu-</span> 
     </span>
     <span class='ocr_line' id='line_1_109' title="bbox 905 1546 1703 1584; baseline -0.004 -10"><span class='ocrx_word' id='word_1_732' title='bbox 905 1556 977 1574; x_wconf 85' lang='lat' dir='ltr'>nere.</span> <span class='ocrx_word' id='word_1_733' title='bbox 1012 1548 1161 1583; x_wconf 88' lang='lat' dir='ltr'>Utrumque</span> <span class='ocrx_word' id='word_1_734' title='bbox 1172 1549 1244 1575; x_wconf 85' lang='lat' dir='ltr'>enim</span> <span class='ocrx_word' id='word_1_735' title='bbox 1256 1549 1439 1584; x_wconf 87' lang='lat' dir='ltr'>consequitur,</span> <span class='ocrx_word' id='word_1_736' title='bbox 1455 1553 1483 1574; x_wconf 90' lang='lat' dir='ltr'>ut</span> <span class='ocrx_word' id='word_1_737' title='bbox 1494 1552 1519 1573; x_wconf 88' lang='lat' dir='ltr'>et</span> <span class='ocrx_word' id='word_1_738' title='bbox 1530 1546 1703 1573; x_wconf 77' lang='lat' dir='ltr'>consideran-</span> 
     </span>
     <span class='ocr_line' id='line_1_110' title="bbox 904 1582 1702 1621; baseline -0.004 -10"><span class='ocrx_word' id='word_1_739' title='bbox 904 1585 947 1611; x_wconf 89' lang='lat' dir='ltr'>dis</span> <span class='ocrx_word' id='word_1_740' title='bbox 961 1585 1042 1611; x_wconf 88' lang='lat' dir='ltr'>rebus</span> <span class='ocrx_word' id='word_1_741' title='bbox 1059 1585 1186 1612; x_wconf 84' lang='lat' dir='ltr'>humanis</span> <span class='ocrx_word' id='word_1_742' title='bbox 1200 1588 1308 1621; x_wconf 90' lang='lat' dir='ltr'>proprio</span> <span class='ocrx_word' id='word_1_743' title='bbox 1324 1585 1512 1621; x_wconf 84' lang='lat' dir='ltr'>philosophiae</span> <span class='ocrx_word' id='word_1_744' title='bbox 1525 1584 1651 1620; x_wconf 77' lang='lat' dir='ltr'>fungatur</span> <span class='ocrx_word' id='word_1_745' title='bbox 1661 1582 1702 1609; x_wconf 74' lang='lat' dir='ltr'>of-</span> 
     </span>
     <span class='ocr_line' id='line_1_111' title="bbox 905 1622 1699 1658; baseline -0.004 -9"><span class='ocrx_word' id='word_1_746' title='bbox 905 1623 975 1654; x_wconf 77' lang='lat' dir='ltr'>ticio,</span> <span class='ocrx_word' id='word_1_747' title='bbox 984 1627 1010 1649; x_wconf 87' lang='lat' dir='ltr'>et</span> <span class='ocrx_word' id='word_1_748' title='bbox 1020 1622 1141 1649; x_wconf 86' lang='lat' dir='ltr'>adversis</span> <span class='ocrx_word' id='word_1_749' title='bbox 1153 1624 1262 1650; x_wconf 85' lang='lat' dir='ltr'>casibus</span> <span class='ocrx_word' id='word_1_750' title='bbox 1275 1623 1373 1658; x_wconf 68' lang='lat' dir='ltr'>tripla-i</span> <span class='ocrx_word' id='word_1_751' title='bbox 1386 1622 1566 1650; x_wconf 81' lang='lat' dir='ltr'>consolatione</span> <span class='ocrx_word' id='word_1_752' title='bbox 1577 1627 1699 1647; x_wconf 53' lang='lat' dir='ltr'>sant-unz</span> 
     </span>
     <span class='ocr_line' id='line_1_112' title="bbox 904 1660 1702 1696; baseline -0.004 -10"><span class='ocrx_word' id='word_1_753' title='bbox 904 1661 1033 1695; x_wconf 88' lang='lat' dir='ltr'>primum,</span> <span class='ocrx_word' id='word_1_754' title='bbox 1049 1660 1121 1695; x_wconf 93' lang='lat' dir='ltr'>quod</span> <span class='ocrx_word' id='word_1_755' title='bbox 1134 1670 1212 1696; x_wconf 88' lang='lat' dir='ltr'>posse</span> <span class='ocrx_word' id='word_1_756' title='bbox 1224 1661 1344 1688; x_wconf 85' lang='lat' dir='ltr'>accidere</span> <span class='ocrx_word' id='word_1_757' title='bbox 1356 1661 1403 1687; x_wconf 90' lang='lat' dir='ltr'>diu</span> <span class='ocrx_word' id='word_1_758' title='bbox 1415 1660 1555 1695; x_wconf 66' lang='lat' dir='ltr'>cogitavit3</span> <span class='ocrx_word' id='word_1_759' title='bbox 1578 1667 1646 1694; x_wconf 88' lang='lat' dir='ltr'>quae</span> <span class='ocrx_word' id='word_1_760' title='bbox 1658 1667 1702 1684; x_wconf 75' lang='lat' dir='ltr'>co-</span> 
     </span>
     <span class='ocr_line' id='line_1_113' title="bbox 903 1695 1702 1733; baseline -0.004 -9"><span class='ocrx_word' id='word_1_761' title='bbox 903 1699 997 1733; x_wconf 85' lang='lat' dir='ltr'>gitatio</span> <span class='ocrx_word' id='word_1_762' title='bbox 1013 1706 1065 1724; x_wconf 85' lang='lat' dir='ltr'>una</span> <span class='ocrx_word' id='word_1_763' title='bbox 1081 1699 1199 1725; x_wconf 83' lang='lat' dir='ltr'>maxime</span> <span class='ocrx_word' id='word_1_764' title='bbox 1216 1698 1352 1725; x_wconf 81' lang='lat' dir='ltr'>molestias.</span> <span class='ocrx_word' id='word_1_765' title='bbox 1366 1706 1459 1725; x_wconf 88' lang='lat' dir='ltr'>omncs</span> <span class='ocrx_word' id='word_1_766' title='bbox 1475 1701 1599 1723; x_wconf 78' lang='lat' dir='ltr'>extenuat</span> <span class='ocrx_word' id='word_1_767' title='bbox 1615 1700 1640 1722; x_wconf 76' lang='lat' dir='ltr'>ct</span> <span class='ocrx_word' id='word_1_768' title='bbox 1660 1695 1702 1721; x_wconf 93' lang='lat' dir='ltr'>di-</span> 
     </span>
     <span class='ocr_line' id='line_1_114' title="bbox 905 1734 1701 1770; baseline -0.004 -9"><span class='ocrx_word' id='word_1_769' title='bbox 905 1736 968 1762; x_wconf 90' lang='lat' dir='ltr'>luit:</span> <span class='ocrx_word' id='word_1_770' title='bbox 982 1735 1093 1766; x_wconf 87' lang='lat' dir='ltr'>deindc,</span> <span class='ocrx_word' id='word_1_771' title='bbox 1107 1736 1180 1770; x_wconf 86' lang='lat' dir='ltr'>quod</span> <span class='ocrx_word' id='word_1_772' title='bbox 1191 1736 1308 1762; x_wconf 83' lang='lat' dir='ltr'>humana</span> <span class='ocrx_word' id='word_1_773' title='bbox 1321 1735 1430 1762; x_wconf 82' lang='lat' dir='ltr'>serenda</span> <span class='ocrx_word' id='word_1_774' title='bbox 1443 1734 1581 1769; x_wconf 75' lang='lat' dir='ltr'>intelligit:</span> <span class='ocrx_word' id='word_1_775' title='bbox 1600 1738 1701 1768; x_wconf 84' lang='lat' dir='ltr'>postre-</span> 
     </span>
     <span class='ocr_line' id='line_1_115' title="bbox 904 1770 1702 1808; baseline -0.004 -10"><span class='ocrx_word' id='word_1_776' title='bbox 904 1781 956 1804; x_wconf 93' lang='lat' dir='ltr'>mo,</span> <span class='ocrx_word' id='word_1_777' title='bbox 965 1773 1037 1808; x_wconf 88' lang='lat' dir='ltr'>quod</span> <span class='ocrx_word' id='word_1_778' title='bbox 1051 1773 1124 1799; x_wconf 89' lang='lat' dir='ltr'>videt</span> <span class='ocrx_word' id='word_1_779' title='bbox 1136 1772 1236 1799; x_wconf 84' lang='lat' dir='ltr'>malum</span> <span class='ocrx_word' id='word_1_780' title='bbox 1248 1773 1354 1800; x_wconf 88' lang='lat' dir='ltr'>nullum</span> <span class='ocrx_word' id='word_1_781' title='bbox 1366 1781 1434 1803; x_wconf 81' lang='lat' dir='ltr'>esse.</span> <span class='ocrx_word' id='word_1_782' title='bbox 1445 1773 1497 1799; x_wconf 78' lang='lat' dir='ltr'>nisi</span> <span class='ocrx_word' id='word_1_783' title='bbox 1509 1771 1629 1806; x_wconf 85' lang='lat' dir='ltr'>culpam:</span> <span class='ocrx_word' id='word_1_784' title='bbox 1644 1770 1702 1795; x_wconf 79' lang='lat' dir='ltr'>cul-</span> 
     </span>
     <span class='ocr_line' id='line_1_116' title="bbox 903 1808 1702 1846; baseline -0.004 -10"><span class='ocrx_word' id='word_1_785' title='bbox 903 1818 965 1845; x_wconf 86' lang='lat' dir='ltr'>pam</span> <span class='ocrx_word' id='word_1_786' title='bbox 981 1815 1070 1836; x_wconf 89' lang='lat' dir='ltr'>autem</span> <span class='ocrx_word' id='word_1_787' title='bbox 1087 1810 1189 1837; x_wconf 91' lang='lat' dir='ltr'>nullam</span> <span class='ocrx_word' id='word_1_788' title='bbox 1206 1819 1278 1841; x_wconf 83' lang='lat' dir='ltr'>esse,</span> <span class='ocrx_word' id='word_1_789' title='bbox 1295 1820 1380 1846; x_wconf 88' lang='lat' dir='ltr'>quum</span> <span class='ocrx_word' id='word_1_790' title='bbox 1398 1810 1437 1839; x_wconf 78' lang='lat' dir='ltr'>id.</span> <span class='ocrx_word' id='word_1_791' title='bbox 1456 1809 1528 1845; x_wconf 87' lang='lat' dir='ltr'>quod</span> <span class='ocrx_word' id='word_1_792' title='bbox 1545 1809 1577 1835; x_wconf 86' lang='lat' dir='ltr'>ab</span> <span class='ocrx_word' id='word_1_793' title='bbox 1594 1808 1702 1834; x_wconf 85' lang='lat' dir='ltr'>homine</span> 
     </span>
     <span class='ocr_line' id='line_1_117' title="bbox 904 1845 1702 1882; baseline -0.005 -8"><span class='ocrx_word' id='word_1_794' title='bbox 904 1856 956 1874; x_wconf 87' lang='lat' dir='ltr'>non</span> <span class='ocrx_word' id='word_1_795' title='bbox 968 1849 1085 1882; x_wconf 84' lang='lat' dir='ltr'>potuerit</span> <span class='ocrx_word' id='word_1_796' title='bbox 1096 1849 1235 1882; x_wconf 84' lang='lat' dir='ltr'>praestari,</span> <span class='ocrx_word' id='word_1_797' title='bbox 1251 1850 1380 1875; x_wconf 84' lang='lat' dir='ltr'>evenerit.</span> <span class='ocrx_word' id='word_1_798' title='bbox 1422 1849 1463 1874; x_wconf 69' lang='lat'>3⁴5.</span> <span class='ocrx_word' id='word_1_799' title='bbox 1486 1848 1551 1872; x_wconf 80' lang='lat' dir='ltr'>Nam</span> <span class='ocrx_word' id='word_1_800' title='bbox 1570 1845 1702 1872; x_wconf 75' lang='lat' dir='ltr'>revocatio</span> 
     </span>
     <span class='ocr_line' id='line_1_118' title="bbox 904 1883 1700 1920; baseline -0.005 -9"><span class='ocrx_word' id='word_1_801' title='bbox 904 1885 959 1916; x_wconf 88' lang='lat' dir='ltr'>illa,</span> <span class='ocrx_word' id='word_1_802' title='bbox 971 1894 1053 1920; x_wconf 89' lang='lat' dir='ltr'>quam</span> <span class='ocrx_word' id='word_1_803' title='bbox 1065 1886 1242 1920; x_wconf 81' lang='lat' dir='ltr'>all&#39;ert,quum</span> <span class='ocrx_word' id='word_1_804' title='bbox 1255 1894 1267 1912; x_wconf 87' lang='lat' dir='ltr'>a</span> <span class='ocrx_word' id='word_1_805' title='bbox 1279 1885 1438 1912; x_wconf 87' lang='lat' dir='ltr'>contuendis</span> <span class='ocrx_word' id='word_1_806' title='bbox 1451 1893 1498 1911; x_wconf 87' lang='lat' dir='ltr'>nos</span> <span class='ocrx_word' id='word_1_807' title='bbox 1510 1883 1587 1909; x_wconf 84' lang='lat' dir='ltr'>malis</span> <span class='ocrx_word' id='word_1_808' title='bbox 1598 1888 1700 1912; x_wconf 71' lang='lat' dir='ltr'>avocat,</span> 
     </span>
     <span class='ocr_line' id='line_1_119' title="bbox 903 1920 1703 1957; baseline -0.006 -8"><span class='ocrx_word' id='word_1_809' title='bbox 903 1922 978 1949; x_wconf 89' lang='lat' dir='ltr'>nulla</span> <span class='ocrx_word' id='word_1_810' title='bbox 988 1927 1038 1949; x_wconf 80' lang='lat' dir='ltr'>est.</span> <span class='ocrx_word' id='word_1_811' title='bbox 1078 1924 1136 1950; x_wconf 92' lang='lat' dir='ltr'>Non</span> <span class='ocrx_word' id='word_1_812' title='bbox 1147 1928 1188 1950; x_wconf 86' lang='lat' dir='ltr'>est</span> <span class='ocrx_word' id='word_1_813' title='bbox 1200 1924 1272 1949; x_wconf 89' lang='lat' dir='ltr'>enim</span> <span class='ocrx_word' id='word_1_814' title='bbox 1286 1924 1311 1949; x_wconf 91' lang='lat' dir='ltr'>in</span> <span class='ocrx_word' id='word_1_815' title='bbox 1325 1928 1412 1949; x_wconf 82' lang='lat' dir='ltr'>nostra</span> <span class='ocrx_word' id='word_1_816' title='bbox 1425 1927 1564 1957; x_wconf 77' lang='lat' dir='ltr'>potestate,</span> <span class='ocrx_word' id='word_1_817' title='bbox 1583 1920 1703 1946; x_wconf 77' lang='lat' dir='ltr'>fodican-</span> 
     </span>
     <span class='ocr_line' id='line_1_120' title="bbox 903 1956 1702 1996; baseline -0.005 -10"><span class='ocrx_word' id='word_1_818' title='bbox 903 1960 977 1986; x_wconf 85' lang='lat' dir='ltr'>tibus</span> <span class='ocrx_word' id='word_1_819' title='bbox 988 1961 1023 1986; x_wconf 91' lang='lat' dir='ltr'>iis</span> <span class='ocrx_word' id='word_1_820' title='bbox 1035 1961 1125 1991; x_wconf 88' lang='lat' dir='ltr'>rebus,</span> <span class='ocrx_word' id='word_1_821' title='bbox 1138 1969 1207 1996; x_wconf 87' lang='lat' dir='ltr'>quas</span> <span class='ocrx_word' id='word_1_822' title='bbox 1219 1960 1302 1987; x_wconf 86' lang='lat' dir='ltr'>malus</span> <span class='ocrx_word' id='word_1_823' title='bbox 1313 1969 1373 1987; x_wconf 88' lang='lat' dir='ltr'>esse</span> <span class='ocrx_word' id='word_1_824' title='bbox 1384 1961 1535 1995; x_wconf 71' lang='lat' dir='ltr'>opinemur,</span> <span class='ocrx_word' id='word_1_825' title='bbox 1544 1956 1702 1984; x_wconf 82' lang='lat' dir='ltr'>dissimula-</span> 
     </span>
     <span class='ocr_line' id='line_1_121' title="bbox 904 1995 1699 2029; baseline -0.005 -5"><span class='ocrx_word' id='word_1_826' title='bbox 904 1998 940 2024; x_wconf 91' lang='lat' dir='ltr'>tio</span> <span class='ocrx_word' id='word_1_827' title='bbox 952 1997 993 2024; x_wconf 91' lang='lat' dir='ltr'>vel</span> <span class='ocrx_word' id='word_1_828' title='bbox 1005 1997 1116 2025; x_wconf 89' lang='lat' dir='ltr'>oblivio.</span> <span class='ocrx_word' id='word_1_829' title='bbox 1137 1999 1274 2029; x_wconf 85' lang='lat' dir='ltr'>Lacerant,</span> <span class='ocrx_word' id='word_1_830' title='bbox 1289 2003 1395 2029; x_wconf 82' lang='lat' dir='ltr'>vexant,</span> <span class='ocrx_word' id='word_1_831' title='bbox 1409 1996 1534 2024; x_wconf 86' lang='lat' dir='ltr'>stimulos</span> <span class='ocrx_word' id='word_1_832' title='bbox 1546 1995 1699 2022; x_wconf 75' lang='lat' dir='ltr'>admovent.</span> 
     </span>
     <span class='ocr_line' id='line_1_122' title="bbox 903 2032 1701 2070; baseline -0.004 -10"><span class='ocrx_word' id='word_1_833' title='bbox 903 2035 980 2070; x_wconf 86' lang='lat' dir='ltr'>ignes</span> <span class='ocrx_word' id='word_1_834' title='bbox 992 2035 1131 2066; x_wconf 87' lang='lat' dir='ltr'>adhibent,</span> <span class='ocrx_word' id='word_1_835' title='bbox 1145 2037 1277 2070; x_wconf 85' lang='lat' dir='ltr'>respirare</span> <span class='ocrx_word' id='word_1_836' title='bbox 1289 2044 1340 2062; x_wconf 93' lang='lat' dir='ltr'>non</span> <span class='ocrx_word' id='word_1_837' title='bbox 1353 2036 1455 2062; x_wconf 83' lang='lat' dir='ltr'>sinunt.</span> <span class='ocrx_word' id='word_1_838' title='bbox 1494 2035 1525 2060; x_wconf 89' lang='lat' dir='ltr'>Et</span> <span class='ocrx_word' id='word_1_839' title='bbox 1537 2039 1563 2060; x_wconf 86' lang='lat' dir='ltr'>tu</span> <span class='ocrx_word' id='word_1_840' title='bbox 1575 2032 1701 2059; x_wconf 74' lang='lat' dir='ltr'>oblivisci</span> 
     </span>
     <span class='ocr_line' id='line_1_123' title="bbox 904 2070 1701 2107; baseline -0.005 -9"><span class='ocrx_word' id='word_1_841' title='bbox 904 2072 991 2103; x_wconf 84' lang='lat' dir='ltr'>iubes,</span> <span class='ocrx_word' id='word_1_842' title='bbox 1004 2073 1078 2106; x_wconf 88' lang='lat' dir='ltr'>quod</span> <span class='ocrx_word' id='word_1_843' title='bbox 1092 2077 1181 2099; x_wconf 90' lang='lat' dir='ltr'>contra</span> <span class='ocrx_word' id='word_1_844' title='bbox 1192 2078 1313 2099; x_wconf 85' lang='lat' dir='ltr'>naturam</span> <span class='ocrx_word' id='word_1_845' title='bbox 1325 2078 1378 2099; x_wconf 86' lang='lat' dir='ltr'>est:</span> <span class='ocrx_word' id='word_1_846' title='bbox 1394 2071 1467 2107; x_wconf 82' lang='lat' dir='ltr'>quod</span> <span class='ocrx_word' id='word_1_847' title='bbox 1479 2081 1492 2098; x_wconf 83' lang='lat' dir='ltr'>a</span> <span class='ocrx_word' id='word_1_848' title='bbox 1505 2076 1597 2097; x_wconf 85' lang='lat' dir='ltr'>natura</span> <span class='ocrx_word' id='word_1_849' title='bbox 1610 2070 1701 2096; x_wconf 86' lang='lat' dir='ltr'>datum</span> 
     </span>
     <span class='ocr_line' id='line_1_124' title="bbox 903 2107 1701 2144; baseline -0.004 -9"><span class='ocrx_word' id='word_1_850' title='bbox 903 2113 943 2136; x_wconf 90' lang='lat' dir='ltr'>est</span> <span class='ocrx_word' id='word_1_851' title='bbox 953 2109 1087 2136; x_wconf 82' lang='lat' dir='ltr'>auxilium</span> <span class='ocrx_word' id='word_1_852' title='bbox 1103 2115 1264 2144; x_wconf 86' lang='lat' dir='ltr'>extorqueas</span> <span class='ocrx_word' id='word_1_853' title='bbox 1281 2110 1419 2136; x_wconf 85' lang='lat' dir='ltr'>inveterati</span> <span class='ocrx_word' id='word_1_854' title='bbox 1434 2108 1553 2135; x_wconf 67' lang='lat' dir='ltr'>doloris?</span> <span class='ocrx_word' id='word_1_855' title='bbox 1572 2108 1619 2134; x_wconf 79' lang='lat' dir='ltr'>Est</span> <span class='ocrx_word' id='word_1_856' title='bbox 1629 2107 1701 2133; x_wconf 76' lang='lat' dir='ltr'>enim</span> 
     </span>
     <span class='ocr_line' id='line_1_125' title="bbox 903 2146 1700 2181; baseline -0.006 -8"><span class='ocrx_word' id='word_1_857' title='bbox 903 2146 976 2173; x_wconf 85' lang='lat' dir='ltr'>tarda</span> <span class='ocrx_word' id='word_1_858' title='bbox 989 2146 1033 2172; x_wconf 90' lang='lat' dir='ltr'>illa</span> <span class='ocrx_word' id='word_1_859' title='bbox 1046 2146 1158 2181; x_wconf 87' lang='lat' dir='ltr'>quidem</span> <span class='ocrx_word' id='word_1_860' title='bbox 1171 2147 1319 2178; x_wconf 87' lang='lat' dir='ltr'>medicina,</span> <span class='ocrx_word' id='word_1_861' title='bbox 1336 2147 1382 2173; x_wconf 87' lang='lat' dir='ltr'>sed</span> <span class='ocrx_word' id='word_1_862' title='bbox 1396 2152 1483 2173; x_wconf 79' lang='lat' dir='ltr'>tamen</span> <span class='ocrx_word' id='word_1_863' title='bbox 1496 2154 1605 2180; x_wconf 82' lang='lat' dir='ltr'>magna.</span> <span class='ocrx_word' id='word_1_864' title='bbox 1619 2151 1700 2178; x_wconf 82' lang='lat' dir='ltr'>quam</span> 
     </span>
     <span class='ocr_line' id='line_1_126' title="bbox 903 2183 1699 2219; baseline -0.001 -9"><span class='ocrx_word' id='word_1_865' title='bbox 903 2183 977 2210; x_wconf 76' lang='lat' dir='ltr'>affert</span> <span class='ocrx_word' id='word_1_866' title='bbox 994 2183 1177 2219; x_wconf 83' lang='lat' dir='ltr'>longinquitas</span> <span class='ocrx_word' id='word_1_867' title='bbox 1191 2189 1217 2210; x_wconf 87' lang='lat' dir='ltr'>et</span> <span class='ocrx_word' id='word_1_868' title='bbox 1231 2184 1300 2210; x_wconf 87' lang='lat' dir='ltr'>dies.</span> <span class='ocrx_word' id='word_1_869' title='bbox 1342 2184 1420 2210; x_wconf 82' lang='lat' dir='ltr'>iubes</span> <span class='ocrx_word' id='word_1_870' title='bbox 1437 2192 1478 2209; x_wconf 78' lang='lat' dir='ltr'>mc</span> <span class='ocrx_word' id='word_1_871' title='bbox 1494 2183 1561 2209; x_wconf 84' lang='lat' dir='ltr'>bona</span> <span class='ocrx_word' id='word_1_872' title='bbox 1573 2183 1699 2216; x_wconf 64' lang='lat' dir='ltr'>rogitare,</span> 
     </span>
     <span class='ocr_line' id='line_1_127' title="bbox 902 2219 1701 2254; baseline -0.004 -8"><span class='ocrx_word' id='word_1_873' title='bbox 902 2220 1028 2247; x_wconf 84' lang='lat' dir='ltr'>oblivisci</span> <span class='ocrx_word' id='word_1_874' title='bbox 1044 2220 1186 2247; x_wconf 89' lang='lat' dir='ltr'>malorum.</span> <span class='ocrx_word' id='word_1_875' title='bbox 1228 2221 1334 2247; x_wconf 84' lang='lat' dir='ltr'>Diceres</span> <span class='ocrx_word' id='word_1_876' title='bbox 1350 2220 1469 2254; x_wconf 82' lang='lat' dir='ltr'>aliquid,</span> <span class='ocrx_word' id='word_1_877' title='bbox 1486 2225 1511 2246; x_wconf 79' lang='lat' dir='ltr'>et</span> <span class='ocrx_word' id='word_1_878' title='bbox 1528 2228 1624 2254; x_wconf 70' lang='lat' dir='ltr'>magno</span> <span class='ocrx_word' id='word_1_879' title='bbox 1638 2219 1701 2252; x_wconf 78' lang='lat' dir='ltr'>qui-</span> 
     </span>
     <span class='ocr_line' id='line_1_128' title="bbox 902 2257 1700 2293; baseline -0.006 -9"><span class='ocrx_word' id='word_1_880' title='bbox 902 2258 963 2284; x_wconf 87' lang='lat' dir='ltr'>dem</span> <span class='ocrx_word' id='word_1_881' title='bbox 977 2257 1137 2292; x_wconf 84' lang='lat' dir='ltr'>philosopho</span> <span class='ocrx_word' id='word_1_882' title='bbox 1151 2257 1419 2293; x_wconf 81' lang='lat' dir='ltr'>‹lignuiii,sicaboiia</span> <span class='ocrx_word' id='word_1_883' title='bbox 1431 2258 1544 2284; x_wconf 81' lang='lat' dir='ltr'>sentires</span> <span class='ocrx_word' id='word_1_884' title='bbox 1555 2264 1622 2282; x_wconf 76' lang='lat' dir='ltr'>csse.</span> <span class='ocrx_word' id='word_1_885' title='bbox 1632 2263 1700 2289; x_wconf 69' lang='lat' dir='ltr'>quau</span> 
     </span>
     <span class='ocr_line' id='line_1_129' title="bbox 902 2293 1700 2329; baseline -0.005 -8"><span class='ocrx_word' id='word_1_886' title='bbox 902 2300 992 2321; x_wconf 75' lang='lat' dir='ltr'>essent</span> <span class='ocrx_word' id='word_1_887' title='bbox 1014 2295 1121 2321; x_wconf 89' lang='lat' dir='ltr'>homine</span> <span class='ocrx_word' id='word_1_888' title='bbox 1145 2295 1317 2329; x_wconf 73' lang='lat' dir='ltr'>dignissima.</span> <span class='ocrx_word' id='word_1_889' title='bbox 1358 2294 1439 2321; x_wconf 80' lang='lat' dir='ltr'>xvu.</span> <span class='ocrx_word' id='word_1_890' title='bbox 1465 2297 1506 2320; x_wconf 77' lang='lat'>35.</span> <span class='ocrx_word' id='word_1_891' title='bbox 1538 2293 1700 2328; x_wconf 67' lang='lat' dir='ltr'>Pythagoras</span> 
     </span>
     <span class='ocr_line' id='line_1_130' title="bbox 903 2328 1702 2362; baseline -0.008 -3"><span class='ocrx_word' id='word_1_892' title='bbox 903 2333 970 2359; x_wconf 86' lang='lat' dir='ltr'>milii</span> <span class='ocrx_word' id='word_1_893' title='bbox 989 2333 1012 2359; x_wconf 85' lang='lat' dir='ltr'>si</span> <span class='ocrx_word' id='word_1_894' title='bbox 1029 2332 1130 2359; x_wconf 85' lang='lat' dir='ltr'>diceret</span> <span class='ocrx_word' id='word_1_895' title='bbox 1144 2337 1189 2359; x_wconf 86' lang='lat' dir='ltr'>aut</span> <span class='ocrx_word' id='word_1_896' title='bbox 1205 2332 1326 2358; x_wconf 80' lang='lat' dir='ltr'>Socrates</span> <span class='ocrx_word' id='word_1_897' title='bbox 1342 2336 1387 2358; x_wconf 85' lang='lat' dir='ltr'>aut</span> <span class='ocrx_word' id='word_1_898' title='bbox 1398 2331 1483 2358; x_wconf 84' lang='lat' dir='ltr'>Plato:</span> <span class='ocrx_word' id='word_1_899' title='bbox 1514 2330 1599 2362; x_wconf 67' lang='lat' dir='ltr'>»Quid</span> <span class='ocrx_word' id='word_1_900' title='bbox 1614 2328 1702 2355; x_wconf 72' lang='lat' dir='ltr'>iaces‘?</span> 
     </span>
     <span class='ocr_line' id='line_1_131' title="bbox 902 2366 1700 2405; baseline -0.006 -9"><span class='ocrx_word' id='word_1_901' title='bbox 902 2375 947 2397; x_wconf 83' lang='lat' dir='ltr'>aut</span> <span class='ocrx_word' id='word_1_902' title='bbox 962 2369 1029 2405; x_wconf 92' lang='lat' dir='ltr'>quid</span> <span class='ocrx_word' id='word_1_903' title='bbox 1045 2369 1166 2396; x_wconf 73' lang='lat' dir='ltr'>maures?</span> <span class='ocrx_word' id='word_1_904' title='bbox 1185 2374 1231 2396; x_wconf 85' lang='lat' dir='ltr'>aut</span> <span class='ocrx_word' id='word_1_905' title='bbox 1245 2378 1293 2395; x_wconf 78' lang='lat' dir='ltr'>cur</span> <span class='ocrx_word' id='word_1_906' title='bbox 1306 2369 1464 2395; x_wconf 84' lang='lat' dir='ltr'>succumbis</span> <span class='ocrx_word' id='word_1_907' title='bbox 1475 2368 1604 2402; x_wconf 76' lang='lat' dir='ltr'>cedisque</span> <span class='ocrx_word' id='word_1_908' title='bbox 1618 2366 1700 2392; x_wconf 79' lang='lat' dir='ltr'>sortu-</span> 
     </span>
     <span class='ocr_line' id='line_1_132' title="bbox 903 2406 1697 2442; baseline -0.005 -9"><span class='ocrx_word' id='word_1_909' title='bbox 903 2408 969 2434; x_wconf 79' lang='lat' dir='ltr'>nac&#39;?</span> <span class='ocrx_word' id='word_1_910' title='bbox 987 2415 1056 2442; x_wconf 83' lang='lat' dir='ltr'>quac</span> <span class='ocrx_word' id='word_1_911' title='bbox 1073 2406 1221 2441; x_wconf 76' lang='lat' dir='ltr'>pervellere</span> <span class='ocrx_word' id='word_1_912' title='bbox 1236 2411 1260 2432; x_wconf 88' lang='lat' dir='ltr'>tc</span> <span class='ocrx_word' id='word_1_913' title='bbox 1277 2406 1386 2432; x_wconf 77' lang='lat' dir='ltr'>forsitan</span> <span class='ocrx_word' id='word_1_914' title='bbox 1399 2406 1515 2440; x_wconf 78' lang='lat' dir='ltr'>potuerit</span> <span class='ocrx_word' id='word_1_915' title='bbox 1525 2410 1550 2430; x_wconf 78' lang='lat' dir='ltr'>ct</span> <span class='ocrx_word' id='word_1_916' title='bbox 1563 2412 1697 2439; x_wconf 72' lang='lat' dir='ltr'>pungere:</span> 
     </span>
     <span class='ocr_line' id='line_1_133' title="bbox 902 2441 1699 2479; baseline -0.005 -9"><span class='ocrx_word' id='word_1_917' title='bbox 902 2454 952 2471; x_wconf 86' lang='lat' dir='ltr'>non</span> <span class='ocrx_word' id='word_1_918' title='bbox 966 2445 1051 2479; x_wconf 63' lang='lat' dir='ltr'>{vomit</span> <span class='ocrx_word' id='word_1_919' title='bbox 1061 2449 1132 2471; x_wconf 84' lang='lat' dir='ltr'>certo</span> <span class='ocrx_word' id='word_1_920' title='bbox 1144 2445 1216 2470; x_wconf 83' lang='lat' dir='ltr'>vires</span> <span class='ocrx_word' id='word_1_921' title='bbox 1229 2443 1359 2479; x_wconf 76' lang='lat' dir='ltr'>frangere.</span> <span class='ocrx_word' id='word_1_922' title='bbox 1394 2443 1488 2477; x_wconf 79' lang='lat' dir='ltr'>Magna</span> <span class='ocrx_word' id='word_1_923' title='bbox 1501 2443 1542 2468; x_wconf 77' lang='lat' dir='ltr'>vis</span> <span class='ocrx_word' id='word_1_924' title='bbox 1554 2446 1592 2468; x_wconf 76' lang='lat' dir='ltr'>cst</span> <span class='ocrx_word' id='word_1_925' title='bbox 1605 2442 1630 2468; x_wconf 89' lang='lat' dir='ltr'>in</span> <span class='ocrx_word' id='word_1_926' title='bbox 1644 2441 1699 2467; x_wconf 69' lang='lat' dir='ltr'>vir-</span> 
     </span>
     <span class='ocr_line' id='line_1_134' title="bbox 902 2478 1699 2512; baseline -0.005 -4"><span class='ocrx_word' id='word_1_927' title='bbox 902 2482 1019 2508; x_wconf 83' lang='lat' dir='ltr'>tutibus:</span> <span class='ocrx_word' id='word_1_928' title='bbox 1033 2490 1078 2507; x_wconf 82' lang='lat' dir='ltr'>eas</span> <span class='ocrx_word' id='word_1_929' title='bbox 1092 2482 1193 2512; x_wconf 75' lang='lat' dir='ltr'>excita,</span> <span class='ocrx_word' id='word_1_930' title='bbox 1207 2482 1229 2507; x_wconf 79' lang='lat' dir='ltr'>si</span> <span class='ocrx_word' id='word_1_931' title='bbox 1244 2481 1308 2507; x_wconf 79' lang='lat' dir='ltr'>forte</span> <span class='ocrx_word' id='word_1_932' title='bbox 1319 2480 1467 2506; x_wconf 86' lang='lat' dir='ltr'>dormiunt.</span> <span class='ocrx_word' id='word_1_933' title='bbox 1509 2480 1561 2505; x_wconf 82' lang='lat' dir='ltr'>iam</span> <span class='ocrx_word' id='word_1_934' title='bbox 1575 2479 1624 2505; x_wconf 86' lang='lat' dir='ltr'>tibi</span> <span class='ocrx_word' id='word_1_935' title='bbox 1635 2478 1699 2504; x_wconf 84' lang='lat' dir='ltr'>ade-</span> 
     </span>
     <span class='ocr_line' id='line_1_135' title="bbox 902 2518 1696 2554; baseline -0.001 -10"><span class='ocrx_word' id='word_1_936' title='bbox 902 2520 934 2546; x_wconf 90' lang='lat' dir='ltr'>rit</span> <span class='ocrx_word' id='word_1_937' title='bbox 946 2520 1072 2554; x_wconf 79' lang='lat' dir='ltr'>princeps</span> <span class='ocrx_word' id='word_1_938' title='bbox 1084 2518 1230 2547; x_wconf 84' lang='lat' dir='ltr'>Fortitudo.</span> <span class='ocrx_word' id='word_1_939' title='bbox 1244 2527 1313 2553; x_wconf 76' lang='lat' dir='ltr'>quae</span> <span class='ocrx_word' id='word_1_940' title='bbox 1325 2524 1348 2544; x_wconf 72' lang='lat' dir='ltr'>te</span> <span class='ocrx_word' id='word_1_941' title='bbox 1360 2518 1450 2544; x_wconf 87' lang='lat' dir='ltr'>animo</span> <span class='ocrx_word' id='word_1_942' title='bbox 1461 2522 1531 2543; x_wconf 83' lang='lat' dir='ltr'>tanto</span> <span class='ocrx_word' id='word_1_943' title='bbox 1543 2525 1600 2542; x_wconf 77' lang='lat' dir='ltr'>csse</span> <span class='ocrx_word' id='word_1_944' title='bbox 1612 2521 1696 2551; x_wconf 73' lang='lat' dir='ltr'>coget.</span> 
     </span>
     <span class='ocr_line' id='line_1_136' title="bbox 901 2555 1700 2591; baseline -0.004 -9"><span class='ocrx_word' id='word_1_945' title='bbox 901 2561 930 2582; x_wconf 89' lang='lat' dir='ltr'>ut</span> <span class='ocrx_word' id='word_1_946' title='bbox 939 2557 1043 2586; x_wconf 74' lang='lat' dir='ltr'>omnia,</span> <span class='ocrx_word' id='word_1_947' title='bbox 1060 2564 1129 2590; x_wconf 78' lang='lat' dir='ltr'>quae</span> <span class='ocrx_word' id='word_1_948' title='bbox 1140 2557 1243 2591; x_wconf 76' lang='lat' dir='ltr'>possint</span> <span class='ocrx_word' id='word_1_949' title='bbox 1257 2555 1358 2581; x_wconf 83' lang='lat' dir='ltr'>homini</span> <span class='ocrx_word' id='word_1_950' title='bbox 1370 2556 1493 2585; x_wconf 72' lang='lat' dir='ltr'>evenire,</span> <span class='ocrx_word' id='word_1_951' title='bbox 1507 2559 1661 2581; x_wconf 82' lang='lat' dir='ltr'>contemnas</span> <span class='ocrx_word' id='word_1_952' title='bbox 1673 2558 1700 2579; x_wconf 77' lang='lat' dir='ltr'>et</span> 
     </span>
     <span class='ocr_line' id='line_1_137' title="bbox 901 2592 1699 2627; baseline -0.004 -8"><span class='ocrx_word' id='word_1_953' title='bbox 901 2602 948 2627; x_wconf 87' lang='lat' dir='ltr'>pro</span> <span class='ocrx_word' id='word_1_954' title='bbox 964 2593 1049 2619; x_wconf 86' lang='lat' dir='ltr'>niliilo</span> <span class='ocrx_word' id='word_1_955' title='bbox 1065 2598 1152 2627; x_wconf 74' lang='lat' dir='ltr'>putes.</span> <span class='ocrx_word' id='word_1_956' title='bbox 1194 2593 1286 2619; x_wconf 75' lang='lat' dir='ltr'>Aderit</span> <span class='ocrx_word' id='word_1_957' title='bbox 1302 2592 1502 2627; x_wconf 78' lang='lat' dir='ltr'>Temperantia.</span> <span class='ocrx_word' id='word_1_958' title='bbox 1520 2600 1588 2627; x_wconf 83' lang='lat' dir='ltr'>quae</span> <span class='ocrx_word' id='word_1_959' title='bbox 1602 2596 1641 2617; x_wconf 79' lang='lat' dir='ltr'>est</span> <span class='ocrx_word' id='word_1_960' title='bbox 1653 2599 1699 2616; x_wconf 81' lang='lat' dir='ltr'>ea-</span> 
     </span>
     <span class='ocr_line' id='line_1_138' title="bbox 899 2628 1697 2664; baseline -0.004 -7"><span class='ocrx_word' id='word_1_961' title='bbox 899 2630 961 2657; x_wconf 88' lang='lat' dir='ltr'>dem</span> <span class='ocrx_word' id='word_1_962' title='bbox 978 2630 1137 2662; x_wconf 64' lang='lat' dir='ltr'>moderatim</span> <span class='ocrx_word' id='word_1_963' title='bbox 1162 2639 1175 2657; x_wconf 88' lang='lat' dir='ltr'>a</span> <span class='ocrx_word' id='word_1_964' title='bbox 1195 2639 1237 2656; x_wconf 89' lang='lat' dir='ltr'>me</span> <span class='ocrx_word' id='word_1_965' title='bbox 1253 2629 1364 2664; x_wconf 85' lang='lat' dir='ltr'>quidem</span> <span class='ocrx_word' id='word_1_966' title='bbox 1381 2629 1471 2664; x_wconf 85' lang='lat' dir='ltr'>paullo</span> <span class='ocrx_word' id='word_1_967' title='bbox 1487 2634 1546 2655; x_wconf 85' lang='lat' dir='ltr'>ante</span> <span class='ocrx_word' id='word_1_968' title='bbox 1565 2628 1697 2663; x_wconf 79' lang='lat' dir='ltr'>appellata</span> 
     </span>
     <span class='ocr_line' id='line_1_139' title="bbox 900 2665 1698 2704; baseline -0.004 -9"><span class='ocrx_word' id='word_1_969' title='bbox 900 2667 1054 2704; x_wconf 80' lang='lat' dir='ltr'>frugalitas3</span> <span class='ocrx_word' id='word_1_970' title='bbox 1068 2676 1138 2704; x_wconf 82' lang='lat' dir='ltr'>quae</span> <span class='ocrx_word' id='word_1_971' title='bbox 1148 2673 1173 2695; x_wconf 80' lang='lat' dir='ltr'>tc</span> <span class='ocrx_word' id='word_1_972' title='bbox 1185 2668 1298 2703; x_wconf 85' lang='lat' dir='ltr'>turpiter</span> <span class='ocrx_word' id='word_1_973' title='bbox 1308 2672 1334 2694; x_wconf 84' lang='lat' dir='ltr'>et</span> <span class='ocrx_word' id='word_1_974' title='bbox 1345 2667 1468 2703; x_wconf 85' lang='lat' dir='ltr'>nequiter</span> <span class='ocrx_word' id='word_1_975' title='bbox 1479 2665 1564 2693; x_wconf 78' lang='lat' dir='ltr'>facero</span> <span class='ocrx_word' id='word_1_976' title='bbox 1574 2666 1642 2693; x_wconf 85' lang='lat' dir='ltr'>nihil</span> <span class='ocrx_word' id='word_1_977' title='bbox 1651 2674 1698 2701; x_wconf 85' lang='lat' dir='ltr'>pa-</span> 
     </span>
    </p>
   </div>
  </div>
 </body>
</html>
