1941 3052
254 164 299 186 tto
827 162 850 183 κ,
887 159 920 184 Μ.
955 159 984 183 Τ,
1019 159 1061 184 tjl

250 237 328 258 otiam
345 239 437 257 vorsus
460 230 539 256 fars-tc-
555 230 736 263 interponitur,
755 228 794 253 vel
810 232 896 257 uti-at,
911 226 950 252 vel
962 226 1039 262 paul-

252 269 335 295 lulum
348 269 516 295 immutatus.
542 272 586 292 aut
600 266 687 300 aliqua
703 274 762 299 pars
777 274 878 294 versuti.
896 269 925 289 ut
938 265 1039 290 Statius

251 306 349 332 Scauro
363 305 551 335 sunum-tinnit,
568 305 609 330 (vx
623 312 676 337 quo
691 307 752 328 sunt
769 301 953 336 nonnulli,qui
966 306 1038 328 tuam

252 343 335 376 legem
351 342 383 369 tle
398 343 504 368 civiti-sin
519 346 613 370 natam,
631 341 732 369 Crasse,
749 339 863 372 dicant:)

284 376 333 409 δι’,
358 384 445 409 tacete,
471 381 531 412 quiri
555 380 600 402 twa
619 375 758 402 clarueris?
782 376 866 409 quibu'
886 384 930 401 nec
949 380 1037 406 mater,

742 416 786 438 m‘c
798 417 885 445 pater,

288 457 359 479 tanta
374 450 544 485 roufirtrntia?
563 453 661 483 azaserte
675 452 756 475 :blanc
770 453 835 475 enim
848 451 1000 482 napo-rhium.

253 491 316 517 Num
332 491 357 516 in
374 489 461 515 Caelio
474 497 536 514 sanc
551 487 627 513 etiam
642 486 674 513 ad
688 495 810 513 caussam
826 486 890 512 utile
902 485 951 512 fuit
963 491 1038 513 tuum

253 527 328 557 illud,
345 526 449 556 Antoni,
465 534 549 560 quum
565 524 609 550 ille
623 533 636 549 a
651 533 679 549 se
694 524 833 559 pecuniam
844 523 986 558 profectam
998 524 1039 550 di-

251 569 320 590 ceret
343 564 417 589 testis
440 567 466 589 ct
489 562 595 588 liaberet
617 561 702 587 fitium
721 561 909 589 delicatiorem.
925 561 1039 587 abeunte

251 603 301 627 iani
317 600 371 631 illo,

286 638 380 663 sentin·
394 646 476 662 arnam
490 645 542 661 esse
555 639 649 662 ttictum
665 638 770 668 triyinta
786 634 880 660 minis?

250 676 307 701 2558.
334 675 360 700 ln
385 674 433 700 hoc
456 682 541 709 genus
563 673 741 699 coniiciuntur
760 672 907 707 proverbia,
930 672 1039 698 utillud

250 712 391 746 Scipionis,
412 720 497 746 quum
516 710 622 737 Asellus
635 719 728 736 omnes
743 710 893 744 provincias
907 710 1038 744 stipendia

250 753 393 775 merentem
415 757 444 774 se
466 756 620 783 peragrasse
637 747 806 783 gloriaretur:
834 749 902 779 Aqua
922 749 1037 777 mettum,

249 791 273 812 et
287 790 381 812 cetera.
412 786 498 818 Quare
512 794 540 811 ea
554 793 670 820 quoque,
687 785 812 819 quoniam
827 785 935 810 mutatis
950 784 1039 810 verbis

250 832 300 849 non
316 827 427 858 possunt
442 823 552 849 retinere
566 822 685 848 eamdem
701 826 876 851 venustatem,
893 830 943 847 non
958 822 984 847 in
1001 830 1036 852 re,

249 860 295 886 sed
310 861 336 886 in
352 860 439 886 verbis
454 861 538 894 posita
549 859 689 885 ducantur.
705 860 763 885 259.
777 859 822 884 Est
832 859 910 885 etiam
921 859 947 885 in
960 859 1039 885 verbo

250 898 365 932 positum
378 906 428 923 non
439 897 572 923 insulsum
583 905 719 932 gcnus,ex
728 905 766 925 eo.
776 905 860 931 quum
872 895 903 922 ad
916 896 1036 926 verbum,
1066 925 1068 932 ,

250 944 300 961 non
315 935 346 960 ad
362 935 518 961 sententiam
534 942 588 960 rem
603 935 721 968 accipere
736 933 854 965 videare3
872 942 904 959 ex
917 942 971 968 quo
987 942 1039 960 uno

248 980 344 1006 genere
363 976 432 998 totus
449 976 489 998 est
503 972 592 1002 Tutor,
612 971 711 997 mimus
726 975 811 1001 vetus,
827 970 925 1005 oppido
939 970 1040 997 ridicu-

251 1009 301 1035 lus.
324 1008 376 1035 Sed
390 1009 455 1035 abeo
468 1018 481 1035 a
497 1009 599 1040 mimis,
621 1013 722 1035 tantum
737 1017 822 1044 genus
836 1008 917 1034 buius
932 1007 1038 1034 ridiculi

249 1047 348 1082 insigni
369 1045 457 1081 aliqua
479 1050 504 1072 et
523 1050 580 1072 nota
600 1054 626 1072 re
641 1046 723 1072 notari
739 1045 806 1072 volo.
843 1045 889 1071 Est
902 1050 990 1071 autem
1005 1054 1038 1072 ex

249 1083 297 1109 hoc
317 1092 413 1118 genere
435 1083 511 1113 illud,
532 1083 602 1118 qnod
623 1087 660 1114 tu,
681 1083 782 1113 Crasse,
804 1091 889 1117 nuper
902 1083 934 1113 ei,
951 1083 998 1117 qui
1013 1088 1038 1109 te

250 1125 374 1156 rogasset,
399 1129 463 1146 num
487 1121 534 1146 tibi
557 1119 686 1146 molestus
709 1125 778 1146 esset
797 1119 913 1150 tuturus,
929 1120 952 1146 si
966 1119 998 1145 ad
1013 1125 1038 1146 te

249 1158 314 1184 liene
328 1162 387 1184 ante
402 1157 487 1184 lucem
503 1158 632 1184 venisset:
655 1158 690 1183 Tu
705 1166 771 1187 vero,
787 1157 908 1192 inquisti,
921 1159 1038 1183 motestus

248 1204 297 1220 non
308 1198 368 1221 eris.
403 1195 500 1222 Iubebis
518 1197 599 1229 iqitur
617 1199 647 1225 te,
666 1195 762 1230 inquit,
783 1194 925 1221 suscitari?
950 1198 975 1220 et
994 1198 1035 1220 tu:

250 1232 322 1258 Certe
342 1241 463 1265 neqaram
486 1237 508 1258 te
529 1234 658 1258 molestum
671 1235 794 1265 [uturum.
816 1233 873 1258 260.
890 1232 931 1258 Ex
944 1231 1035 1258 codem
1065 1251 1066 1257 .

248 1269 297 1295 lloc
316 1274 391 1295 vetus
405 1269 473 1295 illud
487 1273 536 1300 est,
556 1269 628 1304 quod
643 1270 717 1295 aiunt
732 1268 944 1305 Maluginensem
958 1268 1036 1294 illum
1065 1287 1067 1302 3

247 1307 282 1332 M.
299 1306 552 1341 Scipionem‚quum
566 1315 599 1333 ex
612 1307 730 1332 centuria
744 1315 791 1332 sua
806 1306 967 1332 renuntiaret
976 1306 1038 1332 Aci·
1058 1322 1059 1338 3

246 1343 340 1370 diuum
354 1343 490 1370 consulem
506 1352 651 1379 praecoque
665 1343 789 1370 dixisset:
822 1344 870 1369 Dic
880 1345 910 1369 de
921 1343 948 1369 L.
960 1344 1038 1369 Man-

247 1382 295 1407 lio:
319 1381 407 1407 Virum
420 1383 518 1411 bonurn,
533 1381 630 1416 inquit,
645 1384 821 1414 eqreqiumque
835 1383 912 1406 civem
926 1389 978 1406 esse
991 1389 1037 1406 ar-
1058 1403 1059 1407 ,

247 1419 336 1444 bitror.
358 1418 480 1444 Ridicule
493 1419 571 1444 etiam
585 1417 654 1444 illud
667 1418 696 1444 L.
712 1418 819 1444 Porcius
830 1418 923 1443 Nasica
933 1417 1035 1443 censori
1057 1412 1059 1467 J

246 1455 350 1487 Catoni,
371 1464 456 1490 quum
470 1455 529 1482 ille:
552 1455 594 1481 Ea:
608 1458 646 1481 tui
658 1457 739 1481 animi
751 1457 875 1481 sententia
890 1459 916 1480 tu
930 1463 1037 1480 uxorem
1057 1479 1059 1491 2

245 1492 340 1518 habes?
366 1493 422 1519 Non
445 1494 553 1521 hercule,
577 1493 674 1527 inquit,
695 1501 728 1518 ex
745 1495 794 1518 mei
809 1494 891 1518 animi
903 1494 1035 1518 sententia.
1057 1493 1059 1515 !

245 1529 314 1555 Haec
331 1534 376 1556 aut
394 1529 489 1566 frigida
508 1533 571 1556 sunt
584 1534 630 1556 aut
644 1533 700 1556 tum
715 1528 793 1560 salsa,
809 1537 894 1564 quum
909 1528 982 1555 aliud
996 1533 1036 1555 est

245 1571 436 1601 exspectatum.
471 1567 568 1593 Natura
586 1567 658 1593 enim
677 1575 724 1593 nos
742 1566 782 1601 (ut
795 1570 854 1593 ante
868 1566 934 1600 dixi)
948 1570 1036 1592 noster
1056 1559 1058 1602 ξ

244 1603 356 1630 delectat
373 1612 458 1631 error:
484 1613 518 1631 ex
535 1612 598 1639 quo,
617 1612 703 1639 quum
721 1604 799 1638 quasi
817 1603 920 1638 decepti
939 1611 1035 1629 sumus
1056 1609 1057 1615 ¹

244 1641 447 1676 exspectatione,
468 1641 597 1667 ridemus.
627 1641 706 1667 va.
727 1642 784 1667 26¹.
805 1641 833 1666 In
848 1640 937 1666 verbis
955 1640 1034 1666 etiam
1056 1633 1057 1659 l

244 1678 290 1704 illa
313 1682 384 1710 sunt,
409 1686 478 1713 quae
500 1682 545 1704 aut
567 1686 601 1704 ex
617 1679 755 1704 immutata
770 1678 886 1704 oratione
899 1677 1036 1703 ducuntur
1056 1677 1057 1716 ζ

245 1719 290 1742 aut
303 1723 336 1742 ex
350 1716 431 1742 unius
446 1715 520 1742 verbi
539 1714 675 1741 tralatione
693 1719 738 1741 aut
756 1723 789 1741 ex
806 1714 958 1741 inversione
977 1722 1036 1740 ver·
1056 1723 1064 1746 μ

244 1752 349 1779 borum.
371 1753 412 1779 Ex
425 1752 617 1783 immutatione,
633 1757 663 1778 ut
675 1752 738 1778 olim
752 1752 838 1778 Rusca
851 1760 936 1786 quum
949 1751 1034 1787 legem
1056 1752 1065 1789 J.

245 1788 323 1816 ferret
337 1789 467 1820 annalem,
483 1789 621 1816 dissuasor
634 1789 669 1815 M.
685 1788 825 1819 Servilius,
846 1789 894 1815 Dic
907 1791 978 1819 mitti,
993 1789 1036 1814 in-
1056 1805 1057 1823 3

244 1827 311 1862 quit,
331 1828 366 1853 M.
386 1827 483 1858 Pinari,
499 1836 568 1858 num,
592 1829 615 1853 si
633 1831 721 1852 contra
737 1831 759 1852 te
771 1828 871 1856 dixero,
895 1827 958 1852 mihi
970 1827 1036 1851 male
1056 1826 1064 1850 ι’

244 1866 362 1891 dicturus
374 1873 407 1894 es,
422 1869 449 1890 ut
464 1867 553 1890 ceteris
565 1862 668 1898 fecisti?
695 1864 727 1890 Ul
739 1868 870 1890 sementem
883 1865 982 1897 seceris,
998 1865 1036 1889 ita
1056 1853 1057 1876 l

243 1906 327 1932 metes,
347 1901 445 1936 inquit.
470 1903 530 1928 262.
563 1901 604 1927 Ex
625 1900 762 1927 tralatione
780 1905 877 1930 autem,
895 1904 932 1931 ut,
948 1908 1033 1935 quum
1055 1909 1057 1918 ¹

244 1938 334 1974 Scipio
351 1938 396 1965 ille
414 1938 498 1965 maior
515 1938 659 1966 Corinthiis
673 1942 786 1964 statuam
802 1937 990 1972 pollicentibus
1003 1945 1034 1963 eo

245 1976 310 2007 loeo,
326 1976 374 2002 ubi
387 1975 500 2002 aliorum
514 1980 602 2002 essent
615 1976 814 2010 imperatorum,
831 1976 953 2001 turmales
966 1974 1035 2001 dixit
1055 1978 1057 2014 ξ

243 2015 386 2047 displicere.
406 2013 578 2040 Invertuntur
591 2017 679 2039 autem
694 2012 783 2043 verba,
799 2016 829 2038 ut
839 2011 951 2038 Crassus
962 2011 1034 2046 apud
1054 2026 1057 2041 .

243 2051 279 2077 M.
298 2051 457 2085 Perpernam
476 2050 591 2077 iudicem
610 2058 656 2085 pro
673 2049 808 2076 Aculeone
825 2057 911 2084 quum
925 2049 1031 2079 diceret,
1054 2046 1057 2068 ¹

243 2087 332 2114 aderat
344 2092 433 2114 contra
446 2087 607 2114 Aculeonem
621 2086 774 2114 Gratidiano
788 2085 918 2113 L.Aelius
931 2086 1031 2117 Lamia,
1054 2096 1057 2119 g

243 2124 379 2156 deformis,
400 2129 429 2151 ut
447 2125 544 2155 nostis;
569 2125 616 2160 qui
635 2133 721 2159 quum
734 2122 914 2158 interpellaret
931 2123 1030 2153 odiose,
1054 2149 1056 2164 ι

243 2163 392 2192 Audiamus,
406 2163 503 2197 inquit,
517 2163 671 2196 pulchellum
681 2170 796 2194 puerum,
809 2161 931 2188 Crassus.
943 2159 1033 2193 Quum
1054 2166 1056 2175 '

243 2204 314 2226 esset
330 2199 453 2231 arrisum,
473 2208 523 2226 non
534 2202 607 2233 potui
624 2201 693 2229 milii,
707 2199 796 2233 inquit
810 2198 909 2229 Lamia,
924 2201 1033 2232 sormam

242 2239 296 2270 ipse
307 2238 413 2270 linyere;
439 2239 566 2270 ingenium
578 2239 658 2269 potui.
679 2236 748 2262 Tum
762 2235 814 2266 hic,
830 2236 979 2264 Audiamus,
992 2234 1034 2261 in-

242 2274 310 2308 quit,
326 2276 455 2300 disertum.
470 2273 554 2300 Multo
567 2274 645 2300 etiam
660 2273 774 2299 arrisum
785 2277 826 2299 est
836 2272 1030 2299 vehementius.
1061 2299 1063 2308 7

243 2310 311 2337 Sunt
325 2311 403 2337 etiam
416 2310 461 2337 illa
476 2315 596 2342 venusta,
613 2315 643 2337 ut
655 2311 682 2337 in
696 2309 824 2346 gravibus
834 2309 982 2340 sententiis,
993 2309 1033 2335 sic

242 2348 270 2374 in
294 2347 404 2374 facetiis.
437 2348 497 2375 Dixi
515 2349 586 2374 enim
604 2347 717 2378 dudum,
737 2348 866 2373 rationem
879 2346 959 2373 aliam
973 2354 1032 2372 esse

242 2385 302 2416 ioci,
326 2384 405 2411 aliam
426 2385 589 2418 severitatis;
618 2385 742 2420 gravium
765 2388 853 2410 autem
871 2388 897 2410 et
914 2384 1033 2410 iocorum

243 2430 324 2448 unam
346 2430 404 2448 esse
425 2423 573 2449 materiam.
602 2423 660 2449 263.
685 2421 784 2448 Ornant
802 2421 884 2457 igitur
896 2421 924 2447 in
938 2420 1033 2456 primis

243 2459 387 2486 orationem
405 2460 486 2486 verba
504 2459 584 2486 relata
603 2459 746 2491 contrarie;
773 2459 846 2493 quod
860 2458 932 2484 idem
944 2465 1032 2493 genus

243 2503 321 2530 saepe
335 2500 375 2522 est
387 2497 465 2523 etiam
476 2496 604 2529 facetum;
625 2500 663 2527 ut,
676 2496 786 2522 Servius
797 2495 842 2521 ille
853 2494 937 2522 Galba
946 2502 1032 2530 quum
1053 2506 1062 2526 μ

243 2532 345 2559 iudices
351 2533 381 2558 L.
389 2532 526 2560 Scribonio
531 2534 638 2560 tribuno
643 2533 731 2568 plebis
737 2532 815 2559 ferret
821 2532 1032 2559 familiaressuos

243 2574 269 2595 et
285 2569 397 2596 dixisset
411 2570 485 2601 Libo,
503 2571 610 2602 Quando
628 2572 737 2601 tandem,
759 2570 855 2599 Galba,
870 2571 902 2595 de
919 2570 1033 2595 triclinio

244 2611 286 2632 tuo
299 2605 401 2633 exibis?
423 2607 504 2638 Quum
519 2612 553 2637 tu,
567 2607 664 2642 inquit,
675 2609 706 2633 de
716 2608 832 2633 cubiculo
841 2607 933 2632 aliem.
947 2605 969 2632 Α
978 2613 1033 2640 quo

242 2651 338 2678 genere
352 2651 384 2670 ne
395 2643 462 2670 illud
471 2643 581 2679 quidem
595 2644 742 2679 plurimum
748 2643 916 2678 distat,quod
923 2642 1033 2669 Glaucia

246 2679 357 2711 Metello,
377 2681 468 2707 Villam
480 2683 506 2707 in
522 2682 624 2708 Tiburte
637 2682 720 2712 habes,
736 2685 829 2707 cortem
842 2683 870 2706 in
883 2680 990 2706 Palatio.

1076 157 1293 184 CERONIS

1147 227 1236 254 vat.
1257 229 1314 255 266.
1339 227 1375 254 Ac
1399 228 1538 255 verborum
1559 229 1669 264 quidem
1691 238 1786 265 genera
1808 238 1877 266 queo

1090 269 1178 291 essent
1201 264 1291 295 faceta.
1316 264 1417 292 dixisse
1440 274 1481 291 me
1499 271 1575 300 puto:
1599 275 1686 293 rerum
1710 266 1785 302 plur-
1804 272 1874 296 sunt.

1090 310 1173 336 eaque
1196 303 1290 336 magis,
1311 306 1339 328 ut
1357 302 1412 328 dixi
1431 307 1498 331 ante,
1520 303 1651 336 ridemur,
1680 304 1706 330 in
1724 304 1825 339 quibua
1838 309 1878 330 est

1091 339 1211 368 narratio.
1229 348 1270 365 res
1283 347 1346 365 nane
1359 339 1487 365 diflicilia.
1510 340 1688 375 Exprimenda
1699 342 1770 367 enim
1780 346 1842 367 sunt
1852 346 1878 367 et.

1091 375 1210 411 ponenda
1229 381 1288 402 ante
1307 376 1397 402 ocutos
1410 385 1449 406 ea.
1464 385 1533 411 quae
1548 378 1686 404 videantur
1699 386 1758 404 esse
1772 379 1826 405 veri
1840 379 1879 404 ni·

1091 413 1173 443 milia,
1196 413 1268 448 quod
1291 418 1331 439 est
1354 414 1489 448 proprium
1509 415 1672 445 narrationis,
1693 420 1718 440 et
1730 423 1799 450 quae
1813 416 1875 444 sint,

1090 450 1161 486 quod
1181 450 1287 476 ridiculi
1303 451 1439 485 proprium
1453 455 1501 481 est,
1522 451 1674 487 subturphs,
1696 453 1774 478 cuius
1787 460 1879 479 exem·

1091 488 1175 522 plum,
1193 492 1221 513 ut
1239 487 1438 518 brevissimum,
1454 488 1489 514 ait
1502 496 1565 514 sane
1579 488 1655 519 illud.
1671 489 1742 524 quod
1757 494 1817 515 ante
1831 497 1879 524 po-

1090 526 1142 555 sui.
1162 525 1249 551 Crassi
1268 524 1301 550 de
1321 525 1454 551 Memmio.
1488 525 1520 551 Et
1543 525 1574 551 ad
1593 525 1642 552 boc
1658 534 1744 561 genua
1762 526 1879 552 ascriba-

1091 571 1151 588 mus
1174 562 1252 588 etiam
1277 563 1437 588 narrationes
1458 562 1639 597 apologorum.
1673 565 1731 589 255.
1754 563 1879 590 Trahitur

1090 600 1168 625 etiam
1191 599 1292 634 aliquid
1313 608 1346 626 ex
1369 599 1485 630 historia,
1512 604 1548 629 ut,
1567 608 1653 635 quum
1672 600 1734 627 Sex.
1749 600 1878 626 Titiuuo

1091 636 1264 663 Cassandram
1288 645 1346 662 esse
1368 636 1474 667 diceret,
1500 637 1602 666 Mutius,
1626 637 1713 672 inquit
1735 637 1875 666 Antoniun.

1089 683 1189 707 posu-um
1204 678 1259 699 tuos
1273 675 1363 700 Aram
1378 674 1461 700 Oileos
1474 677 1613 699 nominare.
1642 674 1690 700 Est
1702 675 1780 700 etiam
1794 682 1827 700 ex
1840 674 1879 701 ti·

1091 710 1255 741 militudine,
1281 719 1349 745 quae
1379 715 1424 737 aut
1450 710 1616 737 collationem
1640 711 1719 737 habet
1743 715 1790 737 aut
1810 715 1878 737 tam·

1089 757 1170 783 quam
1193 748 1348 783 imaginem.
1382 747 1568 774 Collationem:
1591 753 1619 774 ut
1639 748 1683 775 ille
1701 747 1796 775 Gallus
1813 748 1877 775 olim

1091 786 1164 811 testis
1179 785 1205 811 in
1220 785 1350 814 Pisonem.
1369 793 1453 820 quum
1468 785 1688 812 innumerabilem
1703 785 1790 821 Magio
1803 793 1878 820 pir-at.b

1066 852 1067 857 ¹
1091 822 1158 848 fecto
1171 823 1310 856 pecuniam
1324 822 1437 849 dixisset
1455 822 1551 853 datam,
1567 822 1648 858 idque
1661 822 1777 849 Scaurus
1790 823 1879 849 tenui-

1066 869 1068 875 ’
1091 864 1141 886 tate
1159 860 1237 895 Magii
1257 859 1437 895 redargueret:
1473 859 1562 889 Erras,
1583 860 1679 895 inquit,
1696 861 1808 892 Senum
1833 868 1879 893 eqo

1090 900 1155 922 enim
1168 897 1283 930 Mayium
1298 905 1346 922 non
1362 906 1522 923 cori-servasse
1534 899 1599 926 dico,
1614 899 1665 927 ted,
1681 902 1810 931 tamquam
1828 905 1878 922 nu-

1090 936 1138 960 dus
1155 942 1231 959 nucea
1248 935 1347 966 (φησι,
1363 936 1389 959 in
1407 938 1493 959 ventre
1505 935 1654 960 abstulisse:
1681 933 1768 960 utine
1783 934 1817 960 M.
1833 933 1879 960 Ci-

1089 979 1148 998 cero
1161 979 1252 1001 senex,
1269 970 1350 997 huius
1365 971 1415 997 viri
1424 971 1527 1006 optimi,
1541 971 1622 997 nostri
1633 970 1780 1002 familiaris,
1793 975 1875 1006 pater.

1078 1013 1188 1034 ‘inostro-9
1210 1009 1321 1034 homines
1342 1009 1438 1034 similes
1459 1017 1512 1034 esse
1534 1008 1657 1041 Syrorum
1680 1010 1821 1034 venalium.-
1850 1012 1879 1034 ut

1065 1058 1067 1075 2
1089 1048 1195 1079 quisque
1215 1047 1307 1078 optime
1330 1045 1427 1071 Graece
1448 1047 1532 1073 sciret.
1557 1048 1593 1071 ita
1615 1054 1668 1071 reae
1690 1048 1877 1079 nequtm'mum.

1064 1080 1067 1098 ¹
1088 1084 1146 1109 266.
1163 1082 1244 1108 Valde
1258 1086 1345 1108 autem
1360 1082 1480 1108 ridentur
1492 1082 1570 1108 etiam
1585 1083 1725 1118 imagines,
1740 1090 1809 1117 quae
1823 1081 1878 1108 fere

1064 1124 1067 1137 ⁴
1088 1121 1116 1146 in
1138 1119 1330 1146 deformitatem
1353 1123 1399 1145 aut
1420 1120 1447 1145 in
1465 1119 1573 1154 aliquod
1588 1119 1683 1146 vitium
1697 1120 1813 1154 eorporis
1826 1118 1879 1145 du-

1088 1162 1186 1183 cuntur
1198 1165 1259 1183 curn
1274 1156 1449 1183 similitudine
1463 1157 1602 1191 turpioris:
1623 1161 1651 1183 ut
1665 1165 1754 1183 meum
1767 1155 1836 1183 illud
1849 1157 1877 1182 in

1088 1194 1212 1220 Helvium
1219 1194 1363 1220 Manciam:
1376 1194 1430 1220 lam
1441 1196 1727 1223 ostendam,cuiusmodi
1735 1196 1877 1229 ai55quum

1088 1231 1142 1261 ille,
1159 1231 1274 1259 Ostende,
1289 1239 1395 1264 quaeso:
1416 1230 1594 1257 demonstravi
1608 1230 1692 1266 digito
1702 1231 1803 1266 pictum
1813 1230 1878 1257 Gal-

1090 1268 1145 1295 lum
1159 1269 1186 1294 in
1201 1268 1317 1294 Mariano
1330 1273 1404 1294 scuto
1417 1268 1551 1294 Cimbrico
1563 1268 1615 1294 sub
1628 1269 1710 1294 Novis
1723 1268 1874 1298 distortum,

1088 1307 1168 1332 eiecta
1184 1305 1282 1341 lingua.
1296 1305 1388 1331 buccis
1402 1304 1561 1331 fluentibus:
1583 1306 1654 1331 risus
1664 1310 1703 1331 est
1712 1310 1874 1336 commotum

1058 1345 1067 1364 ’ἴ
1089 1343 1155 1369 nihil
1179 1347 1232 1368 tam
1255 1342 1372 1368 Manciae
1393 1342 1481 1368 simile
1500 1342 1588 1368 visum
1602 1347 1655 1368 est:
1677 1346 1708 1368 ut
1719 1350 1805 1377 quum
1819 1342 1877 1369 Tito

1058 1374 1066 1388 ¹¹
1088 1380 1201 1410 Pinario,
1217 1384 1336 1405 mentum
1351 1380 1378 1406 in
1392 1379 1504 1406 dicendo
1517 1380 1688 1414 intorquenti,
1704 1384 1756 1405 tum
1769 1384 1797 1405 ut
1807 1381 1877 1406 dico-

1088 1422 1134 1447 ret,
1153 1419 1251 1450 siquid
1265 1418 1344 1447 veltet,
1359 1419 1383 1443 si
1396 1425 1482 1443 nucem
1496 1419 1619 1450 sreyiaset.
1644 1417 1703 1443 267.
1718 1416 1805 1443 Etiam
1818 1416 1873 1447 illu.

1087 1463 1156 1490 quae
1174 1453 1312 1480 minuendi
1331 1458 1376 1480 aut
1398 1454 1512 1490 augendi
1529 1462 1623 1480 caussa
1641 1453 1675 1480 ad
1692 1453 1875 1480 incredibilem

1087 1492 1287 1518 admirationem
1301 1490 1459 1517 efferuntur:
1481 1490 1554 1517 velut
1567 1495 1604 1522 tu,
1617 1490 1718 1522 Crasse,
1731 1491 1758 1518 in
1771 1491 1877 1518 concio-

1087 1538 1128 1560 ne,
1149 1531 1186 1555 ita
1203 1530 1253 1555 sibi
1266 1531 1347 1561 ipsum
1360 1537 1480 1562 magnum
1493 1530 1576 1554 videri
1587 1528 1741 1558 Memmium,
1756 1530 1823 1554 utin
1835 1531 1877 1562 so-

1086 1575 1144 1592 rum
1165 1567 1316 1592 descendens
1338 1570 1414 1598 caput
1431 1567 1466 1591 ad
1485 1568 1608 1599 fornicem
1629 1565 1706 1591 Fabii
1726 1567 1874 1591 demitteret.

1086 1604 1127 1630 Ex
1139 1611 1193 1638 quo
1205 1610 1301 1638 genere
1315 1603 1393 1628 etiam
1408 1601 1476 1628 illud
1489 1602 1618 1637 est,quod
1632 1601 1723 1637 Scipio
1735 1601 1807 1637 apud
1819 1602 1876 1628 Nu-

1086 1641 1222 1668 mantiam,
1246 1647 1331 1674 quum
1353 1639 1561 1666 stomacharetur
1583 1648 1645 1666 cum
1660 1639 1688 1666 C.
1704 1639 1818 1669 Metello,
1832 1639 1876 1666 di-

1087 1678 1159 1704 xisse
1177 1676 1287 1703 dicitur:
1309 1677 1339 1703 Si
1356 1679 1471 1710 quintum
1488 1681 1591 1710 pareret
1603 1681 1685 1703 mater
1697 1679 1760 1706 eiua,
1773 1679 1877 1703 asinum

1085 1717 1164 1749 [uisse
1179 1716 1336 1747 parituram.
1374 1715 1432 1740 268.
1447 1714 1547 1749 Arguta
1560 1714 1638 1740 etiam
1652 1713 1811 1749 significatio
1823 1718 1872 1744 est,

1086 1760 1171 1787 quum
1190 1759 1270 1786 parva
1289 1759 1317 1777 re
1335 1755 1360 1777 et
1377 1759 1456 1785 saepe
1473 1750 1555 1777 verbo
1572 1759 1614 1777 res
1627 1750 1739 1777 obscura
1752 1755 1778 1777 et
1791 1750 1874 1777 latens

1062 1788 1065 1824 Ι
1086 1789 1248 1815 illustratur:
1275 1792 1312 1818 ut,
1331 1796 1417 1823 quum
1435 1787 1464 1815 C.
1485 1787 1605 1814 Fabricio
1618 1788 1647 1814 P.
1663 1787 1810 1818 Cornelius.
1827 1788 1875 1814 bo-

1086 1835 1138 1857 mo,
1162 1830 1191 1852 ut
1204 1825 1414 1856 existimabatur,
1438 1833 1534 1851 avarus
1555 1830 1582 1851 et
1598 1824 1684 1856 furax,
1704 1824 1751 1852 sed
1769 1825 1875 1861 egregie

1086 1863 1161 1890 fortis
1183 1867 1209 1888 et
1226 1862 1313 1888 bonus
1334 1863 1484 1897 imperator,
1509 1863 1607 1898 gratias
1629 1866 1725 1898 ageret,
1749 1861 1822 1897 quod
1845 1869 1875 1888 se

1086 1901 1165 1927 homo
1186 1899 1313 1926 inimicus
1335 1899 1472 1926 consulem
1494 1898 1607 1930 fecisset,
1631 1898 1702 1926 bello
1719 1899 1874 1934 praesertim

1085 1945 1182 1973 magno
1195 1941 1221 1963 et
1232 1937 1320 1973 gravi:
1342 1937 1414 1963 Nihil
1428 1941 1472 1967 est,
1487 1938 1554 1970 quod
1565 1938 1628 1962 mihi
1639 1938 1740 1970 gratias
1748 1944 1821 1969 aqna,
1832 1936 1874 1962 in·

1084 1975 1153 2010 quit,
1167 1977 1191 2001 si
1204 1975 1285 2000 malui
1297 1975 1440 2007 compilari,
1454 1982 1531 2007 quam
1544 1975 1643 1999 venire.-
1663 1978 1692 1999 ut
1705 1972 1795 2000 Asello
1802 1972 1875 2000 Atri-

1084 2020 1167 2039 canus
1189 2011 1324 2038 obiicienti
1347 2010 1461 2037 lustrum
1483 2009 1551 2037 illud
1568 2009 1671 2041 infelix,
1691 2010 1760 2040 Noli,
1774 2010 1870 2045 inquit,

1085 2051 1179 2076 mirari
1184 2059 1192 2081 ,·
1220 2051 1243 2074 is
1267 2051 1340 2077 enim,
1364 2050 1409 2081 qui
1423 2052 1446 2073 te
1463 2056 1497 2074 ese
1513 2050 1626 2074 aerariis
1639 2050 1741 2078 exemit,
1765 2048 1874 2074 lustrum

1085 2088 1198 2113 condidit
1213 2090 1237 2111 et
1251 2090 1354 2111 taurum
1374 2086 1520 2111 immolavit.
1554 2084 1635 2111 Tanta
1648 2084 1767 2120 suspicio
1779 2088 1828 2115 ost,
1843 2089 1874 2110 ut

1085 2123 1212 2159 religione
1229 2122 1364 2149 civit-nem
1381 2121 1557 2148 obstrinxisse
1574 2121 1697 2148 videatur
1714 2121 1870 2151 Mummius,

1083 2160 1156 2196 quod
1169 2159 1290 2186 Asellum
1303 2159 1447 2195 ignominia
1463 2158 1564 2185 levarit.

1061 2202 1063 2231 ς
1138 2197 1240 2224 LXVII.
1256 2197 1314 2223 269.
1330 2196 1433 2223 Urbana
1443 2196 1522 2222 etiam
1535 2194 1714 2222 dissimulatio
1725 2199 1774 2226 ost.
1785 2203 1871 2230 quum

1083 2234 1134 2261 alia
1147 2234 1282 2264 dicuntur,
1297 2241 1328 2259 ac
1340 2233 1448 2263 sentias,
1465 2241 1517 2259 non
1531 2232 1576 2260 illo
1588 2240 1693 2269 genere,
1704 2231 1738 2258 de
1747 2240 1803 2267 quo
1811 2236 1872 2258 ante

1083 2271 1149 2303 dixi,
1173 2279 1259 2306 quum
1281 2271 1410 2297 contraria
1428 2270 1510 2301 dicas,
1525 2274 1556 2296 ut
1567 2269 1674 2296 Lamiae
1687 2268 1808 2300 Crassus,
1823 2268 1871 2295 sed

1082 2317 1168 2344 quum
1182 2312 1235 2335 toto
1244 2315 1340 2343 genere
1353 2307 1477 2334 orationis
1490 2315 1582 2333 severe
1595 2305 1681 2337 ludas,
1696 2314 1782 2341 quum
1795 2306 1872 2332 aliter

1060 2346 1063 2370 ἰ
1083 2346 1181 2372 sentias
1199 2353 1228 2371 ac
1247 2345 1368 2380 loquare:
1390 2349 1420 2371 ut
1439 2348 1527 2370 noster
1543 2342 1668 2370 Scaevola
1686 2342 1872 2378 Septumuleio

1060 2398 1062 2414 ,
1082 2382 1122 2409 illi
1140 2382 1289 2418 Anagnino,
1309 2382 1353 2408 cui
1370 2390 1419 2416 pro
1436 2381 1465 2408 C.
1485 2380 1597 2408 Gracchi
1609 2380 1695 2415 capite
1708 2384 1763 2407 erat
1775 2388 1871 2406 aurum

1083 2428 1234 2455 repensum,
1250 2419 1361 2454 roganti,
1381 2423 1411 2445 ut
1428 2426 1457 2445 se
1469 2418 1498 2444 in
1510 2417 1600 2444 Asiam
1613 2416 1776 2452 praefectum
1789 2416 1871 2444 duoe-

1060 2450 1062 2466 '
1082 2461 1130 2488 ret,
1148 2457 1215 2488 Quid
1229 2457 1275 2482 tibi
1290 2458 1336 2486 vis,
1350 2456 1446 2491 inquit,
1461 2453 1570 2481 insane?
1596 2455 1678 2480 Tanta
1695 2455 1821 2480 malorum
1834 2458 1871 2480 eat

1083 2496 1218 2520 multitudo
1236 2495 1338 2523 civium,
1356 2497 1385 2519 ut
1397 2494 1443 2519 tibi
1455 2500 1500 2525 eqo
1511 2493 1557 2518 hoo
1571 2492 1722 2524 confirmem,
1735 2493 1760 2518 ei
1777 2491 1871 2517 Romae

1082 2533 1215 2561 manseris,
1233 2535 1256 2556 te
1270 2532 1364 2563 paucis
1381 2531 1458 2556 annis
1473 2530 1509 2554 ad
1527 2530 1657 2554 mximas
1672 2530 1797 2561 pecunias
1817 2535 1871 2554 esse

1082 2572 1223 2594 venturum.
1252 2567 1311 2594 270.
1334 2567 1364 2593 In
1381 2566 1430 2593 hoo
1446 2573 1542 2601 genere
1555 2565 1674 2592 Fannius
1685 2565 1714 2591 in
1727 2563 1870 2591 annalibus
1917 2597 1920 2603 .

1082 2605 1140 2631 suis
1152 2604 1308 2631 Africanum
1321 2603 1393 2630 hunc
1405 2601 1584 2629 Aemilianum
1596 2602 1662 2629 dicit
1674 2601 1759 2628 tuisse
1771 2605 1797 2628 et
1806 2609 1869 2628 eum

1053 2644 1062 2674 ,ξ
1083 2642 1184 2668 Graeco
1200 2641 1282 2668 verbo
1303 2639 1419 2675 appellat
1440 2641 1548 2675 εἴρωνας
1569 2638 1626 2670 sed,
1646 2639 1686 2665 uti
1703 2638 1800 2669 ferunt.
1819 2638 1869 2673 qui

1060 2680 1062 2694 ⁵
1083 2678 1180 2705 melius
1201 2678 1266 2704 baec
1287 2681 1392 2708 norunt,
1415 2676 1548 2703 Socratem
1566 2676 1660 2711 opinor
1677 2676 1705 2702 in
1723 2675 1772 2702 bac
1783 2675 1867 2702 ironia
