1941 3052
529 154 822 181 PHILIPPICA
856 155 887 181 11.

47 230 105 252 tum
120 225 225 251 irritum
237 224 311 250 fecit:
334 224 406 259 quod
417 225 496 251 etiam
508 224 608 251 infimis
620 225 725 252 civibus
738 233 843 260 semper

47 263 185 289 obtentum
206 266 255 288 est.

47 308 100 326 una
115 307 176 325 cum
193 299 276 325 hortis
288 298 395 334 legavit,
409 308 452 325 eas
465 299 507 325 hic
519 300 614 334 partim
626 300 654 326 10
665 300 754 326 1101105
765 300 843 326 Ρο01-

47 337 101 372 peii
112 336 269 371 deportavit,
283 337 378 370 partim
392 337 418 362 in
431 336 522 362 villam
535 336 678 371 Scipionis.

101 374 193 400 XLIII.
212 375 269 399 110.
286 374 320 400 Et
334 379 363 400 tu
381 375 409 400 in
425 374 545 400 Caesaris
566 375 694 400 memoria
709 373 844 410 diligens?

46 415 76 438 tu
85 410 163 437 illum
179 420 252 437 amas
264 410 418 437 mortuum?
446 411 531 443 Quem
543 412 566 437 is
578 412 704 438 maiorem
716 412 842 438 honorem

46 453 207 475 consecutus
228 453 291 479 erat,
313 457 395 483 quam
412 453 441 474 ut
457 449 565 475 haberet
580 448 714 483 pulvinar,
731 449 844 475 simula—
870 458 871 462 ¹

46 494 131 517 crum,
154 485 300 521 fastigium,
317 485 470 512 flaminem?
489 486 535 512 Est
546 494 608 521 ergo
619 485 723 517 flamen,
737 491 766 512 ut
777 487 840 517 Iovi,

46 527 78 550 ut
87 523 173 554 Marti,
186 527 216 550 ut
226 523 346 555 Quirino,
360 524 399 549 sic
410 524 476 550 Divo
486 523 553 549 Iulio
564 524 599 549 M.
612 522 762 549 Antonius?
772 523 843 555 Quid

45 561 129 596 igitur
140 560 248 587 005535ἵ7
264 560 317 587 Cur
328 569 380 587 non
391 560 570 596 inaugurare?
584 560 756 586 Sumediem:
770 560 840 592 vide,

45 598 95 632 qui
114 602 139 624 te
160 598 310 633 inauguret.
352 597 474 633 Collegae
494 606 603 629 sumus;
626 606 704 624 nemo
724 598 840 633 negabit.

47 635 70 662 Ο
84 635 267 662 detestabilem
284 636 428 666 hominem,
452 635 509 661 sive
519 634 592 669 quod
604 635 709 670 tyranni
720 635 842 661 sacerdos

46 680 85 703 es,
99 673 156 699 sive
167 673 239 708 quod
251 673 362 699 mortui!
384 672 487 704 Quaero
498 672 634 706 deinceps,
648 680 722 703 num,
737 672 843 698 hodier-

45 718 99 736 nus
117 710 175 736 dies
194 711 241 745 qui
253 711 296 741 sit,
318 709 442 745 ignores?
471 710 577 740 Nescis,
600 709 657 735 heri
672 714 798 744 quartum
814 710 842 736 in

46 747 122 774 Circo
143 747 214 774 diem
236 747 360 773 ludorum
380 747 559 773 Romanorum
579 746 682 772 fuisse‘?
711 751 735 772 te
752 747 841 781 ipsum

46 789 136 811 autem
151 784 184 811 ad
199 784 329 819 populum
345 784 449 815 tulisse,
467 788 497 810 ut
511 784 623 818 quintus
638 788 772 818 praeterea
784 784 841 810 dies

46 822 152 849 Caesari
164 821 343 849 tribueretur?
362 821 415 848 Cur
426 830 478 847 non
489 829 585 847 sumus
597 821 772 856 praetextati?
789 821 843 848 Cur

45 859 181 890 honorem¹
201 859 305 885 Caesari
317 863 361 885 tua
373 858 429 894 lege
441 858 542 890 datum,
555 858 642 884 deseri
654 858 789 893 patimur‘?
809 868 842 885 an

45 897 255 932 supplicationes
276 896 398 923 addendo
417 896 489 922 diem
503 896 677 922 contaminari
688 904 785 930 passus
797 905 839 928 es;

45 934 196 969 pulvinaria
213 933 341 961 noluisti?
360 934 413 960 Aut
423 933 544 968 undique
556 933 712 969 religionem
724 933 786 960 tolle
797 938 843 960 aut

45 979 241 1007 usquequaque
251 979 388 998 conserva.
421 972 478 997 111.
490 970 615 1003 Quaeres,
629 970 763 1005 placeatne
775 971 841 997 011111

45 1009 172 1044 pulvinar
192 1017 260 1040 esse,
277 1008 424 1044 fastigium,
437 1007 583 1034 flaminem.
623 1008 689 1034 Mihi
701 1017 763 1035 vero
775 1009 841 1035 nihil

44 1047 158 1073 istorum
180 1046 274 1081 placet.
315 1046 368 1073 Sed
388 1050 426 1077 tu,
444 1046 492 1080 qui
508 1050 564 1071 acta
576 1045 695 1072 Caesaris
706 1046 839 1077 defendis,

44 1084 110 1119 quid
126 1089 200 1119 potes
217 1084 317 1115 dicere,
333 1092 381 1110 cur
395 1083 446 1109 alia
461 1082 599 1114 defendas,
617 1083 667 1109 alia
683 1092 735 1110 non
747 1083 842 1110 cures?

44 1122 102 1148 Nisi
119 1121 185 1148 forte
198 1122 241 1149 vis
258 1121 346 1152 fateri.
365 1125 390 1147 te
404 1121 494 1147 omnia
504 1125 619 1155 quaestu
631 1125 689 1151 tuo,
703 1130 755 1147 non
767 1121 841 1148 illius

44 1158 174 1195 dignitate
193 1159 291 1186 metiri.
332 1158 403 1191 Quid
423 1158 456 1184 ad
477 1158 542 1184 11330
561 1157 687 1184 tandem?
716 1163 842 1193 exspecto

44 1197 114 1223 enim
127 1196 395 1232 eloquentiamtuam.
418 1195 749 1232 Disertissimumcognovi
760 1204 841 1222 avum

43 1238 136 1261 tuum:
159 1238 185 1260 at
200 1239 225 1260 te
240 1235 320 1261 etiam
333 1234 491 1268 apertiorem
502 1234 529 1260 in
540 1233 662 1260 dicendo.
703 1233 750 1260 Ille
762 1242 842 1260 num-

43 1280 126 1307 quam
138 1271 227 1298 nudus
238 1277 279 1298 est
288 1272 473 1298 concionatus:
490 1275 566 1297 tuum
579 1271 697 1297 hominis
708 1270 841 1306 simplicis

43 1313 137 1344 pectus
149 1308 278 1335 vidimus.
299 1308 520 1343 Respondebisne
530 1308 563 1334 ad
575 1308 657 1335 haec‘?
676 1313 722 1334 aut
732 1309 842 1335 omnino

43 1346 148 1373 hiscere
168 1345 298 1373 audebis‘?
317 1346 422 1381 Ecquid
438 1346 554 1380 reperies
570 1354 604 1372 ex
619 1350 671 1372 tam
689 1345 767 1381 longa
783 1355 842 1372 ora-

43 1384 115 1410 tione
130 1392 202 1415 mea,
215 1385 258 1410 cui
275 1388 299 1410 te
314 1383 474 1419 respondere
490 1391 568 1418 posse
583 1383 719 1410 confidas?
738 1399 775 1403 —
789 1383 841 1410 Sed

43 1422 183 1456 praeterita
195 1422 360 1448 omittamus.
391 1421 482 1447 XLIV.
504 1422 561 1447 112.
574 1421 651 1447 llunc
662 1429 745 1447 unum
758 1420 839 1452 diem,

42 1458 117 1485 hunc
128 1467 225 1490 unum,
239 1459 362 1494 inquam,
377 1458 536 1485 hodiernum
550 1458 636 1490 diem,
650 1458 699 1485 1100
711 1462 841 1493 punctum

43 1497 180 1531 temporis,
193 1505 248 1531 quo
260 1496 361 1531 loquor,
375 1495 497 1527 defende,
510 1496 534 1521 si
549 1500 632 1530 potes.
664 1496 718 1522 Cur
729 1500 842 1522 armato-

43 1542 105 1560 rum
119 1542 214 1560 corona
229 1539 338 1560 senatus
354 1538 447 1568 septus
463 1532 521 1559 est?
540 1542 588 1560 cur
603 1541 646 1559 me
663 1534 700 1559 tui
712 1533 841 1559 satellites

41 1578 104 1598 cum
120 1570 218 1607 gladiis
233 1570 363 1598 audiunt?
381 1580 429 1597 cur
444 1571 537 1597 valvae
553 1570 713 1597 Concordiae
729 1579 780 1597 non
796 1579 842 1605 pa-

42 1607 117 1635 tent?
135 1617 184 1635 cur
203 1608 326 1635 homines
340 1609 461 1635 omnium
477 1609 599 1643 gentium
615 1609 732 1634 maxime
747 1608 842 1634 barba-

42 1653 95 1677 ros,
109 1646 235 1677 Ituraeos,
248 1654 309 1672 cum
321 1646 425 1681 sagittis
436 1645 581 1672 deducisin
593 1644 699 1672 sorum?
712 1645 841 1671 Praesidii

43 1683 86 1710 sui
96 1691 190 1710 caussa
202 1692 230 1710 se
242 1682 327 1710 facere
337 1683 412 1710 dicit.
447 1683 540 1710 Nonne
551 1683 634 1719 igitur
645 1682 743 1709 millies
755 1683 842 1718 perire

44 1725 84 1747 est
94 1720 200 1752 melius,
213 1729 295 1756 quam
306 1722 334 1747 in
346 1730 394 1747 sua
405 1721 513 1747 civitate
524 1721 582 1747 sine
593 1724 754 1747 armatorum
765 1729 842 1755 prae-

43 1757 112 1785 sidio
127 1767 179 1785 non
195 1766 274 1793 posse
288 1758 397 1785 vivere‘?
426 1757 479 1785 Sed
495 1758 601 1785 nullum
617 1762 658 1784 est
673 1758 755 1789 istuc,
774 1758 841 1784 mihi

43 1795 134 1827 crede.
157 1795 332 1831 praesidium.
370 1796 484 1823 Caritate
499 1801 525 1823 et
539 1795 724 1822 benevolentia
738 1796 840 1822 civium

43 1837 150 1868 septum
165 1837 268 1867 oportet
277 1841 345 1865 esse,
360 1842 412 1860 non
423 1833 515 1860 armis.
548 1835 605 1860 113.
625 1833 739 1868 Eripiet‚
752 1838 841 1860 extor-

42 1870 137 1905 quebit
147 1870 195 1897 tibi
206 1871 256 1897 ista
263 1870 379 1906 populus
385 1871 530 1902 Romanus,
538 1872 641 1898 utinam
652 1871 735 1898 salvis
747 1871 839 1898 nobis!

42 1907 95 1934 Sed
107 1916 216 1942 quoquo
227 1908 306 1934 modo
317 1908 457 1935 nobiscum
469 1909 564 1944 egeris,
573 1909 638 1935 dum
650 1909 709 1935 istis
720 1908 841 1936 consiliis

42 1945 137 1976 uteris,
150 1953 202 1971 non
213 1950 297 1979 potes,
311 1945 378 1972 mihi
389 1945 544 1977 crede,esse
555 1946 712 1973 diuturnus.
735 1946 840 1973 Etenim

42 1982 93 2009 ista
109 1986 154 2009 tua
170 1982 280 2009 minime
294 1991 372 2009 avara
387 1983 500 2014 coniux,
516 1991 597 2018 quam
614 1992 663 2019 ego
678 1985 736 2010 sine
747 1988 841 2011 contu-

43 2018 122 2046 melia
145 2019 281 2050 describo,
306 2020 421 2047 nimium
441 2019 520 2047 debet
539 2020 587 2047 diu
609 2020 708 2055 populo
724 2021 841 2048 Romano

42 2057 199 2092 pensionem
211 2057 325 2083 tertiam.
348 2057 432 2084 Habet
442 2057 559 2092 populus
570 2058 715 2089 Romanus,
729 2058 761 2085 ad
772 2067 841 2094 quos

42 2093 224 2130 gubernacula
240 2094 403 2129 reipublicae
417 2094 531 2122 delerat:
553 2095 602 2130 qui
613 2095 778 2130 ubicumque
790 2100 842 2122 ter-

43 2139 132 2158 rarum
147 2135 225 2162 sunt,
243 2131 281 2158 ibi
296 2136 337 2158 est
351 2140 430 2158 omne
445 2132 609 2167 reipublicae
621 2132 785 2167 praesidium
799 2132 840 2160 vel

43 2169 133 2204 potius
154 2169 212 2204 ipsa
233 2168 399 2204 respublica,
421 2177 491 2204 quae
510 2177 540 2196 se
554 2169 643 2196 adhuc
657 2170 841 2197 tantummodo

42 2205 98 2233 ulta
118 2211 171 2237 est,
195 2206 314 2233 nondum
330 2206 507 2241 recuperavit.
546 2207 630 2234 Habet
645 2207 756 2242 quidem
771 2212 841 2234 certe

43 2243 196 2279 respublica
215 2243 396 2270 adolescentes
412 2243 609 2276 nobilissimos,
628 2250 732 2279 paratos
747 2245 841 2272 delen-

43 2288 127 2308 sores.
166 2280 252 2314 Quam
277 2280 379 2312 volent,
402 2281 442 2307 illi
461 2281 569 2313 cedant,
589 2282 643 2309 otio
653 2282 838 2310 consulentes:

43 2321 131 2345 tamen
157 2326 171 2345 a
192 2318 330 2353 republica
351 2318 556 2345 revocabuntur.

43 2353 123 2382 dulce
136 2359 189 2387 est,
208 2360 234 2382 et
249 2356 307 2391 ipsa
323 2364 365 2383 res
380 2355 517 2383 salutaris.
557 2355 611 2383 Sed
626 2357 696 2384 inter
711 2365 803 2392 pacem
816 2362 841 2384 et

42 2392 199 2420 servitutem
224 2392 373 2428 plurimum
399 2394 518 2420 interest.
558 2393 613 2420 Pax
637 2398 678 2420 est
697 2394 840 2429 tranquilla

45 2427 165 2461 libertas,
182 2431 300 2457 servitus
315 2430 446 2458 malorum
462 2431 584 2457 omnium
597 2435 774 2465 postremum.
788 2441 840 2458 non

43 2466 123 2494 modo
134 2467 212 2500 bello,
225 2467 273 2495 sed
287 2473 369 2495 morte
381 2469 459 2495 etiam
472 2467 667 2503 repellendum.
694 2470 752 2495 ut.
764 2468 840 2501 Quod

43 2503 69 2530 si
87 2512 116 2531 53
135 2505 209 2540 ipsos
229 2504 270 2532 illi
290 2506 372 2533 nostri
395 2505 547 2532 liberatores
561 2514 576 2532 3
590 2510 734 2540 conspectu
752 2511 841 2533 nostro

44 2540 226 2570 abstulerunt:
252 2546 279 2570 at
302 2543 457 2578 exemplum
485 2543 544 2570 sacti
571 2542 747 2578 reliquerunt.
788 2543 838 2575 llli,

44 2577 119 2613 quod
143 2587 220 2607 nemo
240 2579 350 2612 iecerat,
373 2580 502 2607 fecerunt.
544 2580 720 2615 Tarquinium
742 2580 840 2607 Brutus

44 2613 117 2642 bello
136 2620 177 2643 est
196 2621 367 2651 persecutus:
387 2618 436 2653 qui
458 2622 514 2644 tum
536 2626 582 2644 rex
599 2617 662 2649 l'uit.
679 2626 764 2652 quum
780 2626 840 2645 esse

0 2680 3 2688 ,
45 2651 144 2680 Romae
158 2661 248 2689 regem
263 2654 366 2682 licebat.
406 2654 497 2690 Spurii
513 2655 623 2682 Cassius
638 2659 664 2681 et
679 2654 789 2687 Melius,
802 2655 838 2682 M.

0 2692 2 2711 ἰ
45 2687 162 2718 Manlius
186 2696 292 2727 propter
315 2693 498 2729 suspicionem
519 2693 594 2729 regni
614 2692 756 2729 appetendi
777 2697 841 2720 sunt

597 2319 630 2346 Et
649 2328 745 2346 nomen
767 2321 840 2354 pacis

750 2745 857 2756 -aesa
862 2743 869 2758 -2

296 261 387 297 Signa.
410 262 526 293 tabulas,
549 271 616 297 quas
635 262 733 297 populo
749 263 843 289 Caesar
863 292 864 300 ἵ

928 155 1026 181 CAP.
1061 157 1092 182 39
1112 172 1148 175 —
1174 157 1210 182 16.
1639 160 1688 184 (il-'2'

895 227 989 252 necati.
1030 227 1061 252 Hi
1078 227 1156 261 primi
1172 235 1233 253 cum
1249 226 1360 262 gladiis,
1379 235 1429 253 non
1445 227 1472 253 111
1484 235 1596 263 regnum
1608 236 1690 262 appe-

895 267 1007 293 tentem,
1025 263 1072 289 sed
1088 264 1114 290 in
1131 269 1284 299 regnantem
1302 265 1432 299 impetum
1444 264 1572 291 fecerunt.
1613 265 1690 297 Quod

894 309 979 335 quum
991 301 1081 334 ipsum
1097 300 1196 327 sactum
1208 310 1255 336 per
1265 310 1293 327 se
1305 301 1469 336 praeclarum
1480 302 1690 337 atquedivinum

894 342 946 368 est,
965 342 1021 364 tum
1037 339 1188 372 expositum
1205 339 1422 370 adimitandum,
1437 340 1592 374 praesertim
1603 348 1688 375 quum

895 374 934 400 illi
955 383 1012 401 eam
1032 375 1143 410 gloriam
1165 377 1301 402 consecuti
1319 377 1385 406 sint,
1404 385 1472 411 quae
1488 377 1534 403 vix
1549 377 1621 403 eaelo
1631 377 1690 411 capi

894 420 973 446 posse
992 412 1122 438 videatur.
1164 413 1220 439 Etsi
1241 414 1312 439 enim
1333 414 1398 439 satis
1414 415 1440 440 in
1456 414 1514 448 ipsa
1530 415 1691 440 conscientia

894 449 1068 483 pulcherrimi
1085 449 1145 476 sacti
1162 450 1265 476 fructus
1281 455 1347 481 erat,
1366 455 1453 477 tamen
1466 451 1569 478 mortali
1580 453 1691 478 immor-

894 485 1021 512 talitatem
1033 496 1084 513 non
1096 487 1208 514 arbitror
1219 496 1277 514 esse
1287 488 1518 514 contemnendam.

950 524 1029 550 XLV.
1063 526 1120 550 115.
1143 525 1289 551 Recordare
1310 526 1392 561 igitur
1412 526 1504 557 illum,
1527 526 1560 552 M.
1582 526 1688 557 Antoni,

894 560 980 591 diem,
997 570 1051 596 quo
1072 561 1230 588 dictaturam
1254 563 1397 589 sustulisti.
1438 563 1508 590 Pone
1524 568 1582 590 ante
1598 563 1691 590 oculos

895 597 1022 624 laetitiam
1047 603 1155 625 senatus
1180 599 1328 634 populique
1356 601 1481 627 Romani:
1508 600 1598 627 confer
1628 610 1689 627 cum

895 635 1086 662 nundinatione
1098 640 1141 662 tua
1149 641 1323 672 tuorumque:
1340 643 1396 663 tum
1408 637 1550 673 intelliges,
1559 643 1690 673 quantum

894 673 963 698 inter
984 672 1091 699 laudem
1112 678 1137 699 et
1154 673 1257 700 lucrum
1274 675 1387 700 intersit.
1429 675 1482 701 Sed
1499 676 1641 706 nimirum,
1662 680 1692 702 ut

894 709 1005 744 quidam
1026 710 1119 736 morbo
1139 711 1229 746 aliquo
1249 716 1275 737 et
1295 720 1392 737 53115115
1407 716 1516 747 stupore
1531 713 1691 739 suavitatem

894 747 946 773 cibi
968 756 1020 773 000
1040 748 1172 774 sentiunt:
1195 749 1234 774 sic
1255 748 1406 779 libidinosi,
1429 750 1514 780 avari,
1539 749 1688 782 facinorosi,

894 792 971 810 verae
992 784 1080 811 laudis
1100 789 1238 820 gustatum
1259 794 1310 812 non
1326 785 1432 812 babent.
1473 786 1538 817 Sed,
1557 788 1578 813 si
1596 792 1620 813 te
1633 787 1691 813 laus

894 821 1000 848 allicere
1015 822 1047 848 ad
1063 827 1131 848 recte
1147 822 1298 849 laciendum
1315 832 1366 849 non
1378 828 1473 858 potest,
1488 833 1520 850 ne
1532 830 1618 850 metus
1630 826 1692 859 qui-

894 859 955 885 dem
971 867 984 885 a
1001 859 1165 886 foedissimis
1182 859 1257 886 factis
1273 865 1359 895 potest
1377 860 1504 887 avocare?
1523 862 1623 887 Iudicia
1639 871 1690 888 nou

894 897 1002 922 metuis.
1043 896 1071 923 Si
1088 902 1195 932 propter
1210 898 1402 929 innocentiam,
1418 898 1509 925 laudo:
1531 900 1572 925 sin
1586 904 1692 934 propter

894 934 964 964 vim.
982 942 1035 960 non
1051 934 1191 970 intelligis,
1205 936 1252 970 qui
1264 936 1314 961 isto
1326 936 1404 962 modo
1415 936 1514 962 iudicia
1526 945 1577 963 non
1590 937 1689 967 timeat,

894 971 917 997 31
933 971 999 1006 quid
1016 972 1165 998 timendum
1181 972 1234 999 sit?
1256 974 1311 999 116.
1324 973 1401 1005 Quod
1412 974 1434 1000 si
1447 982 1499 1000 non
1511 974 1608 1000 metuis
1620 975 1691 1000 viros

895 1008 974 1035 fortes
985 1010 1161 1045 egregiosque
1172 1011 1254 1041 cives,
1262 1010 1335 1045 quod
1347 1019 1360 1037 a
1372 1019 1479 1046 corpore
1492 1016 1536 1038 tuo
1547 1012 1692 1046 prohiben-

895 1051 938 1072 tur
956 1047 1052 1080 armis,
1083 1048 1122 1073 tui
1143 1051 1180 1078 te,
1203 1048 1269 1074 mihi
1290 1048 1375 1079 crede,
1397 1048 1501 1075 diutius
1523 1058 1575 1075 non
1596 1049 1690 1075 serent.

894 1083 967 1116 Quae
978 1089 1018 1110 est
1028 1089 1116 1111 autem
1130 1086 1192 1116 vita,
1206 1085 1263 1111 dies
1275 1090 1300 1112 et
1312 1090 1401 1112 noctes
1413 1087 1507 1112 timere
1518 1095 1531 1112 a
1543 1086 1620 1112 suis‘?
1634 1087 1692 1113 Nisi

895 1130 956 1148 vero
972 1126 1018 1148 aut
1033 1123 1180 1149 maioribus
1196 1122 1278 1149 habes
1294 1123 1432 1150 beneficiis
1447 1124 1591 1160 obligatos,
1610 1133 1692 1159 quam

894 1158 939 1185 ille
954 1159 1086 1194 quosdam
1102 1160 1197 1186 habuit
1214 1169 1248 1187 ex
1262 1161 1309 1192 iis,
1327 1169 1341 1187 a
1356 1161 1458 1196 quibus
1469 1167 1509 1188 est
1520 1161 1690 1188 interfectus:

894 1201 940 1222 aut
955 1201 982 1223 tu
998 1205 1026 1223 es
1042 1197 1095 1224 ulla
1112 1206 1139 1224 re
1154 1206 1216 1224 cum
1232 1206 1263 1224 eo
1276 1199 1482 1233 comparandus.
1523 1199 1585 1226 Fuit
1601 1199 1627 1225 in
1645 1198 1693 1226 illo

894 1234 1043 1270 ingenium,
1057 1236 1131 1266 ratio,
1145 1237 1281 1267 memoria,
1296 1236 1405 1268 litterae,
1419 1245 1490 1267 cura,
1504 1237 1637 1272 cogitatio,
1651 1236 1693 1263 di-

895 1271 1016 1307 ligentia:
1039 1281 1080 1298 res
1096 1272 1166 1299 bello
1183 1278 1315 1309 gesserat,
1333 1275 1459 1309 quamvis
1476 1274 1638 1309 reipublicae
1649 1282 1693 1300 ca-

894 1308 1043 1341 lamitosas,
1065 1314 1181 1336 attamen
1202 1320 1325 1347 magnas:
1357 1311 1456 1338 multos
1478 1320 1561 1338 annos
1582 1320 1692 1347 regnare

894 1346 1050 1377 meditatus,
1069 1356 1165 1383 magno
1181 1347 1282 1379 labore,
1300 1349 1404 1384 magnis
1416 1348 1552 1384 periculis,
1566 1349 1638 1384 quod
1648 1357 1694 1375 co-

893 1384 1001 1419 gitarat,
1024 1384 1157 1412 effecerat:
1180 1386 1353 1417 muneribus,
1371 1387 1566 1416 monumentis,
1583 1386 1693 1421 congia-

894 1421 954 1453 riis,
972 1421 1075 1456 epulis,
1093 1422 1295 1449 multitudinem
1314 1423 1466 1458 imperitam
1482 1423 1604 1450 lenierat:
1629 1432 1692 1450 suos

894 1460 1035 1493 praemiis,
1058 1459 1224 1486 adversarios
1244 1460 1400 1487 clementiae
1420 1462 1509 1496 specie
1524 1461 1691 1487 devinxerat.

893 1496 963 1528 Quid
990 1496 1092 1523 multa?
1121 1497 1244 1524 attulerat
1268 1499 1320 1524 iam
1346 1498 1444 1524 liberae
1467 1499 1568 1525 civitati
1594 1498 1690 1533 partim

893 1539 975 1565 metu,
990 1535 1086 1568 partim
1099 1536 1224 1569 patientia
1236 1535 1458 1562 consuetudinem
1470 1535 1616 1562 serviendi.

949 1571 1041 1598 XLVI.
1065 1573 1122 1598 117.
1140 1572 1207 1599 Cum
1224 1573 1270 1599 illo
1281 1582 1330 1609 ego
1342 1578 1366 1599 te
1377 1573 1532 1600 dominandi
1545 1573 1692 1608 cupiditate

893 1608 1012 1636 conferre
1032 1618 1156 1644 possum,
1181 1611 1275 1636 ceteris
1296 1620 1358 1637 vero
1378 1611 1458 1637 rebus
1480 1610 1554 1637 nullo
1570 1610 1648 1637 modo
1663 1619 1692 1637 es

892 1647 1098 1681 comparandus.
1139 1647 1191 1674 Sed
1211 1657 1245 1674 ex
1264 1647 1389 1683 plurimis
1404 1648 1495 1679 malis,
1512 1657 1582 1683 quae
1598 1648 1630 1674 ab
1646 1647 1692 1674 1110

894 1684 1057 1718 reipublicae
1073 1689 1137 1711 sunt
1152 1685 1254 1715 inusta,
1269 1685 1317 1712 hoc
1329 1690 1416 1712 tamen
1428 1686 1489 1712 boni
1502 1690 1550 1717 est,
1563 1685 1636 1721 quod
1651 1685 1692 1711 ‹li-

893 1721 959 1748 dicit
969 1723 1022 1748 iam
1039 1721 1156 1757 populus
1172 1723 1321 1754 Romanus,
1334 1728 1466 1758 quantum
1482 1724 1581 1758 cuique
1600 1722 1692 1749 crede-

893 1763 944 1792 ret,
966 1759 1068 1794 quibus
1084 1768 1113 1786 se
1127 1761 1317 1793 committeret,
1340 1761 1466 1796 aquibus
1477 1765 1591 1787 caveret.
1624 1761 1692 1786 11330

893 1805 944 1824 000
955 1797 1075 1833 cogitas?
1095 1806 1143 1824 000
1155 1797 1293 1834 intelligis,
1302 1798 1367 1824 satis
1378 1806 1437 1824 esse
1449 1798 1513 1825 viris
1526 1797 1639 1825 sortibus
1651 1798 1692 1824 di·

892 1834 1000 1866 dicisse,
1013 1843 1095 1870 quam
1107 1835 1142 1862 sit
1153 1844 1180 1862 re
1191 1835 1345 1870 pulchrum,
1359 1836 1488 1862 beneficio
1497 1840 1613 1872 gratum,
1623 1835 1693 1862 sama

892 1872 1054 1908 gloriosum,
1072 1876 1214 1908 tyrannum
1231 1873 1369 1900 occidere?
1391 1882 1439 1904 an,
1456 1882 1541 1908 quum
1555 1873 1631 1900 illum
1645 1873 1693 1899 110-

893 1911 979 1936 1111035
995 1918 1046 1936 000
1063 1909 1185 1942 tulerint,
1200 1915 1224 1937 te
1237 1910 1339 1937 ferent?
1362 1913 1417 1937 118.
1431 1911 1557 1938 Certatim
1570 1910 1689 1945 posthac,

893 1948 960 1974 mihi
979 1948 1070 1979 crede.
1093 1948 1127 1974 ad
1147 1948 1197 1975 hoc
1216 1957 1285 1983 opus
1301 1953 1432 1980 curretur,
1446 1957 1532 1983 neque
1543 1949 1691 1974 occasionis

894 1985 1003 2012 tarditas
1013 1985 1222 2021 exspectabitur.

948 2023 1074 2058 Respice,
1088 2031 1201 2058 quaeso,
1215 2022 1360 2058 aliquando
1371 2021 1576 2058 rempublicam,
1589 2023 1623 2048 M.
1637 2023 1691 2048 An-

893 2060 960 2086 toni:
983 2060 1084 2095 quibus
1098 2065 1174 2087 ortus
1189 2061 1241 2091 sis,
1260 2069 1311 2087 non
1323 2060 1488 2096 quibuscum
1500 2061 1590 2090 vivas,
1603 2060 1692 2086 consi-

892 2097 968 2124 dera:
991 2106 1111 2129 mecum.
1130 2102 1159 2124 ut
1174 2098 1262 2131 voles3
1284 2107 1346 2125 cum
1362 2097 1499 2133 republica
1516 2097 1572 2124 redi
1589 2098 1615 2123 in
1631 2106 1691 2133 gra-

893 2135 966 2161 tiam.
998 2134 1050 2162 Sed
1065 2135 1098 2161 (le
1114 2139 1139 2162 te
1155 2140 1182 2161 tu
1194 2136 1252 2170 ipse
1265 2135 1378 2162 videris:
1401 2144 1450 2171 ego
1459 2135 1492 2161 de
1504 2143 1546 2161 mc
1560 2135 1619 2169 ipso
1631 2143 1691 2169 pro-

893 2172 995 2199 fitebor.
1035 2172 1146 2199 Del'endi
1166 2172 1361 2207 rempublicam
1381 2172 1549 2203 adolescens,
1573 2180 1623 2198 non
1645 2171 1691 2198 de-

892 2218 978 2235 seram
994 2217 1091 2236 senex:
1113 2211 1261 2244 contempsi
1278 2210 1406 2236 Catilinae
1422 2209 1539 2245 gladios,
1562 2218 1613 2235 non
1631 2218 1689 2243 per-

892 2246 1030 2272 timescam
1050 2251 1119 2273 tuos.
1159 2247 1231 2278 Quin
1251 2248 1330 2273 etiam
1346 2256 1443 2281 corpus
1461 2247 1572 2273 libenter
1587 2246 1690 2272 obtule-

893 2284 952 2314 rim,
961 2283 983 2309 si
992 2284 1183 2318 repraesentari
1194 2288 1276 2310 morte
1283 2293 1340 2310 mea
1349 2284 1456 2311 libertas
1466 2284 1581 2310 cix-fiunis
1590 2288 1673 2318 potest
1684 2294 1687 2307 :

895 2323 951 2347 119.
974 2325 1003 2347 ut
1018 2320 1162 2356 aliquando
1178 2321 1252 2347 dolor
1267 2321 1359 2356 populi
1376 2321 1486 2348 Romani
1503 2321 1599 2356 pariat.
1617 2320 1691 2355 quod

892 2358 993 2384 iamdiu
1006 2359 1131 2393 parturitl
1148 2359 1252 2386 Etenim
1265 2359 1287 2384 51
1300 2359 1397 2385 ubliinc.
1407 2367 1490 2385 annos
1503 2367 1584 2392 prope
1595 2358 1690 2392 viginti

893 2395 941 2422 1100
958 2396 1016 2430 ipso
1032 2396 1059 2422 in
1076 2395 1176 2430 templo
1192 2396 1285 2430 negavi
1303 2404 1381 2431 posse
1397 2400 1506 2422 mortem
1520 2395 1689 2421 iminaturam

891 2441 950 2459 esse
960 2432 1108 2463 consulari.
1121 2438 1221 2468 quanto
1233 2434 1322 2460 verius
1335 2441 1405 2460 nunc
1417 2432 1519 2468 negabo
1529 2432 1606 2459 seni‘?
1624 2433 1689 2459 Milli

892 2478 967 2499 vero,
989 2475 1076 2504 patres
1090 2470 1247 2505 conscripti.
1262 2471 1313 2497 iam
1330 2470 1408 2496 ctiam
1425 2469 1539 2504 optanda
1555 2479 1626 2497 mors
1638 2475 1687 2500 est,

892 2507 1031 2542 perfuncto
1042 2507 1122 2534 rebus
1136 2508 1169 2534 iis
1177 2528 1183 2539 ,
1196 2516 1264 2542 quas
1275 2507 1388 2542 adeptus
1399 2516 1460 2533 511111
1471 2516 1593 2542 quasque
1604 2508 1686 2543 gessi.

891 2545 948 2571 Duo
959 2544 1038 2571 modo
1049 2545 1112 2571 haec
1123 2550 1193 2580 opto,
1212 2554 1310 2575 unum.
1325 2550 1354 2572 ut
1365 2545 1481 2571 moriens
1493 2545 1623 2580 populum
1637 2545 1688 2571 Ro-

891 2590 1001 2609 manum
1023 2582 1136 2609 liberum
1157 2582 1322 2617 relinquam:
1345 2582 1393 2609 1100
1414 2582 1480 2608 1111111
1500 2583 1587 2609 maius
1602 2592 1615 2609 a
1636 2582 1688 2608 diis

891 2619 1087 2646 immortalibus
1098 2619 1155 2646 dari
1168 2619 1235 2646 nihil
1246 2625 1344 2655 potest:
1367 2619 1490 2649 alterum.
1503 2624 1531 2646 111
1544 2621 1578 2647 ita
1590 2621 1690 2656 cuique

891 2657 1004 2689 eveniat,
1019 2662 1048 2685 ut
1057 2657 1091 2685 de
1102 2657 1240 2694 republica
1251 2658 1369 2694 quisque
1380 2662 1521 2685 mereatur.

871 2746 982 2755 meh—-
