1941 3052
252 90 298 113 ἈΜ
825 94 864 117 853.
902 93 935 118 M.
970 93 999 118 Τ.

391 160 423 185 Μ.
447 160 475 185 Τ,
499 161 526 185 ίῖ,
550 161 575 185 S.
600 161 626 185 l’.
651 161 677 185 Ι),
704 162 732 185 (ζ,
756 160 900 187 (ussto.

307 198 328 222 1,
353 193 420 222 l'uto
437 202 460 222 ta·
478 198 528 222 iam
545 197 710 230 suppudvre,
726 206 810 231 quum
825 198 887 223 haec
901 199 974 224 tertia
988 200 1039 225 iam

250 233 360 267 epistola
374 239 432 258 ant:-
446 238 468 258 ιι·
480 234 651 266 oppresserit,
665 242 745 267 qurum
759 239 784 260 tu
798 235 928 269 syllabam
941 241 984 261 aut
998 236 1041 262 lit-
1062 242 1063 252 ¹

251 275 341 296 terum.
377 270 428 294 sm!
440 279 490 295 nou
504 278 594 303 urgeo.
631 271 774 303 Longiores
785 272 856 297 euim
869 273 1038 306 exspectabo,

253 307 291 331 w!
315 308 402 340 'ultius
421 307 537 339 exigam.
580 307 646 340 ligo,
669 307 691 332 si
713 316 819 342 semper
834 309 973 338 haberem.
996 311 1039 336 cui

249 344 352 372 darem,
374 342 412 368 vel
431 348 517 368 ternas
534 344 559 369 in
577 343 639 369 hora
654 343 755 370 durem.
797 346 837 371 Fit
857 346 928 372 enim
951 348 1040 373 nescio

248 381 309 415 qui,
329 385 356 405 ut
367 380 443 413 quusi
456 389 543 405 coram
556 380 649 405 adesse
664 381 780 412 videare,
794 391 878 417 quum
890 383 979 409 scribo
990 384 1041 409 ali-

247 416 313 451 quid
326 416 358 442 ud
371 421 407 442 to:
423 425 508 451 neque
521 417 547 442 id
559 417 612 443 καί
625 417 738 445 εἰδώλων
749 421 903 453 φαντασίας
912 421 1040 447 utdicunt

249 455 284 479 tui
298 454 376 479 amici
390 454 460 482 novi.
469 454 515 488 qui
528 459 622 488 putant
632 456 712 481 etiam
723 455 884 489 ‹5111v01,r1x1i‚-
893 459 1040 491 φανιηηιίις

246 491 359 524 spectris
371 490 488 516 Catianis
500 492 621 518 excitari.
663 493 742 524 Nam,
757 502 788 519 ne
801 498 824 519 tc
837 493 934 529 fugiat,
948 495 1039 521 Catius

247 528 366 558 insuber,
382 528 543 562 Epicureus,
557 530 604 563 qui
617 538 702 564 nuper
712 535 752 556 est
764 535 883 557 mortuus
892 552 897 562 ,
913 540 982 566 quae
994 532 1038 558 illc

247 565 409 599 Gargettius,
425 566 503 591 etiam
516 570 575 592 ante
587 567 924 599 Democritus,ammiratae
935 574 1037 604 spectra

247 602 375 628 nominat.
416 604 440 628 2.
464 603 509 628 llis
525 608 613 629 autem
634 605 747 638 spectris
767 605 872 632 etiamsi
889 606 959 632 oculi
976 615 1038 641 pos-

245 639 299 664 sint
312 638 398 668 feriri.
412 640 484 674 quod
498 640 538 666 vel
551 641 608 675 ipsa
619 646 775 668 occurrunt:
798 644 906 669 animus
916 646 962 678 qui
976 653 1038 678 pos-
1067 672 1069 678 .

245 676 293 705 sit,
311 684 360 711 ego
377 685 428 703 non
446 677 533 704 video.
574 678 672 704 Doceas
688 683 715 705 tu
733 688 773 705 me
789 680 934 714 oportebit.
952 690 1037 715 quum

244 712 337 739 salvus
349 714 463 744 veneris,
472 715 499 740 in
513 723 605 741 meane
617 721 745 750 potestate
757 717 791 742 sit
801 722 936 751 spectrum
950 723 1034 748 tuum,

244 754 282 781 ut,
290 749 405 776 simulac
415 751 482 777 mihi
493 751 644 778 collibitum
656 753 691 779 sit
702 753 734 779 de
747 758 770 779 te
780 755 905 790 cogitare,
914 754 982 781 illud
992 764 1038 781 oc-

243 792 345 814 currat:
360 796 446 822 neque
458 788 545 815 solum
557 789 590 815 de
602 794 635 821 te,
650 791 697 825 qui
709 791 775 817 mihi
789 791 882 818 haeres
894 793 920 818 in
933 792 1039 818 medul-

244 823 290 856 lis;
309 824 365 855 sed,
379 826 401 850 si
415 825 529 852 insulam
543 827 705 854 Britanniam
717 836 829 863 coepero
840 830 965 864 cogitare,
979 831 1037 856 eius

243 861 351 888 εἴδωλον
368 862 435 888 mihi
450 863 556 890 advolet
569 864 602 890 ad
613 869 717 899 pectus.
760 868 784 892 3.
806 866 858 892 Sed
874 867 938 892 haec
949 872 1037 901 poste—

244 899 311 925 rius.
353 899 435 925 Tento
448 901 519 926 enim
533 899 569 931 te,
588 910 642 936 quo
657 903 746 929 animo
757 904 884 938 accipias.
924 903 952 930 Si
963 905 1035 930 enim

213 959 217 965 ,
242 936 444 963 stomachabere
455 942 481 963 et
492 937 602 964 moleste
614 938 691 970 feres,
705 939 781 974 plura
793 940 929 973 dicemus,
943 946 1038 976 postu-

244 972 429 1008 labimusque,
447 982 480 1001 ex
495 983 548 1010 qua
564 975 661 1011 αἱρέσει
675 980 702 1003 vi
716 979 858 1004 honniriibus
867 982 976 1005 armatis
989 978 1037 1004 de-

243 1010 328 1036 iectus
343 1011 395 1042 sis,
414 1012 440 1037 in
457 1020 515 1037 eam
532 1013 682 1040 restituare.
723 1015 750 1040 ln
767 1014 816 1041 hoc
832 1015 972 1042 interdicto
984 1025 1035 1042 non

241 1047 310 1073 solet
324 1042 401 1079 addi,
424 1051 451 1074 in
465 1051 511 1075 Ιιοο
521 1059 598 1076 anuo.
639 1050 725 1083 Quare
737 1052 760 1077 si
773 1053 825 1078 iam
838 1052 979 1079 biennium
991 1058 1036 1080 aut

241 1085 389 1111 triennium
401 1090 453 1116 est,
467 1095 551 1121 quum
565 1087 657 1114 virtuti
669 1089 794 1115 nuntium
807 1090 949 1120 remisisti.
966 1090 1036 1116 deli-

242 1122 314 1147 nitus
331 1121 465 1149 illecebris
481 1123 639 1158 voluptatis:
662 1126 689 1152 in
706 1126 809 1161 integro
824 1135 866 1153 res
882 1127 959 1153 nobis
974 1128 1033 1154 erit.

240 1158 410 1194 Quamquam
420 1161 530 1195 quicum
544 1161 655 1196 loquor‘?
665 1171 727 1189 cum
739 1172 793 1189 uno
805 1163 950 1190 fortissimo
962 1165 1032 1191 viro:

240 1197 297 1231 qui,
311 1201 484 1231 posteaquam
498 1197 583 1225 forum
596 1200 793 1235 attigisti,nihil
807 1200 903 1232 fecisti.
913 1202 965 1228 nisi
976 1202 1035 1237 ple-

241 1233 386 1259 nissimum
397 1234 581 1269 amplissimae
593 1235 743 1272 dignitatis.
761 1239 789 1264 ln
801 1239 850 1264 ista
863 1239 920 1273 ipsa
927 1239 1032 1274 αἱρέσει,

240 1274 342 1301 metuo,
361 1279 394 1297 nc
408 1271 470 1305 plus
485 1280 627 1299 nervorum
639 1275 687 1305 sit,
704 1283 786 1309 quam
801 1284 850 1311 ego
860 1277 992 1310 putarim,
1010 1277 1033 1303 si

240 1307 319 1333 modo
329 1316 388 1334 eam
401 1314 428 1335 tu
440 1309 547 1343 probas.
578 1311 649 1343 Quid
661 1311 710 1338 tibi
722 1313 749 1338 in
761 1318 876 1339 mentem
890 1313 981 1340 venir?
992 1315 1034 1340 in-

239 1345 326 1379 quies.
367 1345 435 1377 Quia
451 1346 519 1372 nihil
536 1347 669 1374 habebam
680 1349 768 1381 aliud,
785 1349 858 1384 quod
874 1350 1031 1378 scriberem.

239 1382 274 1407 De
295 1382 432 1416 republica
457 1384 529 1410 enim
554 1385 622 1411 nihil
647 1386 765 1413 scribere
789 1396 914 1422 possum:
946 1397 1033 1424 neque

238 1419 320 1450 enim,
333 1420 406 1454 quod
416 1422 510 1452 sentio,
526 1421 591 1449 libet
601 1423 729 1450 scribere.

266 1489 338 1510 XVU.
355 1489 432 1510 ΛΚΕ.
449 1490 556 1514 Queritur
573 1491 599 1512 de
618 1492 754 1514 tabellariis:
773 1497 849 1514 narrat
866 1494 893 1515 de
911 1495 938 1516 Ρ.
957 1494 1033 1516 Sullae

238 1527 317 1548 morte,
337 1525 364 1544 de
380 1524 438 1545 bellu
450 1525 609 1552 Hispaniensi,
627 1527 654 1547 de
663 1528 751 1548 Pansae
761 1529 899 1556 profectione
908 1530 933 1550 in
943 1530 1033 1557 pruvin-

236 1558 304 1583 ciam;
320 1559 395 1580 canii
405 1559 523 1581 consiliunt
537 1561 617 1588 probat
632 1562 779 1584 Brundisinae
792 1564 929 1590 mansioni-3
944 1565 1032 1586 linens

237 1597 325 1615 mutuu
335 1594 415 1622 poscit.
444 1597 532 1619 (Rom-c,
542 1598 620 1615 Cat-anre
630 1599 663 1616 lv.
673 1605 711 1616 cos.
721 1606 736 1617 s.
747 1601 791 1618 coll.
803 1603 858 1622 τυ9.)

372 1639 408 1665 Μ.
430 1639 460 1666 Τ.
482 1639 513 1666 C.
534 1639 562 1667 S.
585 1641 613 1668 P.
635 1641 665 1668 D.
691 1642 721 1669 C.
743 1643 886 1671 CASSIO.

293 1685 315 1710 t.
328 1680 518 1719 Praeposteros
529 1685 612 1712 habes
624 1687 790 1717 tabellarios:
804 1690 854 1716 etsi
866 1698 908 1716 me
919 1690 1031 1725 quidem

237 1729 288 1747 non
302 1720 454 1748 offendunt:
466 1722 513 1748 sed
525 1727 623 1755 tamen,
636 1733 721 1759 quum
734 1734 747 1752 a
759 1735 801 1752 me
811 1726 968 1759 discedunt,
984 1727 1032 1754 ssa-

235 1758 321 1793 gitant
332 1757 444 1791 litteras;
461 1767 546 1794 quum
562 1760 596 1786 ad
610 1769 652 1787 me
663 1763 789 1795 veniunt,
807 1763 895 1790 nullas
906 1764 1028 1792 afferunt.

235 1795 322 1830 Atque
333 1795 361 1821 id
373 1796 464 1830 ipsum
475 1795 592 1824 facerent
601 1800 784 1831 commodius,
802 1802 826 1827 si
843 1801 911 1827 mihi
926 1801 1030 1837 aliquid

235 1833 316 1866 spatii
331 1832 364 1858 ad
380 1833 555 1860 scribendum
571 1834 678 1862 darent:
700 1837 748 1863 sed
768 1839 880 1872 petasati
902 1839 1027 1866 veniunt.-

234 1869 346 1895 comites
357 1869 389 1895 ad
400 1874 503 1904 portam
514 1877 668 1906 exspectare
679 1873 782 1901 dicunt.
808 1876 879 1911 Ergo
890 1876 1027 1912 ignosces:

235 1905 330 1932 alteras
344 1906 458 1933 habebis
474 1907 522 1934 has
538 1908 649 1936 breves:
671 1911 719 1937 sed
735 1918 861 1947 exspecta
872 1913 958 1939 πάντα
969 1914 1030 1949 περὶ

234 1943 350 1970 πάντων.
389 1944 446 1970 Etsi
462 1945 529 1979 quid
543 1954 593 1981 ego
608 1955 650 1973 me
665 1948 713 1974 tibi
728 1957 827 1985 purgo,
845 1958 931 1985 quum
942 1951 981 1977 tui
996 1951 1029 1977 ad

234 1989 277 2007 me
291 1981 384 2007 inanes
401 1981 521 2013 veniant,
543 1983 575 2009 ad
592 1987 616 2009 te
631 1992 694 2011 cum
709 1987 830 2020 epistolis
845 1987 1030 2014 revertantur?

233 2019 259 2045 2.
282 2018 335 2044 Nos
350 2017 394 2044 hic
409 2018 507 2053 (tamen
523 2019 556 2046 ad
570 2025 595 2046 te
606 2022 722 2049 scribam
734 2023 848 2059 aliquid)
860 2023 912 2061 [D.]
924 2024 1028 2051 Sullam

233 2059 335 2090 patrem
347 2060 483 2082 mortuum
495 2056 672 2086 habebamus.
712 2060 765 2087 Alii
779 2070 793 2087 a
806 2061 968 2093 latronibus,
982 2062 1028 2089 alii

233 2092 366 2118 cruditate
375 2092 509 2120 dicebant.
550 2095 669 2130 Populus
685 2106 737 2124 non
748 2099 868 2125 curabat.

232 2133 305 2156 stum
316 2130 388 2156 enim
400 2139 458 2157 esse
472 2132 619 2159 constabat.

232 2166 302 2193 feres
322 2175 408 2202 aequo
431 2169 530 2195 animo.
570 2170 739 2206 Quamquam
763 2173 903 2209 πρόςωπον
926 2174 1027 2205 πόλεως

231 2204 385 2231 amisimus.
424 2205 563 2232 Caesarem
574 2208 704 2241 putabant
714 2210 824 2237 moleste
836 2210 963 2243 laturum,
979 2220 1027 2238 ve-

232 2245 347 2272 rentem,
368 2250 401 2268 ne
417 2242 492 2269 hasta
512 2243 670 2272 refrixisset.
710 2247 830 2274 Mindius
844 2248 986 2275 Marcellus
1001 2254 1026 2276 et

231 2278 319 2305 Attius
333 2279 528 2314 pigmentarius
544 2281 620 2308 valde
635 2283 790 2318 gaudebant
799 2294 828 2312 se
839 2286 1025 2312 adversarium

231 2316 392 2349 perdidisse.
432 2319 457 2343 3.
469 2318 506 2344 De
517 2318 645 2354 Hispania
657 2322 719 2348 novi
730 2323 814 2349 nihil:
827 2323 874 2350 sed
885 2329 1026 2358 exspecta-

232 2353 267 2378 tio
283 2353 360 2379 valde
375 2362 485 2389 magua:
509 2364 629 2383 rumores
646 2359 789 2391 tristiores,
807 2360 855 2386 sed
871 2360 1023 2388 ἀδέσποτοι.

230 2388 315 2415 Pansa
325 2395 414 2417 noster
424 2391 568 2426 paludatus
580 2394 684 2421 a.d.111.
693 2396 805 2423 Kalend.
818 2398 873 2424 Ian.
889 2397 1024 2432 profectus

231 2431 279 2456 est,
293 2431 322 2453 ut
332 2428 424 2461 quivis
436 2429 585 2465 intelligere
596 2437 687 2465 posset
698 2433 739 2464 id,
752 2434 825 2469 quod
837 2440 865 2461 tu
876 2444 966 2470 nuper
972 2435 1024 2461 du-

231 2461 316 2489 bitare
332 2465 458 2498 coepisti,
475 2467 506 2493 τὸ
520 2468 599 2494 καλὸν
611 2468 641 2495 δι’
654 2469 719 2497 αὖῐὸ
733 2471 837 2506 αἱρετόν
846 2480 915 2498 esse.
955 2473 1023 2499 Nam

231 2499 304 2541 quod
314 2500 411 2527 multos
423 2503 539 2529 miseriis
552 2503 664 2537 levavit,
683 2511 708 2533 et
722 2508 795 2542 quod
810 2517 839 2535 se
851 2509 878 2535 in
890 2509 933 2536 his
944 2509 1023 2536 malis

231 2534 368 2563 hominem
383 2539 520 2571 praebuit,
537 2541 670 2570 mirabilis
685 2552 748 2571 eum
760 2545 879 2572 virorum
891 2547 1024 2574 bonorum

230 2572 416 2600 benevolentia
427 2582 567 2609 prosecuta
578 2585 627 2607 est.
658 2581 682 2607 t.
700 2582 739 2608 Tu
751 2583 824 2617 quod
837 2583 926 2610 adhuc
936 2585 1024 2610 Brun-

230 2608 295 2636 disii
306 2617 423 2639 moratus
433 2620 472 2644 es,
484 2613 562 2640 valde
572 2617 655 2651 probo
667 2623 692 2645 et
701 2619 819 2654 gaudeo:
832 2625 859 2647 et
869 2621 1023 2649 mehercule

909 2099 1028 2126 Combu-

660 2134 713 2161 Hoc
729 2140 756 2162 tu
771 2145 820 2171 pro
835 2137 967 2172 sapientia
982 2142 1027 2164 tua

1069 296 1071 311 ζ
1093 276 1144 300 mei
1162 277 1327 303 memineris.

1068 423 1070 425 ·
1092 415 1169 442 upani-
1180 417 1262 436 autleni
1272 417 1389 439 timuissent.
1418 421 1504 441 (nume.
1515 422 1591 438 ‹jn-‚n
1603 423 1634 440 iv.
1647 430 1682 440 ιι...

1034 94 1308 121 ‹ltcztittsixts

1069 165 1071 170 '
1093 170 1156 198 putu
1172 170 1195 190 ti·
1214 167 1348 200 sapienter
1369 166 1513 197 fas-turum.
1537 171 1558 195 »i
1578 170 1772 199 ιὶκενὸσπιινδυς
1788 171 1880 198 fueris.

1094 201 1176 226 Nobis
1187 202 1306 236 quida-ui.
1321 205 1368 237 qui
1380 209 1404 229 te
1415 214 1544 233 amamus.
1558 208 1606 232 erit
1618 212 1732 239 gratum.
1756 209 1795 236 131.
1810 217 1884 234 ama-

1093 238 1126 263 bo
1138 243 1170 267 tv,
1179 247 1263 273 quum
1276 240 1354 266 dabis
1366 242 1476 275 posthae
1487 242 1589 277 aliquid
1602 244 1710 270 domuin
1725 245 1880 274 litterarum.

1369 278 1424 311 ligo
1440 288 1587 314 numquam
1608 290 1771 316 qut-iuquam
1793 283 1824 308 ad
1847 289 1881 313 te,

1092 320 1176 346 quum
1188 314 1281 343 sciam,
1295 314 1352 340 sine
1365 317 1431 341 meis
1444 316 1537 342 litteris
1550 318 1586 343 irc
1598 319 1691 352 patim.

1147 381 1229 402 xvut.
1246 382 1322 403 Ana.
1341 383 1470 404 Trium-m
1486 388 1605 412 temporu-
1620 391 1720 411 arcu-nt,
1736 387 1792 408 nihii
1803 395 1830 409 u.
1842 388 1882 408 ui-

1695 430 1708 440 n.
1719 425 1762 442 unu.
1775 426 1828 445 70³)

1227 454 1261 479 M.
1283 454 1313 480 T.
1335 454 1364 480 (Σ.
1387 455 1414 481 S.
1437 456 1465 481 Ρ.
1487 456 1516 481 D.
1543 456 1572 482 C.
1595 456 1744 484 CASSM).

1152 492 1174 516 4.
1197 486 1319 524 Longior
1333 492 1444 526 epistola
1462 492 1569 522 fuisset.
1588 495 1640 520 nisi
1651 504 1682 520 eo
1698 496 1755 529 ipso
1766 501 1883 531 tempore

1091 527 1171 561 petita
1187 533 1257 554 esset
1277 538 1290 554 a
1307 538 1362 558 me,
1385 538 1470 564 quum
1491 531 1542 556 iam
1565 531 1646 557 iretur
1665 532 1697 557 ad
1720 538 1756 558 te:
1780 532 1883 566 longior

1090 565 1179 593 etiam.
1193 566 1215 591 si
1227 565 1346 601 φλύαρον
1357 566 1475 601 aliquem
1489 567 1640 594 habuisset:
1653 578 1714 595 nam
1726 564 1883 601 cltumdtss‘kw

1090 602 1148 627 sine
1164 602 1284 636 perii-ulo
1300 604 1345 629 vix
1362 612 1516 637 possumus
1557 605 1652 631 Ridere
1667 607 1761 641 igitur,
1780 608 1881 642 inquiri,

1090 647 1245 673 possumus.
1287 641 1342 666 Non
1356 641 1508 667 mehercule
1524 641 1661 669 facillime.
1695 644 1880 671 Verumtamen

1090 676 1168 702 aliam
1181 677 1373 704 aberrationem
1385 687 1398 703 a
1412 679 1541 705 molestiis
1554 679 1654 706 nullam
1668 680 1808 707 habemus.
1831 681 1881 708 Ubi

1090 713 1186 748 igitur,
1207 715 1328 749 inquies,
1345 715 1534 750 philosophiaT'
1548 717 1602 742 Tua
1619 718 1728 752 quidem
1741 719 1768 744 in
1780 718 1880 749 culina.

1090 759 1147 776 mea
1160 752 1185 777 in
1198 751 1328 786 palaestra
1340 758 1392 778 est:
1411 754 1493 788 pudet
1504 755 1575 780 enim
1588 755 1699 781 servire.
1741 756 1830 791 ltaque
1843 755 1882 781 fa—

1088 788 1130 814 cio
1142 797 1183 814 me
1194 789 1260 814 alias
1272 798 1314 815 res
1325 798 1412 822 aggere.
1427 799 1459 816 ne
1470 792 1623 817 convicium
1635 792 1750 818 Platonis
1761 793 1880 820 audiam.

1088 827 1113 851 Ξ.
1136 826 1170 851 De
1183 826 1309 860 llispania
1321 827 1388 853 nihil
1401 827 1489 853 adhuc
1503 830 1580 858 certi.
1599 829 1791 856 nihilomnino
1807 831 1880 856 novi.

1088 862 1124 888 Te
1135 862 1238 892 abesse.
1252 872 1308 889 mea
1321 873 1414 890 caussa
1428 865 1538 891 moleste
1551 865 1613 896 fero,
1628 871 1671 892 tua
1683 867 1797 902 gaudeo.
1829 867 1879 893 Sed

1088 899 1187 935 flagitat
1199 901 1363 927 tabellarius.
1391 902 1498 928 Valebis
1511 904 1601 938 igitur,
1615 912 1721 939 meque,
1734 909 1786 931 uta
1798 913 1882 939 puero

1088 936 1184 969 fecisti,
1200 938 1313 964 amabis.

1142 1010 1208 1031 xlx.
1224 1011 1300 1031 Atta.
1317 1012 1442 1038 Respondet
1460 1013 1544 1033 ntuatm-
1559 1013 1675 1033 siceronin
1693 1013 1796 1040 epi-toli·
1815 1013 1881 1034 buin

1087 1044 1140 1065 libri
1152 1048 1176 1066 ¹7
1187 1050 1207 1066 et
1219 1049 1249 1067 18.
1274 1046 1395 1073 Epicureo·
1405 1046 1480 1067 lnudat
1491 1054 1504 1067 ι
1513 1047 1604 1068 *inuti-
1614 1048 1696 1068 nudie.
1721 1048 1812 1069 canui
1822 1049 1882 1070 taret

1087 1081 1114 1100 ota
1124 1080 1270 1102 clementi-sn.
1298 1083 1408 1104 (Brundi-ii.
1419 1085 1496 1101 (ue-m
1507 1084 1538 1101 iv.
1550 1091 1587 1101 ιι...
1598 1091 1612 1102 ι
1624 1085 1667 1102 mu.
1679 1086 1734 1106 τος.)

1219 1118 1248 1145 C.
1270 1118 1431 1145 CASSIUS
1452 1118 1480 1145 S.
1502 1119 1531 1145 P.
1553 1119 1583 1144 D.
1605 1118 1640 1144 M.
1662 1119 1692 1145 T.
1715 1118 1744 1146 C.

1143 1156 1167 1181 l.
1189 1151 1222 1181 S.
1239 1155 1270 1181 V.
1288 1156 1317 1182 B.
1334 1156 1392 1182 Non
1408 1155 1561 1182 mehercule
1578 1157 1604 1182 in
1621 1155 1670 1182 hac
1686 1164 1743 1182 mea
1759 1158 1880 1192 peregri-

1086 1192 1192 1218 natione
1212 1192 1363 1228 quidquam
1385 1193 1514 1220 libentius
1535 1192 1615 1223 facio.
1637 1202 1719 1228 quam
1738 1194 1827 1221 scribo
1846 1194 1879 1221 ad

1086 1233 1124 1255 te:
1143 1229 1236 1256 videor
1249 1231 1320 1256 enim
1336 1239 1399 1257 cum
1415 1235 1554 1265 praesente
1571 1230 1643 1265 loqui
1657 1235 1682 1256 et
1694 1231 1784 1257 iocari.
1825 1232 1880 1258 Nec

1086 1272 1174 1292 tamen
1185 1266 1235 1293 hoc
1246 1275 1298 1294 usu
1310 1269 1383 1294 venit
1394 1273 1501 1303 propter
1511 1273 1615 1302 spectra
1626 1267 1747 1294 Catiana:
1765 1276 1812 1302 pro
1825 1277 1880 1303 quo

1085 1303 1135 1329 tibi
1151 1305 1272 1338 proxima
1288 1304 1400 1339 epistola
1412 1310 1449 1331 tot
1459 1306 1573 1332 rusticos
1583 1305 1685 1331 Stoicos
1699 1313 1832 1340 regeram,
1851 1312 1880 1332 ut

1085 1341 1191 1367 Catium
1211 1342 1324 1368 Athenis
1339 1347 1431 1368 natum
1450 1351 1508 1369 esse
1528 1342 1614 1368 dicas.
1655 1344 1680 1368 Ξ.
1702 1342 1815 1369 Pansam
1832 1351 1880 1370 no-

1085 1383 1170 1404 strum
1181 1379 1300 1405 secunda
1312 1379 1448 1406 voluntate
1459 1379 1601 1406 hominum
1616 1378 1774 1414 paludatum
1785 1388 1819 1407 ex
1830 1380 1880 1407 Ur-

1084 1415 1118 1441 be
1129 1416 1227 1447 exisse,
1235 1425 1321 1451 quum
1334 1417 1421 1452 ipsius
1430 1425 1525 1443 caussa
1536 1416 1649 1452 gaudeo,
1658 1421 1715 1443 tum
1725 1416 1879 1444 mehercule

1084 1453 1164 1479 etiam
1175 1454 1297 1480 omnium
1311 1459 1473 1481 nostrorum.
1512 1454 1596 1489 Spero
1606 1454 1688 1484 enim,
1702 1453 1825 1480 homines
1837 1455 1879 1480 in-

1084 1489 1250 1522 tellecturos.
1271 1496 1372 1526 quanto
1390 1492 1425 1518 sit
1444 1491 1572 1518 omnibus
1591 1491 1654 1518 odio
1673 1491 1831 1522 crudelitas,
1854 1496 1879 1518 et

1083 1532 1183 1562 quanto
1193 1529 1228 1554 sit
1238 1529 1322 1555 amori
1333 1529 1452 1563 probitas
1462 1534 1488 1555 et
1498 1528 1654 1555 clementia:
1667 1533 1746 1563 atque
1757 1537 1796 1559 ea.
1809 1537 1879 1564 quae

1084 1565 1201 1591 maxime
1214 1565 1277 1591 mali
1288 1571 1379 1600 petant
1389 1571 1414 1592 et
1423 1567 1624 1601 concupiscant,
1642 1565 1676 1592 ad
1687 1565 1771 1592 bonos
1781 1574 1879 1601 perve-

1083 1603 1150 1628 nire.
1176 1602 1291 1629 Difficile
1301 1607 1341 1629 est
1352 1604 1425 1629 enim
1437 1603 1598 1638 persuadere
1610 1603 1777 1633 hominibus,
1791 1603 1821 1630 τὸ
1831 1614 1878 1629 κα-

1083 1639 1128 1666 λὸν
1138 1638 1168 1665 δι’
1177 1639 1242 1666 αὖτό
1253 1639 1356 1676 αἱρετόν
1367 1648 1440 1667 esse:
1454 1640 1548 1675 ἣδονήν
1559 1649 1622 1666 vero
1633 1645 1658 1666 et
1668 1639 1811 1675 ἀταραξίαν
1822 1641 1878 1666 vir—

1083 1680 1151 1707 tute,
1169 1677 1286 1707 iustitia.
1303 1679 1338 1712 τῷ
1349 1678 1418 1713 καλῷ
1428 1678 1530 1712 parari,
1548 1682 1574 1704 et
1589 1685 1683 1703 verum
1698 1681 1725 1703 et
1737 1676 1877 1711 probabile

1082 1717 1132 1740 est.
1172 1714 1232 1748 Ipse
1243 1714 1316 1740 enim
1327 1714 1470 1749 Epicurus,
1484 1723 1498 1740 a
1509 1723 1564 1749 quo
1576 1722 1670 1741 omnes
1681 1713 1749 1741 Catii
1761 1719 1787 1740 et
1797 1714 1878 1740 Ama-

1083 1750 1154 1781 finii,
1171 1750 1235 1777 mali
1251 1751 1395 1778 verborum
1408 1752 1579 1786 interpretes,
1596 1751 1817 1786 proficiscuntur,
1833 1751 1878 1778 di-

1081 1787 1130 1814 cit:
1145 1786 1190 1814 m'm
1203 1787 1272 1815 ἔστιν
1282 1788 1363 1822 ἡδέως
1373 1789 1436 1816 ἄνευ
1446 1792 1492 1816 τοῦ
1505 1790 1590 1819 καλῶς
1599 1789 1643 1815 καὶ
1653 1788 1756 1818 δικαίως
1767 1790 1818 1822 ζῆν.
1850 1790 1876 1815 3.

1081 1825 1173 1859 ltaque
1183 1825 1308 1856 etPansa.
1321 1826 1369 1860 qui
1381 1825 1474 1860 ἡδονήν
1485 1826 1617 1861 sequitur,
1626 1826 1753 1852 virtutem
1765 1825 1874 1852 retinet:

1081 1866 1106 1888 et
1122 1862 1155 1893 ii,
1173 1863 1222 1897 qui
1237 1871 1251 1889 a
1268 1862 1346 1889 vobis
1361 1863 1494 1897 φιλήδονοι
1509 1868 1652 1893 vocantur,
1669 1868 1733 1889 sunt
1741 1862 1877 1897 φιλόκαλοι

1080 1899 1124 1925 καὶ
1138 1899 1306 1933 φιλοδίκαιοι,
1326 1909 1475 1935 omnesque
1490 1901 1604 1927 virtutes
1617 1905 1643 1926 et
1655 1899 1748 1926 colunt
1766 1904 1793 1926 et
1811 1900 1877 1927 reti—

1080 1940 1155 1963 nent.
1175 1937 1267 1971 ltaque
1277 1936 1360 1968 Sulla,
1374 1938 1452 1964 cuius
1464 1937 1598 1964 iudicium
1609 1937 1721 1972 probare
1732 1936 1874 1968 debemus,

1080 1982 1165 2008 quum
1181 1974 1325 2001 dissentire
1345 1974 1522 2010 philosophos
1540 1974 1657 2005 videret,
1679 1983 1731 2001 non
1746 1975 1874 2009 quaesiit,

1057 2013 1059 2022 '
1079 2010 1147 2045 quid
1159 2010 1260 2038 bonum
1274 2017 1357 2044 esset,
1371 2012 1419 2038 sed
1429 2013 1520 2039 omnia
1529 2012 1599 2039 bona
1609 2012 1718 2039 coemit:
1734 2012 1814 2038 cuius
1825 2019 1875 2048 ego

1080 2052 1193 2075 mortem
1205 2048 1265 2075 forti
1276 2049 1445 2076 mehercules
1456 2050 1546 2076 animo
1557 2049 1617 2076 tuli.
1643 2049 1698 2076 Nec
1709 2054 1796 2075 tamen
1808 2048 1875 2076 Cae-

1079 2093 1122 2110 sar
1133 2085 1237 2112 diutius
1249 2095 1297 2113 nos
1308 2095 1371 2113 eum
1381 2087 1535 2113 desiderare
1546 2087 1672 2121 patietur.
1711 2087 1780 2113 Nam
1793 2085 1876 2113 habet

1078 2122 1231 2154 damnatos,
1249 2132 1317 2158 quos
1333 2132 1381 2158 pro
1397 2123 1444 2150 illo
1456 2124 1534 2150 nobis
1545 2125 1678 2153 restituat,
1697 2132 1746 2150 nec
1760 2124 1820 2158 ipse
1830 2131 1875 2150 se-

1077 2164 1177 2186 ctorem
1188 2160 1367 2192 desiderabit,
1384 2169 1471 2196 quum
1486 2161 1573 2187 filium
1588 2160 1696 2187 viderit.
1738 2162 1762 2188 4.
1783 2161 1871 2192 Nunc.

1077 2201 1107 2223 ut
1118 2197 1151 2223 ad
1162 2197 1358 2232 rempublicam
1369 2198 1487 2229 redeam,
1495 2198 1562 2233 quid
1573 2198 1744 2233 inHispaniis
1754 2203 1871 2234 geratur,

1077 2234 1205 2261 rescribe.
1244 2236 1352 2262 Peream
1361 2256 1367 2266 ,
1379 2236 1433 2262 nisi
1443 2235 1576 2262 sollicitus
1586 2244 1648 2262 sum
1655 2255 1662 2266 ‚
1677 2243 1708 2262 ac
1718 2235 1789 2262 malo
1799 2240 1874 2262 vete-

1077 2280 1133 2298 rem
1143 2276 1169 2298 et
1179 2271 1339 2299 clementem
1350 2272 1491 2299 dominum
1506 2272 1617 2304 habere,
1633 2280 1715 2307 quam
1730 2280 1832 2299 novum
1846 2276 1874 2299 et

1075 2308 1215 2336 crudelem
1230 2310 1358 2344 experiri.
1397 2310 1469 2341 Scis,
1491 2310 1595 2337 Cnaeus
1613 2317 1696 2344 quam
1710 2310 1747 2336 sit
1765 2309 1870 2336 fatuus:

1076 2346 1143 2377 scis,
1170 2347 1305 2381 quomodo
1329 2347 1515 2374 crudelitatem
1540 2347 1667 2372 virtutem
1689 2351 1779 2382 putet:
1804 2347 1871 2378 scis,

1075 2392 1158 2418 quam
1173 2393 1202 2410 se
1217 2392 1325 2419 semper
1335 2393 1350 2410 a
1361 2384 1440 2411 nobis
1451 2384 1571 2410 derisum
1582 2388 1667 2418 putet.
1707 2384 1819 2415 Vereor,
1836 2392 1871 2410 ne

1076 2429 1124 2447 nos
1139 2422 1239 2447 rustice
1252 2421 1344 2457 gladio
1355 2421 1421 2448 velit
1431 2421 1648 2456 ἅντιμυκτηρίσαι.
1687 2419 1759 2453 Quid
1770 2420 1829 2452 fiat,
1845 2421 1870 2447 si

1075 2466 1118 2484 me
1128 2457 1236 2494 diligis,
1251 2458 1379 2486 rescribe.
1418 2458 1484 2488 Hui,
1497 2466 1580 2493 quam
1590 2457 1673 2484 velim
1683 2458 1766 2489 scire,
1777 2462 1870 2485 utrum

1075 2495 1126 2521 ista
1140 2494 1256 2522 sollicito
1271 2496 1361 2524 animo
1376 2505 1410 2523 an
1424 2495 1511 2522 soluto
1526 2494 1613 2530 legas!
1635 2495 1720 2521 sciam
1735 2495 1808 2521 enim
1823 2503 1870 2522 eo—

1074 2531 1134 2559 dem
1150 2537 1283 2567 tempore,
1300 2532 1368 2568 quid
1383 2541 1426 2559 me
1440 2531 1527 2558 facere
1541 2536 1670 2566 oporteat.
1709 2532 1748 2558 Ne
1764 2531 1870 2567 longior

1074 2569 1139 2600 sim,
1150 2569 1222 2596 vale:
1235 2578 1290 2601 me,
1301 2575 1332 2597 ut
1341 2569 1417 2601 facis,
1430 2577 1500 2596 ama.
1539 2568 1568 2595 Si
1579 2569 1675 2596 Caesar
1685 2569 1762 2601 vicit.
1772 2568 1869 2596 celeri-

1073 2610 1113 2633 ter
1123 2615 1166 2633 me
1176 2612 1312 2643 exspecta.
