1941 3052
304 91 636 141 FPISTOLARUM
663 114 717 141 AD
745 115 971 142 DIVERSOS
1002 117 1082 143 LIB.
1104 116 1172 143 XII.
1202 117 1264 144 ΕΡ,
1287 119 1318 144 24
1338 133 1375 137 —
1395 120 1437 144 30.
1640 120 1685 146 761

201 183 344 211 CICERO
364 184 392 211 S.
412 185 442 211 D.
465 184 705 212 CORNIFICIO.

110 223 132 247 l.
155 215 194 253 Q.
214 222 327 252 Turius,
350 223 398 256 qui
418 223 445 248 in
461 222 549 249 Africa
566 224 716 258 negotiatus
732 227 785 254 est,
803 224 845 249 vir

50 259 137 285 bonus
153 263 179 284 et
193 258 331 290 honestus,
350 259 463 286 heredes
479 259 541 286 fecit
551 260 655 286 similes
668 261 722 291 sui,
736 260 783 287 Cn.
796 260 845 287 Sa-

51 296 200 327 turninum,
214 296 278 323 Sex.
304 296 452 328 Aufidium,
467 297 495 324 C.
508 297 653 328 Anneium,
666 297 697 330 Q.
720 297 845 324 Considi-

52 342 97 359 um
113 333 231 364 Gallum,
245 334 275 360 L.
298 333 446 360 Servilium
456 335 624 366 Postumum,
637 335 842 362 C.Rubellium.

49 371 91 396 Ex
111 379 203 396 eorum
223 371 341 397 oratione
362 371 497 402 intellexi,
518 373 665 407 gratiarum
681 373 783 398 actione
799 381 844 398 eos

51 408 137 443 magis
152 416 243 443 egere,
260 417 341 443 quam
357 409 598 436 commendatione.
624 410 705 436 Tanta
721 410 793 436 enim
811 409 844 435 li-

50 445 189 471 beralitate
208 454 237 471 se
258 450 303 472 tua
320 454 383 472 usos
397 446 600 481 praedicabant„
618 452 648 473 ut
663 447 697 472 iis
712 446 774 481 plus
789 456 803 473 a
819 452 844 473 te

51 482 182 509 tributum
199 482 387 519 intelligerem,
405 492 487 518 quam
503 492 552 519 ego
563 489 587 510 te
598 483 725 510 auderem
739 492 841 519 rogare.

49 519 162 546 Audebo
175 524 273 546 tamen.
295 522 320 547 2.
337 520 398 547 Scio
412 522 494 552 euim,
507 526 639 556 quantum
650 521 778 555 ponderis
785 530 843 547 mea

49 557 246 584 commendatio
266 558 301 584 sit
321 557 455 585 habitura.
498 557 584 590 Quare
604 567 618 584 a
634 562 658 584 te
673 563 747 592 peto,
765 563 795 584 ut
810 557 843 584 ad

50 603 108 620 eam
133 593 335 626 liberalitatem,
357 604 411 630 qua
431 596 490 622 sine
510 596 578 621 meis
599 595 695 621 litteris
715 604 782 621 usus
803 604 840 626 es=

49 640 131 666 quam
148 632 284 658 maximus
300 632 342 658 his
360 632 454 659 litteris
470 632 597 658 cumulus
608 632 726 659 accedat.
758 632 844 667 Caput

50 673 139 694 autem
155 673 195 695 est
211 678 285 695 meae
295 669 550 701 commendationis,
564 678 597 696 ne
608 670 723 704 patiare,
736 669 842 696 Erotem

49 706 176 737 Turium,
196 705 228 738 Q.
243 707 318 733 Turii
329 706 465 738 libertum,
479 711 508 733 ut
519 707 608 733 adhuc
620 706 694 738 fecit,
709 707 843 733 heredita-

49 748 102 769 tem
113 743 257 770 Turianam
267 749 395 775 avertere,
409 744 559 779 ceterisque
568 744 695 770 omnibus
707 744 788 770 rebus
795 744 843 770 ha-

48 780 112 806 beas
124 789 169 807 eos
179 789 193 807 a
204 789 247 807 me
258 781 546 808 commendatissimos.
578 781 702 817 Magnam
709 790 841 808 exeorum

47 817 190 851 splendore
210 822 236 844 et
254 818 424 845 observantia
444 819 534 853 capies
556 818 730 853 voluptatem.
765 818 842 851 Quod

49 858 79 881 ut
93 854 170 886 velis,
183 859 208 881 te
222 855 397 882 vehementer
407 856 488 882 etiam
499 860 580 891 atque
590 856 671 882 etiam
683 865 757 892 rogo.

100 933 196 954 LXVII.
213 933 290 954 ARG.
307 933 391 954 Aufidii
409 934 515 954 Africana
525 934 615 959 negotia
625 935 765 956 commendat.

259 970 350 992 (Autnnio
360 978 397 988 cns.
410 973 454 989 710.
471 978 532 988 merist-
542 971 627 992 iurato.)

142 1006 179 1032 M.
200 1006 231 1033 T.
252 1005 282 1033 C.
303 1005 331 1032 S.
352 1006 381 1032 P.
402 1006 432 1033 D.
454 1005 485 1038 Q.
507 1005 748 1033 CORNIFICIO.

101 1038 169 1070 Sex.
190 1042 315 1070 Aufidius
331 1047 357 1070 et
370 1043 554 1075 observantia,
570 1052 623 1078 qua
640 1052 682 1070 me
697 1043 775 1075 colit,
797 1052 842 1070 ac-

46 1080 118 1107 cedit
128 1080 162 1107 ad
172 1081 319 1116 proximos
332 1085 358 1107 et
368 1080 511 1116 splendore
522 1081 622 1116 equitis
634 1081 842 1107 Romaninemi-

45 1119 74 1145 ni
88 1118 168 1145 cedit.
203 1118 252 1145 Est
261 1122 350 1144 autem
361 1119 397 1145 ita
409 1119 563 1153 temperatis
574 1118 772 1153 moderatisque
784 1127 842 1145 mo-

45 1156 136 1187 ribus,
158 1160 189 1182 ut
208 1164 314 1182 summa
329 1156 458 1182 severitas
474 1164 579 1182 summa
595 1165 658 1182 cum
673 1156 840 1182 humanitate

46 1193 182 1229 iungatur.
214 1192 298 1220 Cuius
309 1192 359 1219 tibi
370 1193 485 1228 negotia,
499 1201 568 1228 quae
579 1193 680 1219 suntin
691 1193 790 1224 Africa,
804 1194 839 1220 ita

44 1230 213 1261 commendo,
232 1234 261 1256 ut
276 1230 376 1256 maiore
387 1230 477 1256 studio
489 1231 609 1266 magisve
621 1239 655 1257 ex
665 1231 755 1257 animo
766 1239 840 1257 com-

45 1267 171 1294 mendare
183 1276 235 1294 non
242 1267 354 1302 possim.
376 1267 532 1303 Pergratum
539 1267 607 1294 mibi
615 1267 718 1299 feceris,
727 1267 840 1295 sidede-

44 1305 82 1331 ris
96 1313 215 1339 operam,
232 1309 262 1331 ut
272 1304 295 1330 is
307 1304 448 1340 intelligat,
465 1314 538 1331 meas
550 1304 622 1339 apud
637 1309 662 1331 te
675 1305 774 1331 litteras
782 1314 839 1332 ma-

44 1342 149 1368 ximum
161 1341 413 1377 pondushabuisse.
435 1342 489 1369 Hoc
500 1347 524 1370 te
536 1342 718 1374 vehementer,
731 1342 840 1370 miCor-

43 1379 128 1411 nifici,
144 1388 218 1415 rogo.

96 1450 206 1471 xxvul.
224 1450 302 1471 ARG.
321 1450 418 1472 Nimiam
433 1450 549 1471 cornificii
563 1450 702 1472 clementiam
715 1450 838 1478 improbat;

42 1488 119 1507 contu
132 1485 209 1506 laudat
223 1485 272 1506 eiua
286 1485 310 1506 iti
325 1492 392 1513 remp.
417 1485 527 1510 atudium3
552 1486 613 1507 addit
626 1486 653 1506 de
668 1486 763 1513 pecunia
773 1489 794 1508 et
804 1493 836 1508 re-

41 1520 137 1549 publiea.
153 1523 239 1544 (Romae,
248 1523 315 1544 Pansa,
326 1523 388 1540 Hirtio
399 1530 444 1540 cuns.
457 1525 511 1542 ¹:11.)

132 1566 168 1593 M.
190 1566 220 1593 T.
243 1565 272 1593 C.
294 1565 323 1593 S.
344 1566 374 1593 P.
395 1566 425 1592 D.
447 1565 479 1598 Q.
501 1565 744 1594 CORNIFICIO.

99 1613 122 1638 1.
143 1606 287 1638 Assentior
302 1611 366 1643 tibi,
385 1620 444 1643 eos,
457 1620 525 1647 quos
536 1612 634 1638 scribis
646 1612 774 1648 Lilybaeo
785 1613 838 1639 mi-

41 1649 112 1680 nari,
135 1649 196 1675 istic
210 1657 310 1683 poenas
323 1649 386 1675 dare
401 1649 544 1682 debuisse,
585 1649 633 1676 sed
650 1650 784 1681 metuisti,
807 1654 837 1676 ut

41 1687 94 1718 ais.
113 1694 145 1713 ne
164 1686 246 1713 nimis
263 1686 332 1713 liber
346 1687 374 1713 in
385 1686 541 1713 ulciscendo
554 1687 685 1714 viderere.
716 1687 836 1714 Metuisti

40 1724 137 1760 igitur,
155 1732 188 1750 ne
202 1724 294 1759 gravis
309 1724 392 1755 civis,
409 1732 442 1750 ne
458 1725 540 1750 nimis
556 1723 646 1756 fortis,
665 1733 697 1751 ne
713 1725 796 1751 nimis
811 1730 836 1752 te

40 1761 140 1797 dignus
151 1760 282 1788 viderere.
304 1762 329 1789 2.
345 1760 422 1794 Quod
434 1762 587 1788 societatem
599 1762 765 1797 reipublicae
772 1771 837 1790 con—

40 1798 187 1825 servandae
198 1798 248 1825 tibi
259 1806 366 1825 mecum
377 1808 391 1825 a
402 1803 475 1833 patre
487 1804 623 1834 acceptam
638 1808 760 1831 renovas,
773 1809 835 1836 gra-

39 1840 97 1863 tum
113 1839 166 1862 est:
189 1844 258 1870 quae
272 1836 386 1863 societas
402 1837 471 1862 inter
486 1845 534 1863 nos
549 1845 669 1872 semper,
688 1838 726 1863 mi
742 1837 837 1865 Corni-

39 1872 93 1904 fici,
107 1872 235 1899 manebit.
267 1872 379 1900 Gratum
393 1874 473 1900 etiam
486 1873 563 1905 illud,
576 1874 649 1909 quod
661 1875 837 1902 mihituono-

40 1911 113 1936 mine
128 1909 228 1945 gratias
244 1910 361 1946 agendas
377 1919 429 1937 non
446 1915 538 1945 putas:
575 1920 623 1937 nec
639 1912 712 1938 enim
728 1912 755 1938 id
766 1913 836 1939 inter

39 1955 88 1974 nos
108 1946 194 1973 facere
214 1946 356 1974 debemus.
391 1948 504 1974 Senatus
519 1949 627 1982 saepius
643 1957 691 1983 pro
705 1949 835 1985 dignitate

40 1989 84 2011 tua
96 1983 285 2019 appellaretur,
298 1985 331 2016 si,
344 1984 503 2011 absentibus
515 1985 684 2017 consulibus,
693 1995 832 2021 umquam.

39 2021 93 2048 nisi
104 2021 137 2048 ad
150 2030 205 2047 rem
217 2030 324 2053 novam.
337 2026 486 2057 cogeretur.
509 2022 600 2057 Itaque
612 2031 661 2049 nac
672 2023 832 2056 deH-Sxx,

38 2067 87 2086 nec
107 2058 140 2085 de
159 2058 223 2085 ll-S
235 2067 306 2090 loce,
334 2059 485 2094 quidquam
501 2059 544 2094 agi
561 2068 632 2086 nuno
648 2069 696 2095 per
710 2066 834 2088 senatum

38 2100 134 2132 potest.
160 2095 221 2122 Tibi
239 2100 328 2122 autem
343 2104 377 2122 ex
391 2101 500 2122 senatus
512 2096 633 2123 consulto
646 2098 834 2132 imperandum

38 2137 217 2168 mutuumque
228 2133 391 2160 sumendum
401 2141 507 2160 censeo.
529 2135 553 2160 3.
575 2134 603 2160 ln
619 2135 756 2170 republica
768 2136 834 2170 quid

38 2174 144 2207 agatur,
161 2170 241 2197 credo
257 2174 281 2197 te
292 2179 326 2197 ex
337 2179 429 2198 corum
443 2170 537 2197 litteris
548 2180 723 2206 cognoscere,
742 2173 789 2208 qui
801 2173 833 2199 ad

38 2211 63 2234 te
72 2212 129 2235 acta
140 2207 239 2234 debent
250 2208 426 2242 perscribere.
468 2208 523 2244 Ego
534 2217 595 2235 sum
607 2218 654 2244 spe
666 2210 747 2242 bona;
769 2219 834 2237 con-

37 2244 107 2277 silio,
120 2253 193 2277 cura,
209 2244 298 2271 laboro
312 2254 364 2272 non
376 2245 486 2278 desum;
509 2246 637 2272 omnibus
650 2247 768 2273 inimicis
780 2248 833 2274 rei-

37 2281 162 2318 publicae
184 2290 243 2309 esse
265 2291 307 2309 me
328 2284 490 2309 acerrimum
507 2282 610 2310 hostem
628 2292 690 2318 praa
706 2293 748 2310 me
766 2284 830 2311 fero.

38 2319 88 2346 Res
107 2328 195 2355 neque
216 2328 289 2346 nunc
304 2319 411 2346 difficili
429 2320 485 2346 loco
501 2320 569 2346 milii
586 2320 693 2347 videtur
708 2330 780 2352 esse.
808 2327 833 2348 et

38 2354 134 2384 fuisset
144 2356 282 2388 facillimo,
296 2358 319 2384 si
331 2357 409 2392 culpa
422 2367 435 2383 a
447 2357 614 2393 quibusdam
625 2358 767 2386 abfuisset.

78 2425 165 2447 XXIX.
185 2427 260 2447 ARG.
281 2427 420 2447 Conamen-lat
442 2427 530 2452 neg-»uin
548 2427 645 2447 Lamiae:
673 2435 734 2454 quem
755 2434 830 2454 ιιι-με-

37 2463 93 2480 rmm
103 2464 201 2481 exeunt.
220 2463 291 2484 (Πίιιίυ
302 2467 319 2481 ci
330 2464 386 2481 vnum
399 2472 444 2480 um.
456 2466 510 2481 τ11.1

126 2497 162 2524 M.
183 2497 214 2524 T.
235 2497 265 2525 C.
288 2498 316 2525 S.
338 2499 367 2525 P.
389 2499 419 2525 D.
441 2499 472 2531 Q.
495 2498 736 2526 CORNIFICIO.

93 2535 116 2560 1.
137 2528 202 2561 Non
223 2535 302 2562 modo
319 2536 384 2567 tibi,
406 2536 451 2562 cui
470 2537 560 2562 onmia
582 2540 668 2563 nostra
691 2537 830 2564 notissima

37 2574 112 2602 nunt,
128 2571 176 2598 sed
191 2573 326 2599 neminem
343 2574 370 2600 in
387 2573 486 2608 populo
503 2574 620 2599 Romano
635 2574 749 2600 arbitror
759 2583 828 2606 esse,

0 2639 1 2642 Ἴ
36 2607 82 2634 cui
96 2608 131 2634 sit
146 2609 235 2644 ignota
250 2618 280 2636 eu
297 2609 478 2638 familiaritas.
495 2619 564 2645 quae
581 2611 648 2637 milii
659 2620 721 2637 cum
734 2612 763 2638 L.
780 2612 830 2639 La-

37 2643 90 2671 mia
109 2649 158 2672 est.
197 2645 303 2674 Etenim
323 2656 421 2684 magno
442 2647 544 2676 theatro
563 2653 680 2684 spectata
700 2654 740 2676 est
761 2654 827 2681 tum.

896 195 982 222 quum
998 192 1038 214 est
1052 188 1085 214 ab
1102 188 1218 215 Gabinio
1233 188 1344 215 consule
1356 189 1503 225 relegatus,
1522 188 1594 224 quod
1606 188 1691 216 libere

896 229 922 250 et
933 224 1034 251 fortiter
1044 225 1159 251 salutem
1171 234 1257 252 meam
1269 226 1443 253 defendisset.
1466 227 1520 253 Nec
1531 236 1564 253 ex
1576 235 1606 253 eo
1617 235 1692 254 amor

897 262 966 288 inter
981 270 1029 288 nos
1045 267 1123 289 natus
1138 268 1191 289 est:
1220 264 1267 289 sed
1283 264 1355 299 quod
1372 269 1427 290 erat
1438 269 1516 290 vetus
1528 269 1553 290 et
1564 272 1688 299 magnus,

896 303 1034 333 propterea
1050 299 1155 326 nullum
1174 301 1325 335 periculum
1341 310 1389 336 pro
1403 310 1445 327 me
1461 301 1534 328 adire
1544 301 1689 328 dubitavit.

895 336 936 362 Ad
953 336 1017 362 haec
1032 336 1120 363 officia
1137 337 1178 364 vel
1198 339 1292 364 merita
1308 340 1398 373 potius
1414 339 1611 365 iucundissima
1627 348 1692 366 con-

896 373 1010 400 suetudo
1026 374 1141 406 accedit,
1159 380 1189 402 ut
1204 376 1277 402 nullo
1294 385 1404 410 prorsus
1420 376 1482 411 plus
1498 377 1606 403 homine
1617 376 1692 402 dele-

895 415 959 436 cter.
1000 411 1058 437 Non
1074 417 1138 446 puto
1154 417 1178 438 te
1194 413 1247 439 iam
1263 419 1432 448 exspectare,
1451 414 1552 449 quibus
1564 422 1626 440 eum
1641 414 1692 440 tibi

895 447 987 474 verbis
1006 449 1203 476 commendem.
1248 450 1348 477 Caussa
1364 452 1437 477 enim
1454 452 1519 478 tanti
1535 452 1633 478 amoris
1649 452 1692 477 in-

895 484 996 520 telligis
1012 494 1080 520 quae
1097 487 1178 513 verba
1194 487 1340 520 desideret;
1365 489 1399 514 iis
1411 498 1452 515 me
1470 489 1598 515 omnibus
1609 497 1691 515 usum

895 527 996 556 putato.
1018 525 1042 549 2.
1060 524 1173 550 Tantum
1182 525 1451 557 velimexistimes‚si
1460 527 1564 562 negotia
1572 527 1688 556 Lamiae,

895 565 1089 594 procuratores,
1104 561 1222 593 libertos,
1232 562 1372 594 familiam,
1381 564 1602 598 quibuscumque
1609 563 1691 589 rebus

895 605 963 631 opus
980 598 1043 628 erit,
1064 598 1232 631 defenderis,
1250 601 1353 635 gratius
1370 601 1438 627 mihi
1455 600 1591 632 futurum,
1608 609 1691 635 quam

895 634 919 659 si
939 642 969 660 ea
989 639 1033 660 tua
1056 635 1203 663 liberalitas
1218 638 1394 672 pertinuisset
1408 637 1441 664 ad
1457 647 1513 664 rem
1530 638 1691 664 familiarem

896 679 996 704 meam;
1025 681 1073 698 nec
1089 673 1197 704 dubito,
1215 675 1281 709 quin
1298 675 1356 701 sine
1372 684 1430 701 mea
1446 675 1687 706 commendatione,

894 708 967 743 quod
979 713 1055 735 tuum
1067 715 1106 736 est
1118 711 1250 737 iudicium
1262 712 1294 738 de
1306 712 1473 744 hominibus,
1488 714 1575 747 ipsius
1583 713 1690 739 Lamiae

894 754 989 772 caussa
1004 746 1125 773 studiose
1140 749 1230 775 omnia
1246 748 1365 775 facturus
1381 751 1432 776 sis:
1459 759 1624 785 quamquam
1636 755 1691 776 erat

895 783 973 809 nobis
989 783 1106 815 dictum,
1124 789 1149 811 te
1161 786 1329 817 existimare,
1344 786 1425 813 alicui
1436 792 1545 813 senatus
1557 787 1687 817 consulto,

894 819 967 855 quod
988 825 1078 847 contra
1099 821 1259 857 dignitatem
1280 828 1353 850 tuam
1369 824 1456 855 fieret,
1480 824 1623 850 scribendo
1640 825 1690 850 La-

895 857 976 883 miam
997 857 1130 892 adfuisse;
1162 861 1210 895 qui
1231 861 1341 887 omnino
1361 861 1520 887 consulibus
1536 861 1592 887 illis
1610 870 1691 887 num—

894 903 975 929 quam
992 894 1043 922 fuit
1058 896 1091 922 ad
1107 897 1296 924 scribendum:
1333 898 1431 925 deinde
1449 899 1540 925 omnia
1555 903 1612 925 tum
1624 898 1690 925 falsa

894 937 1003 959 senatus
1019 933 1141 960 consulta
1156 934 1355 962 deferebantur.
1399 937 1458 962 Nisi
1475 936 1540 962 forte
1557 937 1638 962 etiam
1650 935 1691 962 illi

893 969 1087 1004 Semproniano
1107 977 1217 999 senatus
1237 973 1360 1000 consulto
1380 982 1423 1000 me
1443 982 1537 1000 censes
1558 973 1688 1003 adfuisse,

893 1007 941 1042 qui
952 1016 985 1033 ne
996 1008 1094 1035 Romae
1105 1009 1217 1044 quidem
1229 1015 1286 1037 tum
1297 1010 1346 1042 fui,
1360 1011 1448 1046 deque
1459 1020 1489 1038 eo
1501 1011 1534 1037 ad
1550 1016 1574 1037 te
1581 1012 1687 1045 scripsi.

893 1053 920 1070 re
936 1046 1046 1072 recenti.
1080 1046 1133 1073 Sed
1145 1047 1210 1074 haec
1222 1048 1361 1075 hactenus.
1393 1050 1418 1075 3.
1436 1049 1485 1080 Te,
1504 1050 1542 1075 mi
1553 1049 1687 1076 Cornifici.

894 1082 974 1108 etiam
986 1087 1065 1118 atque
1076 1084 1157 1111 etiam
1169 1094 1242 1121 rogo,
1256 1091 1285 1112 ut
1296 1087 1386 1112 omnia
1399 1087 1506 1113 Lamiae
1518 1087 1624 1122 negotia
1632 1095 1690 1112 mea

892 1124 971 1154 putes
987 1129 1045 1146 esse
1061 1129 1208 1157 curesque,
1225 1128 1255 1150 ut
1270 1124 1403 1160 intelligat
1415 1124 1483 1150 hanc
1494 1124 1690 1150 commendati-

892 1165 971 1183 onem
987 1159 1106 1185 maximo
1122 1160 1176 1186 sibi
1188 1162 1252 1187 usui
1264 1161 1358 1188 fuisse.
1390 1162 1443 1188 Hoc
1454 1162 1523 1188 mihi
1534 1162 1638 1198 gratius
1650 1161 1689 1188 fa-

892 1203 951 1221 cere
962 1195 1031 1222 nihil
1042 1201 1128 1231 potes.
1164 1198 1243 1230 Cura,
1257 1204 1287 1225 ut
1300 1198 1401 1226 valeas.

943 1265 1022 1286 XXX.
1040 1266 1115 1287 ARG.
1132 1267 1252 1289 Silentium
1263 1268 1387 1288 litterarum
1400 1272 1502 1288 exmusat:
1521 1270 1547 1289 de
1558 1269 1616 1289 hello
1625 1275 1688 1289 renn-

890 1303 940 1321 vato
956 1301 1046 1325 scribit,
1067 1305 1088 1322 et
1106 1303 1133 1323 de
1148 1303 1258 1327 angustiis
1274 1303 1380 1329 pecuniae
1397 1303 1508 1330 publicae:
1527 1304 1554 1324 de
1570 1304 1687 1330 Dionysio,

891 1336 917 1356 de
927 1336 1021 1357 Lucceio
1031 1340 1053 1357 et
1062 1337 1089 1357 de
1099 1337 1195 1358 Calvisii
1206 1337 1294 1363 legatis.

1072 1375 1159 1396 (amne,
1170 1375 1234 1391 oct-aff·
1244 1375 1308 1394 pam.
1320 1375 1381 1392 uam.
1451 1378 1471 1393 -1
1480 1380 1495 1393 ι,

1006 1417 1040 1443 Μ.
1063 1418 1093 1444 Τ.
1115 1417 1144 1444 C.
1166 1418 1193 1444 S.
1217 1419 1244 1444 P.
1269 1419 1299 1445 D.
1322 1418 1565 1446 CORNIFICIO.

948 1459 972 1480 1.
993 1450 1087 1481 Itane‘?
1110 1460 1214 1490 praeter
1231 1455 1378 1491 litigatores
1390 1466 1468 1483 nemo
1479 1457 1512 1483 ad
1525 1462 1548 1483 te
1561 1466 1633 1484 meas
1645 1457 1688 1484 lit-

890 1491 977 1517 teras‘?
1004 1492 1103 1519 Multae
1119 1493 1184 1519 istae
1199 1493 1325 1528 quidem.-
1358 1498 1385 1520 tu
1402 1495 1474 1520 enim
1491 1494 1640 1529 perfecisti.
1659 1501 1689 1522 ut

889 1537 968 1555 nemo
979 1530 1038 1555 sine
1051 1529 1146 1556 litteris
1158 1531 1226 1556 meis
1238 1531 1286 1557 tibi
1299 1540 1327 1557 se
1341 1532 1559 1558 commendatum
1568 1537 1685 1566 putaret:

889 1566 936 1592 sed
948 1567 1010 1601 quis
1022 1575 1152 1602 umquam
1165 1573 1271 1594 tuorum
1285 1569 1352 1595 mihi
1365 1569 1434 1595 dixit
1446 1578 1514 1599 esse,
1527 1570 1572 1595 cui
1583 1569 1685 1600 darem,

888 1604 956 1638 quin
968 1604 1108 1630 dederim‘?
1119 1610 1164 1631 aut
1175 1605 1241 1640 quid
1250 1606 1317 1632 mihi
1326 1607 1482 1637 iucundius,
1495 1615 1587 1641 quam,
1601 1616 1687 1642 quum

888 1649 977 1667 coram
993 1646 1081 1668 tecum
1096 1641 1167 1677 loqui
1181 1651 1232 1669 non
1245 1644 1361 1678 possim,
1378 1649 1421 1670 aut
1434 1644 1550 1670 scribere
1563 1644 1595 1670 ad
1607 1649 1631 1670 te
1642 1649 1688 1671 aut

888 1682 948 1705 tuas
961 1678 1048 1715 legere
1061 1679 1180 1706 litteras?
1194 1680 1263 1707 Illud
1276 1681 1363 1717 magis
1375 1682 1442 1707 milii
1455 1682 1522 1708 solet
1533 1690 1591 1708 esse
1604 1681 1688 1708 mole-

888 1720 975 1747 stum,
997 1717 1077 1743 tantis
1093 1725 1135 1743 me
1158 1718 1284 1752 impediri
1304 1719 1541 1754 occupationibus.
1565 1724 1594 1745 ut
1614 1719 1646 1745 ad
1663 1724 1686 1745 te

888 1753 1026 1780 scribendi
1047 1763 1106 1781 meo
1126 1755 1255 1782 arbitratu
1277 1755 1389 1782 facultas
1411 1757 1483 1782 nulla
1499 1756 1587 1782 detur.
1629 1757 1686 1782 Non

887 1791 960 1817 enim
973 1796 996 1818 te
1008 1791 1139 1826 epistolis,
1148 1792 1196 1818 sed
1209 1793 1396 1819 voluminibus
1409 1794 1575 1820 lacesserem.
1585 1794 1686 1828 quibus

887 1829 999 1863 quidem
1012 1838 1054 1855 me
1065 1838 1079 1856 a
1092 1834 1116 1856 te
1128 1831 1266 1864 provocari
1277 1831 1425 1865 oportebat.
1466 1831 1597 1863 Quamvis
1613 1832 1685 1857 enim

887 1871 1034 1901 occupatus
1044 1867 1091 1897 sis.
1100 1867 1147 1893 otii
1160 1873 1247 1894 tamen
1259 1868 1320 1903 plus
1334 1869 1429 1895 babes:
1442 1874 1496 1898 aut,
1505 1869 1527 1894 si
1541 1877 1572 1894 ne
1585 1874 1612 1894 tu
1624 1870 1686 1903 qui-

887 1903 949 1931 dem
965 1913 1058 1935 vacas,
1075 1904 1130 1931 noli
1148 1905 1292 1940 impudens
1303 1915 1375 1936 essc‚
1394 1915 1442 1932 nec
1455 1906 1522 1932 mibi
1535 1906 1685 1932 molestiam

887 1941 1031 1973 exhibere.
1054 1947 1080 1968 et
1096 1950 1109 1968 a
1125 1951 1167 1969 me
1185 1943 1286 1970 litteras
1301 1944 1464 1974 crebriores,
1481 1952 1566 1978 quum
1579 1948 1606 1969 tu
1618 1944 1686 1970 mibi

887 1986 946 2005 raro
962 1979 1065 2009 mittas,
1083 1979 1213 2015 flagitare.
1254 1983 1280 2008 2.
1303 1982 1369 2007 Nam
1385 1990 1470 2016 quum
1483 1986 1559 2007 antea
1571 1980 1686 2007 distine-

887 2015 935 2042 bar
942 2017 1069 2043 maximis
1079 2018 1313 2052 occupationibus,
1323 2024 1462 2053 propterea
1473 2018 1546 2053 quod
1557 2019 1684 2044 omnibus

887 2054 960 2079 curis
976 2054 1173 2089 rempublicam
1186 2056 1254 2081 mihi
1268 2056 1393 2082 tuendam
1407 2056 1548 2090 putabam:
1566 2061 1622 2082 tum
1636 2056 1684 2082 hoc

887 2094 1005 2125 tempore
1017 2091 1101 2118 multo
1112 2092 1244 2119 distineor
1255 2093 1452 2119 vehementius.
1498 2093 1528 2119 Ut
1540 2094 1612 2119 enim
1623 2102 1684 2128 gra-

887 2128 948 2154 vius
960 2134 1096 2164 aegrotant
1108 2129 1135 2159 ii.
1149 2130 1206 2164 qui.
1220 2139 1305 2164 quum
1319 2130 1398 2156 levati
1411 2130 1502 2156 morbo
1518 2130 1681 2157 viderentur.

887 2166 913 2191 in
925 2174 987 2191 eum
998 2166 1031 2192 de
1043 2167 1146 2201 integro
1158 2167 1323 2193 inciderunt:
1337 2168 1376 2193 sic
1389 2167 1575 2193 vehementius
1587 2176 1634 2193 nos
1647 2167 1684 2193 la-

886 2202 1026 2233 boramus,
1040 2204 1097 2237 qui,
1111 2203 1249 2238 profligato
1262 2203 1332 2230 bello
1343 2213 1373 2230 ac
1384 2213 1468 2238 paene
1479 2205 1593 2233 sublato.
1607 2213 1683 2230 reno-

886 2245 977 2266 vatum
995 2240 1095 2266 belluni
1111 2249 1204 2275 gerere
1215 2250 1353 2276 cogamur.
1394 2241 1445 2267 Sed
1463 2241 1527 2267 haec
1543 2242 1680 2267 hactenus.

885 2279 909 2303 3.
932 2277 971 2303 Tu
983 2277 1046 2307 tibi,
1065 2278 1101 2303 mi
1114 2278 1239 2303 Cornifici
1248 2298 1254 2307 ,
1273 2277 1312 2304 fac
1325 2283 1353 2305 ut
1365 2278 1541 2312 persuadeas.
1561 2288 1611 2304 nou
1623 2287 1682 2304 csse

885 2323 927 2340 me
940 2319 992 2340 tam
1006 2314 1142 2341 imbecillo
1153 2315 1243 2341 aniino
1252 2336 1257 2344 ,
1272 2324 1303 2341 nc
1314 2315 1402 2341 dicam
1416 2316 1576 2344 inhumano.
1593 2321 1620 2341 111
1632 2325 1645 2341 11
1658 2321 1682 2341 111

885 2352 957 2377 vinci
970 2352 1070 2386 possim
1083 2357 1127 2377 aut
1138 2351 1245 2382 officiis,
1256 2357 1303 2378 aut
1314 2361 1412 2379 altiore.
1455 2353 1511 2378 Non
1523 2353 1680 2379 dubitabam

884 2388 1026 2423 equidem:
1046 2394 1230 2415 vcrumtmucn
1247 2389 1330 2416 multo
1342 2390 1409 2416 1111111
1422 2391 1550 2416 notiorem
1563 2399 1680 2416 annorvm

884 2430 960 2452 tuum
976 2426 1063 2452 effecit
1074 2426 1236 2461 Clicrippus.
1278 2429 1300 2451 O
1315 2427 1465 2456 lunuincm,
1483 2436 1590 2461 scnipcr
1603 2427 1680 2454 illum

883 2463 994 2497 quidem
1007 2463 1074 2490 1111111
1087 2468 1193 2498 aptum,
1212 2473 1282 2490 nunc
1300 2474 1362 2490 vcro
1373 2465 1452 2490 etium
1465 2466 1590 2490 suavem!
1614 2465 1681 2491 Vul—

884 2505 926 2526 tus
938 2500 1091 2528 meherrule
1103 2506 1161 2527 tuos
1174 2502 1241 2527 1111111
1256 2503 1389 2536 expressit
1399 2511 1506 2528 omncs:
1524 2511 1575 2528 non
1591 2502 1678 2528 solum

882 2538 1044 2564 animumne
1059 2538 1139 2564 verba
1153 2538 1272 2573 pertulit.
1309 2540 1398 2574 ltaque
1411 2539 1464 2565 noli
1477 2540 1572 2570 vereri,
1586 2549 1617 2566 ne
1631 2539 1679 2566 tibi

882 2575 1098 2607 succensuerim,
1115 2576 1188 2610 quod
1204 2576 1298 2602 eodem
1314 2576 1439 2611 exemplo
1454 2576 1486 2602 ad
1503 2585 1558 2608 nie,
1576 2586 1630 2612 quo
1646 2578 1678 2603 ad

881 2616 992 2638 ceteros.
1035 2613 1174 2648 llequisivi
1190 2614 1317 2648 equidem
1334 2615 1455 2649 proprius
1469 2613 1502 2640 ad
1514 2623 1556 2641 me
1568 2623 1652 2641 111111111
1664 2624 1678 2640 a

883 2653 906 2676 te
922 2649 1036 2683 litteras,
1050 2650 1098 2678 sed
1110 2659 1197 2687 neque
1211 2650 1382 2679 veliementer
1393 2657 1418 2678 et
1429 2657 1557 2679 amanter.
1598 2653 1621 2679 4.
1643 2653 1677 2678 De

1437 2701 1471 2726 9ss
