1941 3052
250 138 309 163 tent
791 135 845 159 139.
885 132 920 158 M.
954 132 984 158 Τ.

244 207 415 234 sermonibus
429 205 563 232 metiebar.
607 204 674 230 Bene
689 205 760 229 enim
774 206 883 229 maiores
897 206 976 228 ποεῖν-ι’
991 212 1037 228 ac-

245 247 394 270 rutu'tmnrm
407 245 534 275 epulum-m
545 244 697 269 mnicorum,
714 242 777 275 quia
792 241 860 266 vitae
871 240 1038 266 coniunctio-

245 291 304 308 nem
323 282 442 308 halin-ret,
467 288 607 304 t'ltsst'tt'tttm
624 281 798 304 ruentium-mil,
822 277 932 307 melius,
955 285 1037 311 quam

246 321 347 344 ‘imm-i,
361 318 407 351 qui
421 317 468 341 lim·
483 316 550 341 idvui
565 320 619 340 tuin
633 318 847 347 computationem,
864 320 919 340 tum
932 324 1038 340 corneae-

246 359 370 381 nntiunrm
385 358 489 378 vorant:
508 357 544 381 ut,
560 352 630 386 quod
645 353 670 377 in
682 361 713 377 00
723 360 820 386 genere
833 353 975 377 minimum
987 356 1036 381 est,
1058 351 1067 363 '¹

742 389 809 414 XIV.
837 390 878 415 46.
905 389 960 423 Ego
977 397 1038 414 vero

247 393 270 418 id
289 393 403 417 maxime
420 390 530 424 probare
550 389 699 414 videantur.

245 435 350 463 propter
370 428 500 453 sernmnis
521 426 723 452 delectationem
745 427 911 460 tempestivis
929 434 1037 460 quoque
1058 455 1059 461 ἵ

243 466 376 491 conviviis
396 464 526 492 delector.
550 472 597 489 nec
612 472 673 489 cum
690 463 849 498 aequalibus
865 463 966 493 solutu,
989 463 1036 497 qui

244 503 321 538 pnuri
334 501 479 527 admodum
498 505 608 530 restant,
627 500 674 526 sed
690 509 751 526 cum
766 505 850 527 vestra
863 502 942 526 etiam
955 505 1037 526 aetate
1058 503 1067 529 ,'

243 545 322 574 atque
345 539 499 564 vobiscum:
525 538 663 572 habeoque
684 539 813 563 senectuti
837 547 960 573 magnam
976 546 1037 570 gra·
1058 566 1059 569 Ἰ

244 578 320 606 tiam,
338 585 406 611 quae
423 576 490 601 milii
503 576 634 600 sermonis
645 575 800 600 aviditatem
815 576 903 605 auxit,
922 576 1036 609 potionis

243 619 267 640 ct
282 614 335 639 cibi
352 613 470 639 sustulit.
511 612 586 644 Quod
604 613 626 637 si
643 620 723 646 quem
740 613 819 638 etiam
833 613 881 638 ista
893 612 1034 642 delectant,

242 653 284 685 (uc
298 651 407 676 omnino
422 649 522 675 lwllum
543 649 674 675 indixisse
691 649 782 675 videar
797 649 940 684 voluptati,
958 650 1036 675 cuius

242 693 281 714 est
292 689 370 714 etiam
384 687 492 713 fortasse
504 687 614 721 quidam
627 687 755 713 naturalis
767 687 945 721 moduszjnon
958 686 1036 713 intel-

244 725 305 760 ligo,
319 735 350 751 ne
364 726 388 751 in
403 725 460 750 istis
471 724 581 759 quidem
595 724 778 758 voluptatibus
791 725 963 758 ipsiS,carere
975 732 1037 750 sen-

241 771 274 789 su
295 767 469 788 senectutem.
511 762 551 787 Me
567 770 629 787 vero
643 766 669 788 et
685 762 837 797 magisteria
854 761 999 792 delectant,
1021 770 1034 787 a

243 800 390 826 maioribus
403 800 534 829 instituta,
549 804 574 825 et
586 800 608 824 is
619 807 719 829 sermo,
736 799 783 834 qui
797 807 867 825 more
880 800 1009 825 maiorum
1021 807 1035 824 a

241 846 348 863 summo
361 836 504 863 adhibetur
515 837 541 862 in
555 836 672 870 poculis,
689 841 714 862 et
725 836 829 870 pocula,
843 837 912 862 sicut
923 837 949 862 in
961 845 1036 871 sym-

243 874 511 909 posiochophontis
522 878 570 903 cst.
580 874 681 899 minuta
693 878 772 908 atque
785 874 908 904 rorantia.
921 879 947 900 et
958 873 1036 900 refri—

241 913 341 947 geratio
353 916 450 937 aestate
459 932 464 941 ,
478 916 503 936 et
516 911 636 936 vicissim
648 915 693 936 aut
703 910 742 936 sol
755 916 799 937 aut
810 911 881 946 ignis
894 911 1033 936 liibernus.

241 950 314 981 Quae
330 949 440 983 quidem
457 949 536 974 etiam
553 949 579 974 in
592 948 700 974 Sabinis
715 949 841 983 persequi
856 948 928 974 soleo
942 949 1035 974 couvi·
1063 970 1064 974 ,

228 981 373 1020 'viumque
386 986 534 1012 vicinorum
547 985 667 1020 quotidie
678 985 812 1020 compleo:
835 985 906 1020 quod
918 985 950 1011 ad
964 985 1035 1011 mul-

243 1030 294 1050 tam
309 1028 422 1054 noctem,
437 1031 518 1057 quam
532 1023 648 1049 maxime
661 1031 814 1057 possumus,
829 1023 902 1049 vario
913 1031 1035 1049 sermone

242 1060 427 1096 producimus.
468 1061 508 1086 47.
530 1060 563 1086 At
577 1068 628 1086 non
645 1064 684 1086 est
697 1060 862 1094 voluptatum
876 1065 944 1086 tanta
956 1061 1034 1095 quasi

242 1098 358 1124 titillatio
372 1098 397 1124 in
409 1097 530 1123 senibus.
571 1097 667 1123 Credo:
687 1097 734 1123 sed
751 1106 782 1123 ne
799 1097 960 1123 desideratio
974 1097 1035 1132 qui-

241 1135 314 1161 dem.
356 1135 429 1161 Nihil
447 1139 535 1160 autem
553 1134 707 1165 molestum,
730 1134 802 1168 quod
819 1143 870 1161 non
887 1134 1032 1160 desideres.

241 1173 311 1199 Bene
323 1172 477 1207 Sophocles,
494 1180 578 1206 quum
589 1179 622 1197 ex
634 1180 664 1197 eo
675 1171 785 1206 quidam
797 1172 849 1197 iam
862 1171 954 1198 affecto
965 1177 1036 1198 aeta-

242 1215 266 1236 te
278 1214 429 1244 quaereret,
448 1213 600 1235 utereturne
615 1208 696 1234 rebus
711 1210 846 1236 venereis:
869 1211 906 1235 dii
917 1210 1036 1235 meliora!

241 1248 343 1282 inquit:
357 1249 462 1272 libenter
473 1254 531 1272 vero
542 1248 616 1272 istinc
628 1251 779 1279 tnmquama
788 1249 889 1272 (turnino
900 1249 995 1280 aqresti
1005 1255 1036 1272 ac

240 1287 338 1317 furioso
346 1286 457 1317 prosuyi.
497 1283 609 1317 Cupidis
621 1284 693 1309 enim
706 1292 794 1310 rerum
806 1283 900 1310 talium
911 1283 1035 1310 odiosum

242 1321 351 1348 fortasse
363 1325 388 1347 et
399 1320 541 1347 molestum
554 1325 594 1346 est
604 1329 705 1347 carere:
720 1322 822 1347 satiatis
835 1330 897 1348 vero
907 1326 932 1347 et
943 1320 1037 1355 exple—

241 1359 275 1385 tis
286 1357 433 1384 iucundius
444 1363 484 1384 est
494 1366 592 1388 carere,
605 1366 687 1392 quam
699 1357 762 1384 frui.
802 1358 971 1393 Quamquam
984 1367 1035 1384 non

241 1400 311 1422 caret
326 1397 363 1426 is,
381 1396 429 1430 qui
446 1403 497 1422 non
514 1395 661 1422 desiderat:
684 1404 733 1431 ego
749 1404 800 1422 non
812 1396 964 1422 desiderare
976 1395 1036 1422 dico

241 1442 299 1459 esse
315 1432 471 1459 iucundius.
513 1433 553 1459 48.
575 1432 651 1464 Quod
662 1433 685 1459 si
697 1433 756 1459 istis
768 1434 835 1468 ipsis
851 1433 1036 1468 voluptatibus

241 1470 310 1497 bona
323 1475 393 1496 aetas
406 1469 504 1496 fruitur
516 1469 657 1501 libentius,
675 1471 792 1504 primum
805 1470 927 1505 parvulis
940 1469 1037 1496 fruitur

241 1508 331 1538 rebus,
341 1512 370 1533 ut
379 1507 514 1533 diximus:
528 1507 625 1533 deinde
638 1508 680 1538 iis.
694 1508 795 1542 quibus
807 1514 940 1538 senectus,
949 1508 1035 1534 sinon

241 1544 348 1571 abunde
360 1545 467 1579 potitur,
482 1553 533 1570 non
547 1545 656 1570 omnino
667 1549 748 1571 caret.
783 1545 815 1571 Ut
826 1546 960 1580 Turpione
972 1545 1037 1571 Am-

241 1582 316 1608 bivio
331 1583 417 1617 magis
433 1581 592 1612 delectatur,
614 1582 662 1616 qui
678 1582 705 1608 in
721 1583 807 1616 prima
823 1591 902 1609 cavea
919 1587 1033 1617 spectat:

241 1619 388 1645 delectatur
399 1624 486 1645 tamen
498 1620 588 1649 etiam,
604 1620 651 1654 qui
665 1620 690 1645 in
703 1619 811 1646 ultima:
829 1621 869 1646 sic
880 1620 1036 1646 adolescen-

240 1657 276 1683 tia
289 1656 438 1691 voluptates
455 1661 562 1691 propter
575 1657 682 1682 intuens
694 1657 780 1692 magis
793 1657 902 1684 fortasse
915 1657 1034 1684 laetatur,

241 1693 288 1720 sed
310 1693 456 1720 delectatur
476 1694 555 1720 etiam
579 1698 703 1720 senectus
722 1694 814 1729 procul
835 1703 880 1721 eas
901 1700 1034 1729 spectanS,

240 1735 359 1762 tantum,
381 1735 512 1766 quantum
533 1736 573 1758 sat
591 1736 640 1757 est.
681 1732 722 1757 49.
743 1731 836 1758 Atina
853 1733 947 1767 quanti
962 1736 1034 1761 sunt.

242 1769 376 1798 animum,
393 1773 530 1803 tamquam
541 1769 661 1794 emeritis
672 1769 815 1803 stipendiis
828 1769 966 1800 libidinis,
979 1778 1037 1797 am-

240 1805 366 1837 bitionis,
393 1806 570 1833 contentionis
579 1826 585 1837 ,
612 1806 831 1837 inimicitiarum,
857 1806 1035 1842 cupiditatum

240 1844 376 1874 omnium,
399 1852 490 1869 secum
507 1852 565 1870 esse
580 1852 740 1879 secumque,
758 1849 787 1870 ut
797 1843 910 1875 dicitnr,
929 1845 1033 1871 vivere!

241 1880 268 1906 Si
280 1889 342 1907 vero
359 1880 438 1907 habet
449 1880 558 1915 aliquod
572 1886 706 1916 tamquam
719 1881 850 1916 pabulum
862 1882 946 1908 studii
957 1887 1036 1916 atque

241 1917 386 1948 doctrinae,
401 1918 468 1944 nibil
480 1923 520 1944 est
530 1919 613 1944 otiosa
625 1923 761 1945 senectute
773 1919 929 1945 iucundius.
970 1919 1036 1945 Mori

240 1963 324 1989 paene
336 1954 497 1980 videbamus
509 1955 535 1980 in
548 1955 637 1981 studio
648 1955 807 1982 dimetiendi
818 1956 886 1982 caeli
897 1961 1037 1991 atqueter-

240 2000 284 2018 rae
296 1992 325 2018 C.
338 1991 456 2022 Gallum,
472 1991 630 2018 familiarem
643 1993 725 2026 patris
736 1994 784 2023 tui,
798 1992 901 2028 Scipio!
927 1994 1036 2025 Quoties

239 2028 319 2054 illum
332 2028 378 2055 lux
390 2033 467 2055 noctu
479 2028 583 2063 aliquid
595 2029 748 2055 describere
760 2031 922 2065 ingressum,
931 2031 1036 2066 quoties

241 2074 293 2092 nox
304 2067 450 2100 oppressit,
469 2074 554 2101 quum
567 2075 643 2092 mane
655 2067 799 2101 coepisset!
823 2068 908 2099 Quam
920 2067 1037 2094 delecta-

241 2103 286 2129 bat
299 2111 375 2134 eum,
393 2102 556 2130 defectiones
568 2103 633 2130 solis
649 2108 674 2130 et
691 2104 768 2130 lunae
785 2104 868 2131 multo
885 2105 962 2131 nobis
976 2110 1036 2131 ante

240 2140 409 2175 praedicere!
432 2141 474 2166 50.
487 2140 557 2172 Quid
570 2142 596 2167 in
610 2140 758 2167 levioribus
770 2142 878 2173 studiis,
887 2142 935 2168 sed
947 2148 1035 2169 tamen

241 2176 345 2204 acutis‘?
364 2178 449 2209 Quam
467 2178 602 2213 gaudebat
623 2177 693 2204 bello
713 2187 763 2205 suo
780 2179 882 2206 Punico
902 2180 1033 2206 Naevius!

240 2223 322 2250 quam
329 2214 490 2242 Truculento
502 2215 623 2241 Plautus!
637 2223 718 2250 quam
725 2216 868 2243 Pseudolo!
882 2217 944 2243 Vidi
955 2217 1034 2243 etiam

241 2260 334 2278 senem
348 2252 471 2278 Livium:
494 2253 542 2287 qui
553 2261 638 2287 quum
650 2261 696 2279 sex
707 2254 785 2279 annis
796 2258 870 2283 ante,
888 2263 970 2288 quam
987 2263 1036 2289 ego

241 2294 320 2316 natus
331 2298 406 2320 sum,
425 2289 543 2316 fabulam
554 2290 702 2320 docuisset.
720 2290 837 2317 Centone
848 2291 1035 2326 Tuditanoque

240 2326 412 2356 consulibus.
428 2335 515 2362 usque
531 2326 564 2353 ad
580 2327 786 2354 adolescentiam
803 2336 889 2354 meam
906 2329 1037 2363 processit

240 2368 333 2390 aetate.
374 2363 446 2396 Quid
457 2364 490 2390 de
501 2364 529 2390 P.
546 2365 642 2390 Licinii
654 2364 742 2390 Crassi
754 2369 779 2391 et
790 2365 920 2399 pontificii
931 2371 956 2392 et
967 2367 1037 2392 civi-

242 2400 275 2426 lis
286 2402 353 2427 iuris
364 2401 454 2428 studio
466 2401 576 2436 loquar?
591 2406 636 2428 aut
646 2401 680 2427 de
692 2401 774 2428 huius
784 2402 813 2428 P.
825 2402 974 2437 Scipionis,
987 2404 1036 2438 qui

243 2437 284 2463 his
295 2439 388 2472 paucis
399 2438 496 2465 diebus
508 2438 628 2474 pontifex
640 2439 776 2465 maximus
787 2438 873 2465 factus
883 2441 936 2466 est!
953 2440 1036 2475 Atqui

242 2482 286 2500 eos
297 2483 402 2506 omnes,
415 2484 483 2510 quos
494 2476 716 2506 commemoravi,
730 2476 773 2502 his
784 2476 882 2502 studiis
894 2476 1036 2513 flagrantes

242 2519 320 2536 senes
331 2512 461 2539 vidimus.
494 2514 530 2540 M.
546 2522 608 2540 vero
619 2513 777 2548 Cethegum,
790 2521 871 2548 quem
883 2520 953 2540 reete
966 2515 1036 2541 Sua-

242 2550 290 2573 dae
300 2550 435 2575 medullam
445 2550 515 2577 dixit
525 2551 644 2581 Ennius,
660 2555 760 2584 quanto
775 2550 865 2577 studio
877 2553 997 2578 exerceri
1008 2552 1036 2578 in

242 2584 357 2611 dicendo
381 2586 541 2614 videbamus
559 2588 640 2614 etiam
660 2588 764 2613 senem!
787 2587 860 2620 Quae
876 2593 939 2614 sunt
953 2589 1037 2624 igitur

243 2621 385 2656 epularum
400 2627 445 2649 aut
460 2623 584 2651 ludorum
595 2629 643 2652 aut
653 2629 800 2651 scortorum
812 2624 962 2660 voluptates
973 2635 1036 2652 cum

244 2658 287 2685 his
308 2659 491 2694 voluptatibus
506 2660 718 2697 comparandae?
737 2662 823 2697 Atque
842 2661 908 2689 haec
922 2663 1034 2698 quidem

1020 131 1307 158 (Antinous

1066 204 1068 209 '
1091 202 1178 228 studia
1194 202 1342 228 doctrinae:
1366 209 1435 236 quae
1453 201 1563 236 quidem
1580 201 1760 236 prudentibus
1774 206 1799 227 et
1815 201 1883 228 bene

1092 241 1220 265 institutis
1233 240 1329 273 pariter
1339 247 1400 264 curn
1412 244 1496 265 aetate
1506 244 1642 265 crem-untz
1658 245 1685 265 ut
1698 240 1837 265 honestum
1851 238 1883 264 il·

1092 277 1136 302 lud
1149 276 1254 302 Solonis
1266 276 1390 310 sit,quod
1402 277 1438 302 ait
1450 276 1583 302 versiculo
1593 276 1720 311 quodam.
1731 282 1758 302 ut
1770 282 1829 302 ante
1840 275 1882 301 ‹li-

1092 315 1263 343 xi,⁸1·rwm*1·re
1272 323 1305 341 ⁸0.
1319 315 1396 338 niutm
1411 315 1489 338 indies
1501 316 1668 339 adducentem
1678 324 1683 338 ,’
1695 323 1747 348 qua
1762 313 1883 347 volupta-

1091 356 1113 376 te
1125 352 1207 376 animi
1221 350 1292 376 nulla
1305 355 1374 376 certe
1386 355 1543 385 potestesse
1555 351 1648 376 maior.
1689 351 1746 376 XV.
1767 352 1807 376 51Δ
1832 350 1882 375 Vt·-

1090 397 1134 414 nio
1146 397 1216 414 nunc
1230 388 1261 413 ad
1277 387 1426 422 voluptates
1437 387 1623 421 agricolarum.
1632 388 1881 422 quibusegoincre-

1089 425 1209 451 dibiliter
1220 425 1348 453 ‹tt-lecton
1363 434 1431 460 quae
1444 434 1491 451 nec
1504 424 1556 451 ulla
1570 425 1882 459 itnpediuntursenectu-

1090 468 1127 493 te,
1141 467 1165 488 et
1177 462 1244 489 milii
1256 462 1288 487 ad
1301 463 1431 496 sapientis
1444 463 1524 488 vitam
1537 464 1658 496 proxime
1671 462 1796 488 videntur
1807 470 1882 488 acce-

1089 500 1161 526 dere.
1203 500 1386 525 Habent-*nim
1403 500 1530 526 rationem
1542 508 1604 525 cum
1620 504 1700 528 terra,
1717 508 1786 534 quae
1803 508 1881 525 num-

1088 546 1168 571 quam
1182 542 1285 563 recusat
1298 538 1450 571 imperium,
1461 546 1507 563 nec
1520 545 1647 571 umquam
1660 537 1718 562 sim·
1730 545 1809 562 usura
1822 536 1882 562 red-

1064 579 1065 592 ³
1088 574 1136 604 dit,
1150 574 1221 608 quod
1234 575 1349 608 accepit:
1362 574 1409 600 sed
1422 574 1488 600 alias
1497 575 1607 601 minore.
1617 573 1776 608 plerumque
1784 575 1881 599 maiore

1057 630 1065 651 ,¹
1087 621 1148 637 cum
1163 611 1261 637 fenore.
1288 613 1457 646 Quamquam
1470 620 1512 637 me
1523 611 1633 646 quidem
1647 620 1698 637 non
1711 610 1814 637 fructus
1826 620 1882 637 mo·

1088 649 1271 678 dmsedetiam
1286 650 1372 683 ipsius
1385 654 1467 674 terrae
1480 650 1520 674 vis
1531 657 1560 674 ac
1573 654 1663 674 natura
1671 648 1796 674 delectat:
1813 656 1881 683 quae

1087 695 1171 721 quum
1184 687 1287 721 gremio
1299 686 1400 712 mollito
1411 695 1441 711 ac
1452 686 1563 712 subacto
1574 694 1665 712 semen
1673 694 1796 720 sparsum
1803 693 1882 711 exce-

1089 725 1139 758 pit,
1159 725 1275 758 primum
1292 723 1317 749 id
1333 728 1500 750 occaecatum
1517 723 1637 754 cohibet,
1655 731 1688 749 ex
1703 731 1757 757 quo
1774 726 1880 751 occatio.

1087 770 1156 796 quae
1172 761 1220 787 lioc
1230 760 1320 789 eflicit,
1335 761 1468 787 nominata
1480 766 1533 786 est:
1553 760 1651 786 deinde
1663 759 1823 794 tepefactum
1836 768 1883 785 va-

1088 807 1150 833 pore
1161 804 1187 824 et
1197 807 1352 832 compressu
1369 807 1418 824 suo
1433 798 1573 825 diffundit,
1591 802 1617 824 et
1631 797 1704 823 elicit
1721 797 1884 825 herbescen-

1088 842 1139 862 tem
1151 845 1183 862 ex
1195 845 1226 861 eo
1238 836 1399 862 viriditatem
1410 846 1414 861 :
1427 844 1505 870 quae.
1515 836 1576 861 nixa
1590 835 1664 861 fibris
1676 835 1811 869 stirpium,
1820 842 1883 860 sen-

1087 874 1137 899 sim
1159 873 1300 903 adolescit,
1323 873 1467 907 culmoque
1487 878 1571 899 erecta
1587 872 1753 907 geniculato,
1777 872 1882 907 vaginis

1063 929 1065 934 »
1088 910 1551 945 iamquasipubescensincluditur:
1565 918 1579 935 e
1590 910 1692 944 quibus
1703 918 1788 944 quum
1796 917 1882 935 emer-

1087 949 1134 977 sit,
1158 948 1246 974 fundit
1263 947 1366 983 frugem
1383 948 1451 982 spici
1484 947 1577 973 ordine
1594 952 1735 976 structam,
1753 952 1778 972 et
1792 951 1881 972 contra

1088 986 1179 1011 avium
1192 986 1326 1011 minorum
1339 994 1444 1011 morsus
1457 986 1576 1010 munitur
1589 984 1658 1010 vallo
1669 985 1821 1010 aristarum.
1838 985 1880 1009 52.

1087 1022 1157 1055 Quid
1169 1031 1218 1057 ego
1230 1023 1325 1049 vitium
1337 1027 1425 1052 satus,
1441 1027 1528 1052 ortus,
1542 1023 1705 1048 incrementa
1719 1029 1882 1047 commemo·

1088 1060 1162 1086 rem'?
1176 1060 1271 1086 Satiari
1282 1059 1457 1085 delectatione
1470 1068 1520 1085 non
1533 1068 1657 1093 possum:
1677 1064 1705 1084 ut
1720 1067 1793 1084 meae
1804 1066 1883 1083 sene-

1087 1098 1168 1124 ctutis
1184 1098 1332 1131 requietem
1350 1096 1598 1131 oblectamentaque
1618 1097 1743 1122 noscatis.
1783 1096 1883 1121 Omitto

1087 1136 1158 1161 enim
1177 1135 1231 1160 vim
1249 1135 1334 1168 ipsam
1353 1135 1488 1163 omnium,
1509 1142 1578 1168 quae
1593 1138 1754 1168 generantur
1769 1141 1783 1158 e
1799 1138 1879 1159 terra.

1087 1180 1156 1207 quae
1168 1180 1200 1198 ex
1213 1171 1255 1197 lici
1268 1171 1370 1198 tantulo
1380 1179 1463 1207 grano
1475 1176 1519 1197 aut
1530 1179 1563 1197 ex
1574 1171 1650 1196 acino
1665 1171 1775 1196 vinaceo
1790 1175 1835 1196 aut
1849 1177 1883 1195 ex

1087 1215 1235 1236 ceterarum
1252 1208 1360 1244 frugum
1377 1217 1406 1235 ac
1421 1208 1548 1243 stirpium
1565 1208 1756 1234 minutissimis
1770 1207 1884 1233 semini-

1088 1247 1139 1273 bus
1165 1251 1250 1273 tantos
1275 1251 1383 1272 truncos
1410 1253 1552 1280 ramosque
1586 1249 1714 1279 procreat.
1755 1243 1881 1273 Malleoli,

1088 1284 1206 1319 plantae,
1223 1288 1355 1310 sarmenta
1364 1304 1370 1314 ,
1388 1283 1551 1310 viviradices
1560 1303 1566 1312 ,
1582 1283 1744 1317 propagines
1755 1289 1843 1308 nonne
1853 1289 1883 1307 ea

1087 1321 1217 1351 efficiunt.
1234 1325 1262 1347 ut
1272 1322 1398 1356 quemvis
1408 1329 1470 1347 cum
1482 1320 1657 1347 admiratione
1672 1317 1822 1346 delectent?
1836 1318 1884 1344 Vi-

1089 1360 1122 1385 tis
1138 1358 1262 1394 quidem.
1278 1367 1348 1393 quae
1362 1363 1454 1385 natura
1470 1357 1570 1384 caduca
1586 1362 1626 1383 est
1641 1362 1679 1386 et,
1697 1357 1748 1382 nisi
1761 1355 1825 1382 fulta
1837 1356 1881 1385 sit,

1088 1396 1120 1422 ad
1133 1401 1228 1422 terram
1241 1396 1336 1426 fertur,
1350 1395 1444 1422 eadem
1453 1416 1460 1426 ,
1473 1400 1502 1421 ut
1512 1403 1541 1421 se
1551 1395 1648 1430 erigat,
1661 1392 1803 1420 claviculis
1814 1393 1881 1423 suis,

1088 1434 1165 1468 quasi
1187 1433 1327 1464 manibus,
1350 1432 1485 1468 quidquid
1505 1437 1545 1459 est
1565 1437 1653 1458 nacta.
1679 1430 1879 1465 complectitur:

1087 1479 1169 1506 quam
1181 1475 1331 1505 serpentem
1345 1470 1489 1505 multiplici
1501 1469 1578 1504 lapsu
1589 1474 1615 1496 et
1625 1469 1736 1495 erratico
1747 1467 1816 1494 ferro
1826 1475 1884 1494 am-

1088 1513 1186 1543 putans
1196 1513 1299 1534 coercet
1309 1517 1351 1534 ars
1363 1507 1551 1543 agricolarum,
1560 1515 1592 1533 ne
1604 1506 1731 1533 silvescat
1741 1505 1884 1532 sarmentis

1088 1551 1113 1572 et
1125 1546 1151 1572 in
1163 1554 1257 1572 omnes
1269 1550 1356 1580 partes
1368 1546 1451 1571 nimia
1464 1544 1598 1571 fundatur.
1623 1545 1665 1570 53.
1685 1544 1777 1578 ltaque
1787 1543 1885 1568 ineun-

1088 1588 1112 1609 te
1125 1592 1185 1609 vere
1199 1585 1224 1609 in
1237 1584 1285 1613 iis,
1307 1591 1377 1617 quae
1391 1582 1481 1609 relicta
1492 1586 1568 1611 sunt,
1585 1581 1692 1608 exsistit
1703 1585 1839 1615 tamquam
1850 1578 1884 1605 ad

1088 1620 1214 1647 articulos
1234 1625 1430 1647 sarmentorum
1451 1628 1495 1650 ea,
1517 1627 1587 1654 quae
1607 1627 1713 1654 gemma
1733 1617 1846 1649 dicitur3
1869 1624 1884 1642 a

1087 1666 1140 1692 qua
1151 1658 1240 1684 oriens
1252 1666 1304 1684 uva
1316 1665 1375 1683 sese
1386 1656 1516 1684 ostendit:
1538 1664 1621 1690 quae,
1637 1660 1663 1682 et
1673 1663 1754 1681 succo
1765 1659 1849 1681 terrae
1858 1658 1885 1680 et

1088 1694 1174 1721 calore
1189 1695 1254 1721 solis
1270 1703 1434 1730 augescenS,
1451 1694 1539 1729 primo
1554 1698 1595 1719 est
1605 1692 1747 1727 peracerba
1763 1695 1881 1726 gustatu,

1087 1732 1185 1758 deinde
1201 1736 1331 1758 maturata
1349 1730 1493 1759 dulcescit:
1516 1730 1667 1764 vestitaque
1682 1729 1819 1763 pampinis
1834 1736 1883 1754 nec

1089 1769 1194 1797 modico
1209 1774 1299 1805 tepore
1314 1773 1386 1796 caret
1399 1775 1425 1796 et
1440 1770 1538 1796 nimios
1554 1766 1619 1793 solis
1633 1765 1753 1792 defendit
1764 1765 1882 1792 ardores.

1087 1807 1144 1840 Qua
1155 1808 1221 1842 quid
1235 1812 1321 1842 potest
1331 1815 1390 1833 esse
1399 1815 1485 1841 quum
1500 1806 1589 1833 fructu
1605 1803 1715 1833 laeuus,
1732 1808 1790 1829 tum
1805 1811 1884 1837 aspe-

1087 1851 1131 1872 ctu
1147 1843 1307 1879 pulchrius‘?
1326 1844 1411 1871 Cuius
1426 1843 1538 1878 quidem
1552 1852 1604 1869 non
1616 1841 1719 1869 utilitas
1730 1848 1772 1866 me
1783 1840 1881 1866 solum.

1088 1887 1117 1909 ut
1128 1887 1187 1908 ante
1199 1881 1266 1913 dixi,
1279 1881 1326 1908 sed
1337 1883 1417 1908 etiam
1428 1881 1532 1907 cultura
1543 1885 1570 1907 et
1580 1881 1638 1915 ipsa
1651 1885 1744 1907 natura
1755 1876 1880 1906 delectat:

1088 1919 1314 1945 adminiculorum
1328 1918 1450 1949 ordines,
1466 1919 1584 1953 capitum
1595 1918 1710 1953 iugatio,
1726 1916 1848 1952 religatio
1858 1921 1884 1942 et

1087 1957 1243 1991 propagatio
1258 1957 1355 1982 vitium
1375 1960 1626 1990 sarmentorumque
1646 1963 1690 1986 ea,
1711 1963 1793 1989 quam
1812 1953 1881 1983 dixi,

1088 1994 1201 2020 aliorum
1213 1994 1373 2029 amputatio,
1391 1992 1505 2019 aliorum
1520 1992 1663 2019 immissio.
1703 1991 1774 2024 Quid
1786 1999 1836 2027 ego
1847 1992 1883 2017 ir-

1088 2031 1246 2066 rigationes,
1272 2030 1339 2065 quid
1366 2029 1497 2057 fossiones
1523 2030 1580 2065 agri
1607 2030 1884 2064 repastinationesque

1087 2068 1229 2103 proferam,
1243 2068 1345 2103 quibus
1357 2067 1385 2094 fit
1396 2067 1481 2094 multo
1492 2072 1560 2093 terra
1572 2065 1729 2093 fecundior?
1753 2066 1794 2092 54.
1810 2064 1883 2097 Quid

1087 2105 1120 2131 de
1132 2105 1246 2132 utilitate
1259 2105 1352 2140 loquar
1361 2103 1543 2131 stercorandi?
1558 2104 1620 2130 Dixi
1629 2104 1656 2129 in
1667 2112 1698 2129 eo
1708 2102 1785 2133 libro.
1801 2110 1883 2137 quem

1087 2146 1117 2169 de
1132 2145 1207 2169 rebus
1221 2145 1326 2169 rusticis
1341 2142 1453 2177 scripsi:
1475 2141 1508 2168 de
1523 2149 1576 2176 qua
1591 2140 1685 2167 doctus
1699 2139 1832 2166 Hesiodus
1850 2147 1883 2166 ne

1087 2179 1202 2206 verbum
1211 2179 1322 2215 quidem
1339 2179 1409 2209 fecit,
1418 2187 1504 2214 quum
1514 2178 1548 2204 de
1558 2177 1662 2205 cultura
1674 2178 1731 2213 agri
1742 2176 1880 2204 scriberet.

1088 2218 1120 2243 At
1132 2218 1270 2247 Homerus,
1286 2217 1334 2251 qui
1346 2216 1447 2247 multis,
1463 2221 1494 2243 ut
1504 2216 1572 2242 mihi
1584 2214 1700 2245 videtur,
1716 2219 1777 2241 ante
1787 2222 1883 2240 saecu-

1088 2254 1120 2280 lis
1133 2253 1192 2285 fuit,
1206 2255 1340 2284 Laertem,
1358 2253 1502 2280 lenientem
1512 2252 1677 2279 desiderium
1686 2272 1692 2282 ,
1709 2251 1782 2286 quod
1791 2252 1883 2285 capitu

1088 2292 1132 2317 bat
1142 2299 1156 2318 e
1168 2291 1231 2323 filio,
1247 2291 1379 2317 colentem
1390 2299 1487 2327 agrum
1498 2295 1524 2316 et
1534 2298 1597 2316 eum
1608 2294 1796 2315 stercorantem
1808 2287 1879 2314 facit.

1087 2329 1141 2354 Nec
1156 2337 1218 2355 vero
1233 2328 1372 2363 segetibus
1388 2328 1477 2354 solum
1492 2332 1517 2354 et
1531 2327 1615 2362 pratis
1628 2331 1654 2353 et
1666 2327 1754 2352 vineis
1764 2330 1790 2351 et
1800 2324 1882 2351 arbu-

1086 2366 1135 2392 stis
1147 2374 1189 2392 res
1199 2366 1315 2392 rusticae
1326 2365 1408 2391 laetae
1419 2370 1492 2396 sunt,
1507 2364 1555 2391 sed
1565 2364 1646 2391 etiam
1659 2363 1743 2389 hortis
1752 2367 1778 2388 et
1788 2370 1882 2396 poma-

1088 2403 1149 2433 riis,
1172 2408 1228 2429 tum
1240 2402 1375 2437 pecudum
1387 2407 1475 2437 pastu,
1488 2403 1580 2437 apium
1590 2400 1770 2430 examinibus,
1785 2398 1881 2425 florum

1086 2441 1208 2466 omnium
1220 2440 1357 2466 varietate.
1398 2440 1452 2465 Nec
1466 2439 1629 2466 consitiones
1643 2436 1722 2463 modo
1737 2436 1879 2466 delectant,

1087 2477 1134 2503 sed
1145 2478 1224 2503 etiam
1235 2477 1388 2507 insitiones:
1407 2476 1510 2511 quibus
1521 2475 1589 2502 nihil
1603 2474 1707 2501 invenit
1717 2473 1880 2509 agricultura

1086 2514 1232 2541 sollertius.
1272 2514 1342 2540 XVI.
1363 2515 1405 2540 55.
1427 2514 1539 2540 Possum
1554 2511 1682 2547 persequi
1702 2510 1785 2537 multa
1805 2510 1881 2537 oble-

1056 2549 1058 2559 '
1086 2556 1217 2578 ctamenta
1229 2559 1317 2577 rerum
1332 2552 1507 2582 rusticarum;
1529 2549 1577 2576 sed
1592 2557 1622 2575 ea
1637 2549 1708 2582 ipsa,
1725 2556 1794 2583 quae
1809 2547 1877 2577 dixi,

1087 2588 1171 2615 fuisse
1182 2589 1268 2615 sentio
1279 2588 1407 2624 longiora.
1441 2587 1586 2623 Ignoscetis
1596 2590 1698 2617 autem,
1713 2594 1774 2612 nam
1785 2589 1811 2612 et
1821 2589 1880 2611 stu-

1086 2625 1132 2652 dio
1143 2634 1232 2652 rerum
1244 2627 1405 2652 rusticarum
1415 2628 1558 2660 provectus
1568 2631 1629 2649 sum
1638 2643 1644 2653 ,
1661 2626 1687 2648 et
1701 2627 1825 2649 senectus
1839 2625 1880 2648 est

1088 2668 1181 2690 natura
1203 2662 1351 2698 loquacior:
1375 2670 1408 2688 ne
1427 2661 1462 2688 ab
1480 2660 1608 2688 omnibus
1622 2667 1682 2686 eam
1697 2660 1772 2687 vitiis
1786 2658 1880 2686 videar
