1941 3052
434 117 486 143 DE
520 115 750 143 ORATORE
784 117 870 142 LIB.
905 117 937 142 11.
972 116 1070 143 CAP.
1098 119 1247 144 30—36.

26 188 116 218 matis,
133 196 147 213 a
160 188 203 213 M'.
219 187 299 213 Curio
312 195 434 213 caussam
449 187 575 214 didicisse
590 188 619 213 L.
636 187 775 218 Crassum,
792 191 818 213 et
837 187 846 195 '¹

25 234 55 252 ea
68 234 96 252 re
110 224 193 251 multa
207 224 341 256 attulisse,
365 225 548 259 quamobrem,
566 229 690 259 postumo
705 234 757 251 non
771 234 818 251 na-
837 222 846 263 ll

26 268 63 295 to,
84 263 195 290 Curium
218 266 305 288 tamen
324 262 449 288 heredem
467 262 577 297 Coponii
599 271 658 289 esse
675 266 816 297 oporteret.
837 260 845 294 J,

26 302 82 327 ⁴44.
98 300 171 326 Nihil
186 299 219 326 ad
232 300 335 334 copiam
350 304 576 334 argumentorum,
593 308 680 335 neque
694 300 727 326 ad
739 308 818 326 caus·
837 300 839 335 j

24 346 69 365 sae
82 338 138 364 vim
151 346 181 364 ac
199 341 321 363 naturam
340 345 436 363 nomen
451 337 560 372 Coponii
579 342 624 363 aut
644 337 717 363 Curii
735 337 818 372 perti-

25 375 95 408 nuit,
110 375 138 401 in
152 383 248 410 genere
262 378 317 400 erat
330 375 457 400 universo
470 375 507 400 rei
527 375 693 410 negotiique,
719 383 771 400 non
788 375 815 400 in

24 417 141 447 tempore
154 421 184 438 ac
197 412 366 443 nominibus,
387 412 475 438 omnis
488 412 622 447 quaestio:
647 411 736 444 Quum
750 412 817 438 scri-

25 454 100 485 ptum
113 450 148 476 ita
162 450 206 481 sit,
219 459 239 475 si
254 458 305 475 111111
319 458 396 476 rimus
409 458 519 481 casu-ua,
536 458 605 479 isoai:
621 458 687 476 rmus
701 458 813 480 11011111111,
836 458 838 480 ,1

24 491 50 513 et
59 491 152 516 cetera,
165 496 212 513 raa
226 496 256 513 ur
269 496 321 512 1111111
336 495 388 512 ute
402 496 437 512 su·
450 495 541 512 nenas:
557 486 669 512 sinatus
681 486 752 512 filius
764 494 815 512 non

23 524 70 555 sit,
97 523 253 550 videaturne
271 524 307 555 is,
333 524 380 559 qui
399 523 454 550 filio
467 528 571 550 mortuo
584 524 724 549 institutus
738 523 815 549 heres

24 561 71 592 sit,
96 561 172 587 heres
198 569 270 587 esse:
293 561 418 596 Perpetui
439 561 506 586 iuris
529 564 554 587 et
572 561 692 586 universi
709 561 815 595 generis

23 599 145 633 quaestio
159 607 211 624 non
225 598 365 624 hominum
379 598 495 629 nomina,
507 597 554 623 sed
566 597 694 624 rationem
708 598 815 624 dicendi

23 640 49 662 et
62 640 277 671 argumentorum
292 635 377 661 fontes
390 634 532 661 desiderat.
572 634 696 661 XXXIII.
714 636 770 661 ⁴42.
786 636 815 661 In
835 651 836 666 ;

23 679 77 707 quo
91 673 169 698 etiam
184 673 228 698 isti
242 681 289 699 nos
303 671 487 698 iurisconsulti
501 672 664 706 impediunt,
681 681 695 698 a
709 672 816 698 discen—

23 710 111 744 doque
124 710 264 735 deterrent.
298 709 381 736 Video
399 709 470 736 enim
489 710 516 735 in
531 709 637 736 Catonis
656 714 681 736 et
694 709 767 736 Bruti
783 709 816 735 li-

23 746 78 774 bris
92 747 247 773 nominatim
262 746 316 773 sere
330 746 433 778 referri,
459 747 526 782 quid
544 746 625 773 alicui
639 747 672 773 de
685 748 743 773 iure
758 747 815 773 viro

23 788 68 810 aut
80 783 186 810 mulieri
205 784 402 818 responderint;
427 784 518 815 credo,
544 788 574 810 ut
592 789 761 819 putaremus,
785 785 814 810 in
834 790 843 819 ξ’

23 821 189 852 hominibus,
211 830 262 847 non
276 822 304 847 in
318 830 345 847 re
359 821 560 848 consultationis
581 826 626 848 aut
639 821 813 848 dubitationis

22 867 143 885 caussam
162 858 279 893 aliquam
298 858 394 884 fuisse:
423 862 465 890 ut,
490 859 562 894 quod
585 859 707 885 homines
726 863 814 885 essent
834 883 836 894 ί

21 895 242 927 innumerabiles,
264 896 395 922 debilitati
410 905 423 922 a
440 896 499 922 iure
517 896 700 931 cognoscendo
719 896 815 923 volun-
834 898 843 937 J

23 937 100 959 tatem
120 933 240 960 discendi
259 933 340 959 simul
359 942 421 959 cum
436 942 484 968 spe
499 933 668 969 perdiscendi
686 934 814 960 abiicere-
834 944 835 949 ¹

22 979 130 1034 mUSS-ed
141 1008 205 1034 haec
216 1007 327 1034 Crassus
342 1008 485 1043 aliquando
499 1008 575 1034 nobis
590 1008 714 1043 expediet
727 1013 752 1035 et
766 1017 813 1035 ex·
834 1028 835 1032 ,

21 1050 100 1081 ponet
109 1045 240 1079 descripta
251 1046 406 1081 generatim.
428 1046 476 1072 Est
486 1046 608 1076 enim,ne
620 1046 685 1072 forte
698 1047 810 1078 nescias,
834 1064 841 1070 „

22 1083 79 1109 heri
93 1083 170 1109 nobis
183 1082 229 1108 ille
243 1082 305 1114 hoc,
326 1082 430 1114 Catule,
452 1083 602 1118 pollicitus,
623 1092 651 1109 se
665 1084 708 1110 ius
722 1084 810 1115 civile,
834 1080 842 1113 ],

834 1127 842 1155 Ἰ
863 1120 951 1155 gentia
970 1124 1023 1146 est:
1048 1121 1104 1146 149.
1127 1119 1164 1157 [id
1182 1125 1270 1147 tamen
1289 1121 1490 1148 dissimulanter
1504 1122 1600 1152 facere,
1626 1132 1659 1148 ne

21 1120 92 1156 quod
111 1128 182 1146 nunc
201 1119 329 1147 diffusum
353 1125 378 1146 et
401 1120 561 1155 dissipatum
585 1125 667 1152 esset,
694 1122 721 1147 111
743 1126 813 1147 certa

19 1166 115 1194 genera
132 1162 285 1184 coacturum
303 1162 328 1184 et
346 1157 378 1183 ad
400 1162 482 1184 artem
504 1157 608 1184 facilem
632 1158 811 1184 redacturum.
834 1170 835 1193 3

21 1197 79 1222 143.
94 1195 127 1221 Et
140 1194 259 1230 quidem,
275 1195 363 1230 inquit
375 1195 494 1226 Catulus,
507 1195 717 1230 haudquaquam
732 1195 759 1222 id
773 1200 813 1222 est

19 1232 129 1259 difficile
143 1232 245 1263 Crasso,
260 1233 307 1267 qui
321 1236 355 1264 et,
371 1232 443 1268 quod
457 1233 525 1259 disci
539 1233 624 1267 potuit
637 1233 670 1259 de
685 1233 754 1263 iure,
771 1233 814 1258 di-

19 1270 84 1296 dicit
97 1273 135 1302 et,
155 1269 227 1304 quod
240 1270 287 1301 iis,
307 1270 354 1305 qui
369 1279 430 1296 eum
444 1270 604 1301 docuerunt,
630 1269 728 1301 defuit,
754 1271 812 1305 ipse

19 1307 120 1340 afferet;
141 1311 182 1337 ut,
199 1315 267 1342 quae
281 1308 374 1333 sintin
389 1307 459 1339 iure,
475 1307 517 1333 vel
533 1312 591 1342 apte
606 1307 755 1333 describere
771 1307 811 1333 vel
834 1308 835 1324 ³

19 1349 109 1371 ornate
122 1344 256 1371 illustrare
270 1345 364 1379 possit.
404 1345 474 1380 Ergo
487 1345 550 1376 ista,
566 1345 655 1379 inquit
669 1345 809 1376 Antonius,

19 1386 76 1409 tum
91 1390 104 1408 a
119 1381 214 1408 Crasso
227 1381 375 1413 discemus,
399 1391 485 1417 quum
499 1391 527 1408 se
541 1381 574 1408 de
589 1382 665 1408 turba
680 1386 705 1408 et
718 1391 732 1408 a
746 1382 813 1408 sub-
833 1377 835 1408 l

19 1418 102 1446 selliis
122 1420 148 1445 in
171 1419 269 1450 otium,
294 1423 324 1445 ut
345 1419 455 1455 cogitat,
480 1419 634 1454 soliumque
657 1419 809 1446 contulerit.

20 1457 77 1483 ⁴44.
98 1457 151 1482 Iam
165 1456 193 1482 id
207 1456 316 1491 quidem
331 1465 418 1491 saepe,
434 1457 523 1491 inquit
537 1456 656 1487 Catulus,
673 1465 706 1483 ex
720 1465 750 1483 eo
764 1465 812 1482 au—

19 1493 88 1525 divi,
113 1502 198 1528 quum
217 1493 316 1520 diceret
329 1494 381 1520 sibi
395 1499 497 1520 certum
511 1502 569 1520 esse
583 1503 597 1520 a
611 1494 720 1520 iudiciis
734 1503 812 1520 caus-

19 1531 110 1566 sisque
124 1530 272 1562 discedere,
293 1531 353 1562 sed,
370 1536 399 1557 ut
412 1531 465 1566 ipsi
479 1530 551 1557 soleo
564 1531 664 1562 dicere,
682 1540 734 1557 non
749 1531 812 1558 lice—
832 1524 834 1576 J

19 1568 66 1595 bit.
99 1569 191 1604 Neque
210 1569 280 1594 enim
300 1569 357 1603 ipse
376 1568 508 1595 auxilium
525 1577 606 1594 suum
624 1577 703 1603 saepe
717 1577 731 1594 a
745 1569 811 1595 viris
832 1585 833 1595 1

18 1605 95 1633 bonis
108 1605 206 1632 frustra
220 1605 356 1640 implorari
367 1607 482 1641 patietur
491 1614 577 1640 neque
588 1605 615 1632 id
627 1614 712 1640 aequo
722 1606 811 1632 animo
831 1598 833 1638 l

19 1641 84 1670 feret
99 1643 206 1676 civitas;
234 1651 303 1678 quae
321 1644 344 1669 si
363 1652 426 1669 voce
444 1643 474 1669 L.
490 1643 577 1669 Crassi
595 1643 708 1674 carebit,
733 1651 812 1669 orna·
831 1639 833 1663 ἶ

19 1685 106 1707 mento
119 1680 235 1715 quodam
249 1689 307 1707 sese
321 1680 460 1715 spoliatam
474 1681 588 1715 putabit.
630 1681 696 1707 Nam
711 1680 808 1712 hercle,
831 1685 833 1712 ij

18 1717 106 1753 inquit
118 1718 258 1749 Antonius,
275 1719 297 1744 si
313 1717 376 1744 haec
390 1726 451 1744 vere
461 1727 475 1744 a
486 1717 579 1744 Catulo
591 1717 661 1744 dicta
675 1722 748 1749 sunt,
762 1718 810 1744 tibi

19 1762 122 1781 mecum
136 1755 163 1781 in
178 1754 270 1781 eodem
284 1759 324 1781 est
337 1756 463 1790 pistrino,
481 1755 586 1786 Crasse,
608 1755 768 1788 vivendum,
785 1760 810 1782 et

18 1791 94 1819 istam
111 1793 266 1819 oscitantem
287 1791 322 1829 [et
339 1791 535 1828 dormitantem]
555 1793 713 1827 sapientiam
732 1793 810 1819 Scae-

18 1829 138 1856 volarum
160 1834 186 1856 et
206 1834 352 1856 ceterorum
380 1830 516 1856 beatorum
542 1831 595 1856 otio
619 1830 807 1857 concedamus.

21 1867 76 1894 115.
97 1867 193 1893 Arrisit
215 1867 258 1893 hic
280 1866 392 1894 Crassus
411 1867 504 1893 leniter
525 1872 563 1898 et,
588 1868 697 1894 Pertexe
720 1869 806 1899 modo,

17 1903 113 1939 inquit,
129 1904 235 1935 Antoni,
247 1904 318 1939 quod
333 1913 445 1931 exorsus
459 1912 496 1930 es.
520 1905 561 1930 Me
575 1909 663 1931 tamen
677 1905 726 1931 ista
740 1906 810 1932 osci-

18 1944 75 1968 tans
85 1942 223 1976 sapientia,
237 1941 400 1977 simulatque
410 1941 443 1968 ad
453 1950 510 1968 eam
523 1941 676 1977 confugero,
689 1943 716 1969 in
729 1942 809 1970 liber-

18 1981 94 2004 tatem
111 1978 264 2005 vindicabit.

72 2015 195 2042 XXXIV.
217 2016 303 2041 Huius
321 2015 431 2051 quidem
451 2015 513 2048 loci,
540 2025 621 2051 quem
646 2017 723 2044 niodo
746 2027 807 2044 sum

16 2061 137 2083 exorsum
154 2052 197 2078 hic
210 2057 249 2078 est
264 2053 337 2084 linis,
354 2053 442 2088 inquit
455 2053 599 2086 Antonius3
624 2055 751 2089 quoniam
767 2055 808 2081 in-

17 2089 154 2125 telligitur,
171 2098 222 2116 non
236 2090 263 2116 in
278 2089 416 2116 hominum
430 2091 673 2118 innumerabilibus
687 2093 807 2127 personis

0 2127 1 2140 ³
16 2135 103 2163 neque
116 2128 142 2153 in
157 2127 259 2153 infinita
273 2131 421 2162 temporum
436 2128 568 2160 varietate,
581 2128 665 2155 sedin
678 2138 807 2165 generum

16 2165 118 2191 caussis
132 2169 211 2199 atque
226 2165 327 2190 naturis
337 2165 425 2191 omnia
436 2165 485 2191 sita
497 2174 563 2197 esse,
576 2167 682 2201 quaein
692 2166 806 2194 dubium

17 2206 185 2234 vocarentur,
213 2210 309 2237 genera
323 2206 411 2228 autem
426 2210 484 2228 esse
501 2202 622 2234 delinita,
648 2212 700 2230 non
718 2204 806 2231 solum

17 2246 139 2270 numero,
155 2238 202 2265 sed
216 2239 295 2265 etiam
310 2239 454 2274 paucitate3
484 2244 512 2266 ut
525 2248 583 2266 eam
599 2242 734 2267 materiem
749 2250 807 2268 ora-

17 2275 107 2307 tionis,
127 2284 196 2311 quae
209 2277 341 2311 cuiusque
355 2281 424 2302 esset
437 2277 554 2312 generis,
575 2277 688 2305 studiosi
702 2279 749 2314 qui
765 2287 807 2305 es-

16 2317 73 2340 sent
86 2313 204 2343 dicendi,
230 2313 357 2340 omnibus
372 2313 435 2340 locis
453 2314 625 2349 descriptam,
650 2315 806 2342 instructam

16 2353 187 2386 ornatamque
200 2350 468 2385 comprehenderent,
490 2351 570 2378 rebus
587 2352 647 2379 dico
661 2357 687 2379 et
699 2358 807 2379 senten-

17 2386 69 2414 tiis.
111 2388 166 2414 116.
189 2388 241 2414 Eae
261 2388 285 2414 vi
304 2397 352 2414 sua
371 2388 451 2414 verba
470 2389 584 2422 parient,
609 2397 678 2424 quae
701 2398 806 2425 semper

16 2424 80 2450 satis
93 2429 182 2451 ornata
196 2425 262 2451 mihi
276 2425 387 2460 quidem
406 2425 490 2451 videri
508 2425 607 2457 solent,
632 2426 654 2452 si
673 2427 804 2453 eiusmodi
827 2429 829 2439 ¹

16 2465 86 2493 sunt,
102 2466 132 2488 ut
143 2470 173 2488 ea
187 2470 228 2488 res
242 2462 299 2497 ipsa
314 2463 449 2498 peperisse
463 2462 591 2489 videatur.
613 2462 658 2495 Ac,
674 2464 696 2490 si
712 2473 804 2490 verum
827 2483 829 2492 .

16 2498 155 2561 qluaeritis,
179 2499 252 2534 quod
271 2499 335 2526 mihi
354 2499 465 2535 quidem
480 2499 614 2526 videatur:
642 2501 719 2535 (nihil
734 2501 805 2527 enim

16 2542 31 2561 a
41 2534 88 2562 iud
101 2535 231 2563 affirmare
245 2545 364 2571 possum,
378 2537 429 2564 nisi
443 2537 601 2563 sententiam
615 2542 641 2564 et
653 2538 805 2573 opinionem
827 2534 829 2573 J

17 2572 127 2608 meam:)
149 2573 198 2600 hoc
219 2574 427 2601 instrumentum
448 2582 604 2600 caussarum
628 2579 654 2601 et
675 2583 804 2611 generum
826 2578 830 2620 J

16 2608 200 2637 universorum
214 2611 241 2637 in
257 2610 342 2638 sorum
361 2611 463 2638 deferre
481 2611 624 2642 debemus,
650 2620 750 2647 neque,
777 2617 806 2639 ut
827 2621 828 2635 2

16 2652 135 2682 quaeque
149 2656 190 2674 res
204 2647 288 2674 delata
303 2648 334 2674 ad
351 2657 397 2675 nos
411 2649 468 2680 erit,
493 2653 548 2675 tum
563 2648 679 2684 denique
693 2650 804 2676 scrutari
827 2639 829 2676 l

835 2213 837 2261 l

835 2291 837 2334 l

836 1950 837 1953 ¹
860 1950 913 1977 que
931 1950 958 1968 re
976 1942 1076 1968 dicant.

836 1985 838 1993 ’
859 1987 908 2015 ego
926 1979 1054 2011 admiror,
1080 1982 1219 2015 proposuit
1236 1981 1367 2016 quosdam
1391 1982 1473 2012 locos,
1499 1991 1532 2009 ex
1553 1983 1654 2017 quibus

1614 122 1654 145 {Ul

869 187 952 218 locos,
973 196 1007 214 ex
1020 188 1120 222 quibus
1135 193 1290 223 argumenta
1304 197 1442 215 eruamus:
1467 198 1537 224 quae
1550 190 1660 225 quidem

868 225 1002 256 omnibus,
1017 225 1063 259 qui
1078 233 1108 250 ea
1122 226 1288 252 mediocriter
1302 226 1380 252 modo
1390 227 1590 258 considerarint,
1603 233 1662 254 stu-

868 261 912 288 dio
926 262 1045 288 adhibito
1059 267 1084 288 et
1098 271 1158 294 usu,
1174 267 1329 297 pertractata
1343 272 1402 290 esse
1416 269 1541 298 possunt,
1561 265 1608 291 sed
1623 270 1662 291 ta-

868 307 929 325 men
948 300 1054 325 animus
1072 299 1226 326 referendus
1245 305 1284 326 est
1302 300 1335 327 ad
1353 310 1383 327 ea
1400 302 1485 336 capita
1503 306 1529 328 et
1542 302 1575 328 ad
1589 302 1659 332 illos,

837 340 838 350 ¹
868 345 936 370 quos
950 345 1029 371 saepe
1044 337 1096 362 iam
1110 337 1252 372 appellavi,
1269 337 1348 369 locos,
1364 347 1399 364 ex
1411 339 1512 374 quibus
1526 340 1614 365 omnia
1628 340 1662 365 ad

868 382 974 399 omnem
987 375 1131 400 orationem
1145 376 1252 401 inventa
1266 375 1409 402 ducuntur.
1433 377 1490 402 147.
1510 376 1597 411 Atque
1613 377 1662 403 hoc

868 415 952 436 totum
972 415 1011 437 est
1028 412 1086 437 sive
1104 412 1167 437 artis
1185 413 1243 438 sive
1261 413 1500 440 animadversionis
1518 414 1575 440 sive
1598 423 1663 440 con-

867 448 1020 474 suetudinis
1034 457 1112 474 nosse
1126 449 1261 484 regioneS,
1285 451 1353 476 intra
1371 459 1438 485 quas
1454 459 1548 477 venere
1562 456 1587 477 et
1601 460 1661 486 per-

869 486 994 520 vestiges,
1011 485 1084 520 quod
1098 494 1219 520 quaeras.
1255 487 1304 513 Ubi
1319 496 1381 514 eum
1396 488 1483 514 locum
1498 496 1603 514 omnem
1617 497 1662 515 co-

866 523 993 558 gitatione
1007 524 1131 557 sepseriS,
1148 524 1171 549 si
1186 524 1264 550 modo
1278 533 1358 551 usum
1374 534 1461 551 rerum
1477 525 1658 560 percassueris,

867 559 934 585 nihil
949 564 974 586 te
987 559 1103 595 effugiet,
1120 564 1199 594 atque
1213 570 1303 592 omne,
1323 563 1396 596 quod
1410 563 1459 588 erit
1474 563 1500 589 111
1516 571 1551 594 re,
1567 572 1661 590 occur—

867 601 906 622 ret
919 601 998 631 atque
1012 597 1120 623 incidet.
1142 598 1254 625 XXXV.
1269 599 1302 625 Et
1316 600 1362 630 sic,
1376 609 1460 634 quum
1475 600 1508 626 ad
1522 601 1661 627 invenien-

867 634 932 660 dum
946 635 974 659 in
985 634 1097 660 dicendo
1108 635 1157 660 tria
1167 635 1233 661 sint:
1250 644 1370 667 acumen,
1383 637 1480 663 deinde
1491 639 1564 668 ratio,
1578 647 1660 673 quam

867 671 935 702 licet,
948 671 971 697 si
986 671 1120 702 volumus,
1134 672 1301 706 appellemus
1317 679 1408 705 artem,
1423 676 1530 701 tertium
1544 675 1661 711 diligen-

867 709 916 740 tia;
933 717 985 734 non
999 717 1110 742 possum
1124 709 1249 744 equidem
1265 719 1316 736 non
1331 711 1438 746 ingenio
1453 713 1552 746 primas
1566 721 1660 738 conce-

835 749 836 755 *
866 745 941 777 dere;
958 745 1005 771 sed
1021 750 1107 772 tamen
1121 747 1212 780 ipsum
1227 747 1366 783 ingenium
1381 748 1519 784 diligentia
1533 750 1612 775 etiam
1627 759 1659 776 ex

866 783 986 809 tarditate
1000 783 1104 809 incitat:
1129 785 1185 810 148.
1202 784 1348 820 diligentia,
1362 786 1481 821 inquam,
1494 795 1562 821 quae
1573 795 1658 821 quum

865 821 991 846 omnibus
1005 820 1032 847 in
1046 821 1135 852 rebus,
1152 825 1208 847 tum
1223 822 1250 848 in
1264 823 1367 849 caussis
1381 822 1556 849 defendendis
1575 824 1660 858 pluri-

866 866 941 884 mum
956 857 1034 884 valet.
1069 858 1137 884 Haec
1150 859 1292 894 praecipue
1307 860 1416 886 colenda
1430 865 1470 887 est
1483 861 1574 893 nobis,
1595 861 1660 887 haec

865 904 972 930 semper
985 895 1150 929 adhibenda3
1176 896 1252 927 haec,
1278 897 1346 923 nihil
1361 902 1413 929 est,
1433 898 1507 933 quod
1520 907 1572 925 non
1586 907 1660 924 asse-

865 937 972 967 quatur.
995 932 1095 959 Caussa
1108 938 1138 959 ut
1152 934 1268 968 penitus.
1285 935 1357 969 quod
1371 935 1447 962 initio
1460 935 1525 966 dixi,
1539 940 1599 962 nota
1613 937 1656 963 sit.

865 970 1003 1005 diligentia
1017 975 1070 1003 est,
1097 975 1126 997 ut
1140 971 1323 998 adversarium
1338 977 1435 999 attente
1448 973 1603 1004 audiamus,
1620 978 1660 999 at-

864 1016 916 1042 que
932 1012 961 1033 ut
978 1008 1037 1033 eius
1055 1016 1108 1034 non
1126 1008 1213 1034 solum
1232 1010 1390 1041 sententias,
1416 1010 1463 1036 sed
1481 1011 1560 1036 etiam
1579 1011 1659 1036 verba

864 1045 952 1071 omnia
983 1045 1164 1079 excipiamus,
1198 1046 1289 1073 vultus
1320 1047 1436 1082 denique
1464 1048 1659 1082 perspiciamus

864 1090 968 1113 omnes,
994 1083 1042 1117 qui
1056 1091 1152 1109 sensus
1166 1084 1248 1109 animi
1262 1083 1422 1119 plerumque
1440 1085 1571 1116 indicant,
1597 1085 1659 1111 dili-

864 1157 916 1182 sibi
934 1156 980 1183 ille
999 1156 1102 1192 aliquid
1120 1158 1246 1192 proficere
1269 1159 1403 1190 videatur,
1429 1160 1570 1194 prudentia
1592 1158 1656 1195 estz]

864 1194 960 1220 deinde
979 1198 1008 1220 ut
1025 1195 1053 1220 in
1071 1195 1104 1221 iis
1123 1195 1200 1227 locis,
1226 1204 1294 1231 quos
1316 1205 1461 1231 proponam
1480 1197 1570 1232 paullo
1589 1202 1656 1232 post,

865 1231 1035 1266 pervolvatur
1053 1233 1172 1264 animus,
1197 1237 1226 1260 ut
1245 1242 1274 1259 se
1288 1235 1395 1268 penitus
1408 1235 1526 1260 insinuet
1539 1235 1566 1260 in
1580 1243 1659 1261 caus-

864 1278 930 1300 sam,
946 1273 976 1295 ut
989 1269 1024 1295 sit
1037 1278 1099 1295 cura
1111 1274 1135 1296 et
1145 1271 1302 1306 cogitatione
1313 1272 1440 1302 intentus⁷
1454 1272 1591 1307 diligentia
1603 1277 1655 1298 est:

865 1310 893 1332 ut
908 1306 949 1332 his
964 1307 1044 1332 rebus
1058 1307 1191 1339 adhibeat,
1211 1312 1347 1343 tamquam
1362 1309 1452 1335 lumen
1467 1309 1584 1344 aliquod,
1602 1318 1659 1335 me-

834 1344 835 1347 ’
865 1344 984 1375 moriam,
997 1348 1026 1370 ut
1040 1353 1140 1376 vocem,
1154 1349 1184 1371 ut
1198 1346 1276 1377 vires,
1290 1346 1428 1382 diligentia
1442 1351 1490 1372 est.
1516 1348 1572 1373 ⁴50.
1590 1347 1659 1373 Inter

864 1381 1002 1416 ingenium
1020 1381 1130 1416 quidem
1150 1387 1174 1409 et
1192 1383 1359 1419 diligentiam
1382 1384 1583 1418 perpaullulum
1608 1384 1658 1410 loci

864 1418 999 1453 reliquum
1013 1423 1054 1444 est
1067 1420 1125 1445 arti.
1147 1419 1197 1446 Ars
1211 1420 1374 1447 demonstrat
1388 1425 1500 1452 tantum,
1515 1422 1560 1447 ubi
1575 1430 1659 1456 quae-

864 1464 915 1486 ras,
932 1460 1011 1490 atque
1025 1455 1072 1482 ubi
1086 1457 1121 1482 sit
1134 1456 1211 1488 illud,
1227 1457 1300 1492 quod
1314 1458 1422 1484 studeas
1435 1459 1570 1491 invenire,
1596 1459 1657 1485 reli-

863 1501 916 1527 qua
930 1497 993 1519 sunt
1007 1493 1034 1519 in
1048 1502 1120 1525 cura,
1137 1495 1278 1521 attentione
1293 1496 1384 1526 animi,
1400 1496 1570 1531 cogitatione,
1588 1496 1658 1531 vigi-

864 1530 952 1561 lantia,
965 1530 1128 1557 assiduitate.
1143 1531 1244 1564 labore;
1260 1532 1420 1567 complectar
1434 1542 1487 1559 uno
1501 1533 1589 1561 verbo.
1603 1541 1658 1568 quo

862 1576 941 1602 saepe
961 1568 1013 1593 iam
1032 1568 1075 1594 usi
1094 1577 1204 1600 sumus,
1230 1569 1382 1605 diligentia;
1406 1579 1458 1605 qua
1483 1579 1535 1596 una
1560 1571 1658 1596 virtute

862 1613 954 1631 omnes
969 1605 1080 1631 virtutes
1094 1605 1212 1641 reliquae
1226 1608 1403 1633 continentur.
1440 1609 1496 1633 151.
1519 1608 1584 1634 Nam
1599 1616 1658 1633 ora-

863 1642 941 1668 tionis
954 1642 1065 1677 quidem
1079 1643 1153 1678 copia
1169 1644 1292 1670 videmus
1304 1649 1333 1670 ut
1346 1644 1482 1671 abundent
1493 1645 1654 1679 philosophi,

861 1680 918 1714 qui,
932 1684 961 1706 ut
974 1680 1068 1714 opinor
1077 1680 1135 1715 (sed
1149 1686 1176 1707 tu
1192 1681 1264 1712 haec,
1278 1681 1378 1713 Catule,
1391 1681 1498 1717 melius)
1510 1682 1582 1708 nulla
1594 1683 1658 1708 dant

862 1722 1000 1752 praecepta
1019 1717 1138 1749 dicendi,
1164 1727 1211 1745 nec
1230 1719 1328 1745 idcirco
1342 1720 1445 1750 minus,
1470 1728 1656 1754 quaecumque

861 1763 903 1780 res
917 1755 1051 1789 proposita
1065 1759 1113 1786 est,
1127 1757 1288 1791 suscipiunt,
1302 1756 1334 1783 de
1344 1765 1398 1792 qua
1411 1757 1517 1791 copiose
1531 1762 1556 1783 et
1570 1757 1657 1783 abun-

861 1792 953 1818 danter
968 1792 1118 1826 loquantur.

916 1829 1040 1856 XXXVI.
1060 1831 1115 1857 ⁴52.
1132 1831 1200 1857 Tum
1215 1831 1334 1862 Catulus,
1351 1832 1406 1862 Est,
1424 1833 1520 1867 inquit,
1535 1838 1563 1859 ut
1577 1832 1653 1860 dicis.

861 1867 971 1898 Antoni,
997 1872 1027 1893 ut
1039 1867 1161 1902 plerique
1176 1868 1330 1904 philosophi
1345 1869 1417 1896 nulla
1433 1869 1536 1896 tradant
1550 1879 1656 1904 praece-

861 1909 904 1940 pta
918 1904 1033 1935 dicendi.
1050 1909 1075 1931 et
1089 1905 1203 1932 habeant
1217 1911 1337 1940 paratum
1354 1912 1449 1938 tamen,
1463 1907 1528 1942 quid
1543 1908 1575 1934 de
1589 1917 1656 1942 qua-

1117 1943 1170 1969 Sed
1188 1944 1356 1976 Aristoteles,
1382 1945 1418 1975 is,
1439 1953 1520 1979 quem
1539 1946 1655 1971 maxime

859 2017 947 2044 omnis
965 2019 1115 2052 argumenti
1135 2019 1190 2049 via,
1215 2028 1266 2045 non
1287 2019 1364 2045 niodo
1382 2019 1414 2045 ad
1433 2020 1654 2054 philosophorum

859 2055 1076 2089 disputationem,
1088 2055 1135 2082 sed
1149 2056 1228 2082 etiam
1243 2056 1276 2082 ad
1290 2056 1365 2087 hanc,
1379 2066 1431 2092 qua
1443 2057 1469 2083 in
1484 2058 1586 2083 caussis
1603 2059 1655 2083 uti-

859 2101 928 2123 mur,
944 2092 1121 2121 inveniretur:
1144 2102 1157 2119 a
1171 2102 1226 2128 quo
1238 2093 1348 2128 quidem
1363 2094 1470 2120 homine
1485 2095 1651 2125 iamdudum.

859 2130 969 2160 Antoni,
996 2139 1047 2156 non
1065 2130 1169 2157 aberrat
1181 2131 1265 2157 oratio
1279 2136 1337 2162 tua,
1362 2133 1419 2157 sive
1435 2136 1461 2158 tu
1476 2132 1654 2158 similitudine

860 2167 932 2193 illius
951 2167 1037 2193 divini
1056 2167 1157 2202 ingenii
1172 2168 1199 2194 in
1213 2168 1305 2194 eadem
1321 2169 1435 2195 incurris
1453 2169 1578 2203 vestigia,
1595 2170 1653 2195 sire

858 2205 937 2231 etiam
953 2204 997 2230 illa
1011 2205 1069 2238 ipsa
1088 2205 1177 2240 legisti
1197 2210 1276 2240 atque
1294 2205 1425 2237 didicisti,
1451 2206 1522 2241 quod
1542 2207 1652 2240 quidem

859 2242 944 2277 magis
959 2242 1014 2267 veri
1028 2241 1116 2268 simile
1131 2242 1246 2269 videtur.
1268 2242 1332 2269 Plus
1346 2243 1416 2269 enini
1433 2248 1455 2269 te
1466 2252 1559 2277 oper-*w
1571 2244 1653 2269 Grae-

858 2279 896 2305 cis
910 2279 1017 2305 dedisse
1031 2279 1111 2305 robus
1126 2279 1212 2310 video,
1225 2288 1307 2314 quam
1320 2285 1485 2314 putaranius.
1512 2282 1566 2306 153.
1584 2281 1651 2306 'I'um

858 2316 916 2347 ille,
934 2316 1046 2346 Verum,
1063 2317 1160 2351 inquit,
1176 2325 1209 2343 ex
1224 2325 1266 2342 nio
1279 2317 1381 2348 audies,
1399 2317 1500 2343 Catule.
1541 2318 1653 2352 Semper

857 2362 906 2389 ego
925 2353 1090 2384 existimavi,
1116 2353 1301 2380 iucundiorem
1321 2359 1346 2380 et
1364 2354 1568 2388 probabiliorem
1589 2355 1652 2381 huic

859 2390 958 2425 populo
970 2394 1098 2416 oratorem
1119 2390 1185 2420 l'oro,
1210 2391 1258 2425 qui
1277 2391 1393 2425 primuni
1412 2400 1493 2426 quam
1513 2392 1651 2418 minimam

857 2428 959 2454 artiticii
979 2427 1107 2457 alicuius,
1133 2427 1229 2454 deinde
1252 2428 1352 2454 nullam
1377 2429 1538 2454 Graecarum
1562 2438 1651 2455 reruni

857 2465 1078 2499 significationem
1096 2464 1179 2490 daret.
1220 2465 1306 2499 Atque
1326 2465 1395 2491 idem
1415 2474 1464 2501 ego
1487 2467 1649 2495 existiman.

858 2502 968 2537 pecudis
982 2510 1053 2532 esse,
1080 2510 1131 2527 non
1147 2501 1275 2532 hominis,
1300 2511 1385 2537 quum
1404 2507 1487 2529 tantas
1502 2512 1543 2530 res
1557 2505 1650 2530 Graeci

857 2539 1033 2574 susciperent,
1048 2539 1240 2572 prolitereutur,
1253 2545 1361 2574 agerent
1372 2549 1487 2575 seseque
1500 2546 1526 2568 et
1541 2541 1647 2567 vidend·

858 2586 899 2602 res
912 2576 1118 2603 obscurissimas
1132 2580 1158 2602 et
1171 2576 1238 2602 bene
1253 2577 1360 2603 vivendi
1375 2582 1400 2604 et
1417 2579 1524 2612 copiose
1542 2578 1648 2604 dicendi

857 2614 983 2640 rationem
1001 2614 1110 2639 daturos
1129 2613 1283 2640 hominibus
1302 2614 1502 2649 pollicerentur.
1529 2624 1579 2642 nou
1603 2616 1649 2641 ad—

858 2660 962 2677 movere
980 2660 1070 2678 aurem
1090 2655 1127 2682 et,
1152 2651 1174 2677 si
1194 2651 1279 2686 palam
1295 2651 1386 2678 audire
1401 2662 1445 2679 eos
1461 2662 1511 2679 uon
1526 2653 1645 2680 :nuh-res.
