1941 3052
279 115 340 139 tftuz
839 112 894 136 isai.
930 111 963 136 M.
998 111 1028 136 T.
1062 111 1081 136 (j

277 184 348 209 enirn
362 182 447 217 petis‘?
467 181 637 215 Principibus
648 180 784 206 civitatis?
798 181 845 214 qni
858 181 905 206 tibi
915 202 920 211 ‚
937 189 1022 215 quum
1035 182 1064 208 L.

276 220 409 246 Vulcatius
419 219 511 244 consul
526 220 550 244 in
563 218 675 243 oonsilio
686 217 789 247 fuisset,
798 218 943 251 impetendi
955 218 1065 252 quidem

275 262 429 292 poti-statem
442 265 500 281 esse
513 255 662 280 voluerunt.
695 255 713 280 A
727 255 913 280 svnnturibus‘?
923 255 970 290 qui
983 260 1006 281 te
1017 264 1067 281 au-

274 295 392 320 ctoritate
404 303 461 322 ntia,
470 292 612 326 spoliatum
624 293 786 317 ornamentis
797 292 934 323 omnibus,
944 292 1063 319 vinctum

276 341 357 366 pan-m·
371 330 500 356 ¹Urit-sinis
516 329 664 354 oratoribus
678 328 851 354 tradiderunt.
893 330 933 355 ΑΙ)
947 331 1065 364 equestri
1088 351 1089 354 ,

273 368 384 394 ‹minu—1¹
403 375 482 401 quem
496 366 644 392 trucidasti.
686 366 704 391 A
718 365 814 400 pit-lie‘?
826 367 869 392 cui
882 367 1064 401 spectaculum

273 405 406 431 eiusmodi
420 410 461 430 tua
473 403 617 429 erudelitas
629 403 765 436 praebuit,
788 408 815 429 ut
834 412 910 430 nemo
921 406 979 431 sinc
992 404 1063 431 luctu

273 443 401 477 aspicere,
418 441 475 466 sinc
486 441 587 475 gemitu
600 440 730 466 recordari
746 445 844 474 posset.

332 481 369 505 42.
385 477 460 510 Quod
472 482 560 512 caput,
576 478 722 503 etiamtum
736 477 844 512 pienum
857 479 960 504 animae
973 483 997 504 ct
1007 479 1064 512 spi·
1086 501 1087 509 ,

273 517 352 546 ritus,
371 515 402 541 ad
414 514 516 541 Sullam
530 523 614 549 usque
630 515 663 540 ab
678 514 795 541 laniculo
810 515 842 541 ad
857 515 949 541 aedem
962 515 1064 550 Apolli·
1085 546 1093 560 ¹

1085 561 1093 570 ἰ
1114 556 1232 576 coniicere.

273 553 314 580 nis
327 552 450 579 manilius
464 553 519 586 ipse
531 552 588 577 suis
599 551 704 578 ‹lt-tulit,

330 592 368 616 lii.
390 590 474 621 Quis?
489 594 514 615 tu
528 594 601 624 potes
615 589 640 615 in
652 588 808 615 defensione
820 593 863 616 tua
875 589 976 620 dicere,
990 589 1062 625 quod

272 627 311 654 illi
323 636 356 654 ne
367 627 494 653 dixerunt
503 625 632 661 quidem?
644 626 692 652 tibi
703 626 792 652 dicere
804 635 855 653 non
868 626 978 654 licebit?

535 681 566 697 ιετ
586 681 696 699 nuno
717 682 796 698 rosr:

329 714 368 739 tt.
391 713 510 747 Denique
521 712 560 738 illi
573 721 668 748 negare
681 718 832 747 potuerunt,
845 719 870 740 et
882 718 1059 747 negaverunt:

272 755 299 777 tu
313 750 362 776 tibi
379 758 411 776 ne
428 749 560 776 infitiandi
575 750 685 784 quidem
702 751 884 785 impudentiae
898 747 983 777 lot-nm
1000 751 1063 777 reli·
1083 759 1091 786 j¹

269 787 364 822 quisti.
404 786 490 818 Quare
503 787 635 821 praeclara
647 787 770 814 dicentur
786 788 885 814 iudicia
902 788 1009 818 tulisse.
1027 788 1059 818 si.
1083 791 1085 807 ⁴

269 825 317 859 qui
330 824 487 850 infitiantem
496 825 622 850 Luscium
633 825 853 856 condemnarunt,
862 825 1003 852 Catilinam
1015 825 1062 851 ab·
1083 842 1085 849 2

269 861 399 888 solverint
408 862 586 888 confitentem.

329 900 368 925 45.
391 900 414 925 ls
425 908 488 934 ergo
499 904 590 934 negat,
613 908 641 925 se
658 900 780 935 ignarum
792 908 864 926 esse:
886 908 971 934 quum
983 900 1061 925 ctiam

270 935 324 967 illi,
342 936 479 971 imperitos
493 945 522 962 se
539 937 661 963 homines
672 945 730 963 esse
746 942 784 966 et.
802 937 918 971 siquem
929 938 1008 963 etiam
1021 937 1063 963 in-

237 976 241 983 '
270 973 444 1003 tersccissciit,
462 975 613 1008 imperatori
625 983 654 1000 ac
666 974 787 1000 dictatori
799 975 921 1008 paruisse
932 974 1060 1000 dicerent.

269 1011 305 1036 Ac
318 1019 412 1046 negare
424 1019 532 1045 quoque
543 1020 635 1046 posse:
657 1011 798 1038 Catilinam
813 1020 876 1038 vero
890 1012 998 1038 infitiari
1010 1020 1061 1037 non
1084 1039 1085 1047 ἵ

270 1056 357 1082 posse.
1084 1073 1085 1085 ,

326 1087 362 1110 ⁴6.
383 1085 454 1111 llanc
467 1089 494 1110 tu
507 1084 589 1111 habes
601 1085 769 1121 dignitatem,
785 1094 838 1120 qua
851 1085 933 1112 fretus
945 1094 987 1112 me
998 1094 1063 1112 con—

269 1122 366 1148 temnis
378 1127 403 1148 et
414 1122 550 1156 despicis?
563 1131 595 1148 an
607 1131 674 1153 eam,
687 1131 769 1157 quam
781 1122 883 1157 reliqua
896 1124 948 1149 vita
960 1132 988 1149 es
998 1131 1062 1149 con·
1083 1140 1085 1150 ι

267 1158 394 1185 secutus‘?
407 1168 492 1194 quum
506 1160 539 1185 ita
551 1160 652 1189 vixisti,
667 1164 756 1186 utnon
769 1165 838 1186 esset
850 1159 923 1186 locus
935 1165 987 1186 tam
999 1169 1062 1186 san-

267 1201 335 1225 ctus,
349 1205 402 1230 quo
415 1205 465 1222 non
477 1196 608 1223 adventus
620 1201 696 1228 tuus,
709 1198 789 1223 etiam
801 1206 885 1232 quum
897 1197 976 1233 culpa
987 1197 1062 1224 nulla
1083 1209 1084 1231 i

267 1234 399 1263 subesset.
413 1234 514 1259 crimen
527 1233 640 1260 afferret.
1083 1238 1085 1260 ἱ

325 1271 364 1296 47.
385 1270 475 1302 Quum
495 1270 731 1306 deprehendebare
752 1272 779 1298 in
800 1271 952 1304 adulteriis;
975 1280 1060 1306 quum
1083 1278 1091 1297 ¹.

267 1307 487 1342 depreliendebas
498 1308 632 1335 adulteros
645 1309 715 1343 ipse:
733 1317 819 1343 quum
830 1309 1061 1344 exeodemstupro
1083 1312 1091 1341 ἐξ

267 1345 316 1371 tibi
326 1349 352 1370 et
363 1353 472 1371 uxorem
484 1350 510 1372 et
522 1345 603 1372 filiam
616 1346 753 1372 invenisti.
1082 1345 1084 1372 5

325 1383 364 1408 48.
387 1381 417 1395 ⁸*
428 1384 529 1417 stupris
543 1392 572 1409 se
587 1383 715 1409 omnibus
730 1392 760 1409 ac
775 1383 884 1419 flagitiis
895 1384 1061 1410 contamina·
1082 1378 1083 1429 l

265 1419 318 1450 vit,
341 1418 421 1445 caede
437 1420 536 1446 nefaria
547 1421 711 1451 cruentavit,
729 1420 842 1456 diripuit
857 1422 957 1452 socios,
976 1421 1057 1457 leges,
1082 1431 1083 1458 ζ

265 1457 445 1491 quaestiones,
463 1457 562 1483 iudicia
574 1457 695 1484 violavit.
1081 1459 1083 1492 l

321 1494 361 1520 ⁴9.
380 1493 451 1526 Quid
467 1503 529 1530 ego,
546 1500 576 1521 ut
591 1494 733 1521 violaveris
749 1496 929 1529 provinciam,
952 1495 1060 1529 praedi·
1081 1497 1083 1522 j

264 1539 336 1562 cem,
359 1536 454 1557 cuncto
469 1532 567 1566 populo
582 1532 700 1558 Romano
715 1532 846 1559 clamante
861 1542 891 1559 ac
902 1532 1060 1559 resistente?

264 1568 345 1598 Nam,
364 1573 393 1594 ut
404 1573 427 1594 te
439 1568 495 1595 illic
505 1569 636 1604 gesseris,
651 1578 701 1596 non
714 1569 799 1596 audeo
810 1570 912 1601 dicere,
930 1571 1058 1605 quoniam

264 1604 404 1632 absolutus
415 1614 453 1632 es.
493 1607 617 1633 Mentitos
628 1615 687 1632 esse
698 1607 803 1642 equites
813 1608 946 1634 Romanos
954 1628 960 1638 ,
978 1607 1059 1634 falsas

264 1641 349 1668 fuisse
359 1642 463 1669 tabulas
475 1643 680 1670 honestissimae
692 1645 809 1671 civitatis
819 1646 958 1671 existimo:
983 1654 1060 1671 men·
1080 1666 1082 1669 .

265 1679 343 1705 titum
354 1678 386 1711 Q.
400 1680 535 1707 Metellum
548 1681 640 1711 Pium,
658 1682 796 1708 mentitam
807 1682 938 1713 Africam,
955 1682 1058 1708 vidisse
1080 1695 1081 1699 =

264 1721 328 1750 puto
340 1717 430 1743 nescio
441 1718 507 1752 quid
520 1717 580 1744 illos
591 1718 709 1749 iudices,
731 1720 779 1753 qui
795 1725 819 1746 te
836 1720 1004 1745 innocentem
1016 1720 1059 1745 iu-

263 1753 396 1780 dicarunt.
418 1754 440 1780 0
452 1755 541 1785 miser,
553 1756 601 1790 qui
613 1764 665 1782 non
676 1757 785 1787 sentias,
800 1756 846 1783 illo
857 1756 958 1783 iudicio
969 1761 994 1782 te
1006 1765 1057 1783 non

264 1790 430 1822 absolutum,
451 1800 546 1818 verum
565 1792 598 1819 ad
612 1793 721 1829 aliquod
736 1795 858 1822 severius
874 1793 1007 1821 iudicium
1027 1803 1058 1820 ac

264 1829 351 1855 maius
362 1829 528 1864 supplicium
541 1837 715 1858 reservatum.

317 1868 359 1893 20.
382 1868 517 1894 Praetereo
533 1868 610 1894 illum
626 1868 758 1895 nefarium
774 1874 898 1895 conatum
920 1874 1010 1900 tuum,
1033 1875 1059 1896 et

264 1911 348 1937 paene
369 1904 495 1930 acerbum
517 1910 542 1931 et
558 1905 710 1932 luctuosum
726 1905 825 1940 populo
840 1907 958 1932 Romano
973 1906 1055 1937 diem,
1087 1931 1089 1936 ,

263 1948 362 1974 quum,
376 1941 424 1967 Cn.
438 1942 533 1968 Pisone
545 1943 630 1973 socio,
648 1951 736 1978 neque
747 1943 799 1969 alio
810 1943 932 1975 nemine,
947 1943 1057 1970 caedem
1080 1944 1088 1971 l*

263 1978 433 2011 optimatium
448 1978 532 2005 facere
544 1978 664 2005 voluisti.

316 2015 358 2040 2⁴.
379 2015 420 2041 An
432 2015 532 2042 oblitus
543 2024 585 2046 es,
602 2021 626 2042 te
638 2025 671 2042 ex
680 2024 737 2047 me,
749 2025 834 2051 quum
846 2021 998 2051 praeturam
1010 2026 1058 2052 pe-

262 2057 392 2082 teremus,
410 2053 522 2086 petisse,
535 2058 565 2079 ut
576 2053 625 2079 tibi
637 2054 755 2088 primum
767 2053 855 2080 locum
865 2054 1058 2081 concederem?

262 2088 338 2120 Quod
349 2097 434 2123 quum
446 2090 555 2124 saepius
565 2098 666 2126 ageres,
680 2095 706 2117 et
716 2091 902 2125 impudentius
913 2100 927 2117 a
939 2101 981 2118 me
992 2101 1041 2119 con

263 2125 397 2159 tenderes,
413 2127 570 2158 meministi,
584 2136 626 2154 me
638 2128 687 2154 tibi
700 2128 870 2163 respondere,
884 2129 1057 2164 impudenter

260 2168 286 2190 te
298 2162 396 2194 facere,
413 2164 461 2198 qui
474 2164 500 2190 id
512 2173 526 2190 a
538 2173 580 2191 me
591 2170 708 2199 peteres,
725 2165 798 2200 quod
812 2166 964 2192 avunculus
976 2175 1056 2193 num-

260 2208 342 2234 quam
354 2201 541 2236 impetrasset‘?
554 2202 656 2233 Nescis,
670 2211 712 2228 me
723 2208 871 2237 praetorem
882 2204 1001 2238 primum
1012 2213 1056 2230 es-

260 2246 289 2263 se
300 2237 410 2270 sactum,
426 2243 450 2265 te
461 2240 632 2266 concessione
643 2241 861 2275 competitorum,
879 2245 905 2267 et
915 2241 1055 2268 collatione
1084 2261 1086 2268 ι
1318 2270 1322 2274 ,
1729 2266 1734 2270 .
1848 2264 1853 2270 .

1077 2285 1078 2292 ι
1107 2278 1166 2296 mae
1178 2278 1286 2305 parcere
1297 2269 1418 2299 videbor,
1430 2276 1513 2303 quam
1524 2272 1600 2294 antea
1611 2265 1746 2293 consului.
1772 2266 1796 2291 4.
1811 2265 1900 2290 Priore

260 2276 452 2306 centuriarum,
465 2281 490 2302 et
500 2285 559 2303 meo
571 2277 688 2303 maxime
700 2277 840 2309 beneficio,
855 2285 870 2304 e
881 2284 1015 2312 postremo
1026 2281 1054 2306 in

260 2313 368 2339 tertium
380 2312 468 2340 locum
479 2321 538 2340 esse
549 2313 719 2341 sublectum‘?

517 2359 583 2381 (Dicit
592 2359 618 2378 de
627 2360 687 2378 malis
697 2360 795 2382 civibus.)

315 2384 357 2410 22.
379 2382 432 2415 Qui
444 2389 616 2419 posteaquam
628 2385 688 2416 illo,
705 2390 735 2412 ut
749 2386 838 2412 conati
851 2390 938 2416 erant,
956 2386 1054 2421 Hispa-

260 2419 346 2446 niensi
362 2421 530 2456 pugiunculo
547 2430 643 2448 nervos
663 2422 782 2449 incidere
802 2423 906 2449 civium
920 2423 1054 2450 Romano-

259 2464 318 2482 rum
339 2466 391 2484 non
413 2463 569 2492 potuerunt,
590 2459 658 2485 duas
678 2468 732 2486 uno
747 2464 866 2494 tempore
880 2465 1010 2487 conantur
1024 2461 1052 2487 in

1096 111 1337 138 let-:noxis

1094 181 1097 276 ψ
1154 183 1208 208 too.
1232 182 1375 209 t'ttitGM.
1397 182 1610 210 onArtoxts
1632 185 1704 211 t‘tto
1723 184 1876 212 TULLIO.

1370 240 1664 263 ,ιιιιιυΜκκτιήι

1094 277 1096 291 l

1171 277 1214 294 Set
1231 274 1296 294 liuiu-
1311 274 1418 295 untinni-
1435 276 1555 297 trumo-nt·
1573 277 1684 297 -dnmdu-
1704 284 1781 304 μιν..
1801 282 1822 297 et
1835 285 1909 298 eurum

1117 311 1202 337 quido-m
1214 310 1256 330 ιΙιιυ
1267 317 1278 329 ε
1287 309 1452 333 Quinctilium.
1464 318 1475 330 e
1486 311 1602 331 Pri-rinno
1612 317 1695 335 nutem,
1708 312 1835 335 Virtuti-m.
1853 314 1908 332 ssoe-

1117 345 1180 365 rinnn
1192 345 1282 372 Capella
1293 349 1314 364 et
1324 344 1441 365 Rufini-nu
1452 350 1524 365 teter·
1535 351 1662 373 nuper-nni
1671 362 1677 370 ,
1691 354 1755 373 quui·
1767 347 1822 367 uti·
1833 355 1909 368 ιιιιειιι

1086 400 1088 407 ⁴
1117 380 1213 400 eiu-dem
1225 387 1275 407 pern
1286 381 1314 404 (Ι.
1326 383 1346 400 4.
1365 387 1418 403 ..ure
1429 381 1531 407 'anniv'
1547 388 1615 407 usque
1625 382 1672 407 od}
1690 384 1723 402 22.
1746 384 1833 405 „Quum
1845 382 1910 402 mid

1086 412 1095 462 ζ1
1117 415 1138 435 in
1151 419 1247 441 turum··)
1263 422 1274 435 e
1288 414 1363 435 cudite
1374 415 1520 436 Ambra-inum
1533 415 1624 442 primum
1639 416 1699 436 odite
1713 420 1746 436 ent
1756 417 1877 437 Matini-ni
1888 424 1908 436 ι.

1117 454 1186 471 init:
1206 457 1261 476 queo
1279 457 1330 471 max
1345 457 1357 470 ι
1372 451 1473 475 venun·
1487 451 1570 471 ‹adid-
1586 451 1736 472 'ruriam-t.
1750 451 1910 479 supplem-ni·

1116 490 1178 506 ιιιτιι
1189 490 1222 506 ent
1233 492 1252 506 e.
1266 488 1317 506 1⁸2⁴
1354 488 1462 509 ‘Quantum
1474 486 1582 506 umhmi·
1592 486 1716 507 etiamnunc
1726 485 1870 510 desideretur.
1882 493 1909 507 τι

1115 521 1194 541 incerti
1214 520 1312 541 aucturis
1331 519 1425 545 Dialossc
1444 520 1470 541 :te
1489 521 1575 541 ‹uu-ut·
1589 525 1685 548 eurmpt.
1701 520 1758 548 ειυς,
1774 529 1793 541 e.
1807 524 1841 542 211.
1858 520 1909 542 tint

1169 592 1253 611 Cau-u
1264 594 1344 615 nutem,
1359 597 1414 617 quse
1429 590 1520 611 Metello
1535 593 1636 618 praetore
1653 598 1709 611 enno
1725 591 1760 615 tf..
1779 595 1802 611 ut
1813 591 1907 615 ridetur.

1114 627 1159 647 683.
1172 629 1220 646 nrt·
1229 630 1274 650 eat,
1294 629 1394 646 verentur
1408 625 1430 646 in
1446 625 1618 652 interpretandi·
1633 626 1705 647 verlei-
1717 626 1830 646 interdicti
1841 633 1853 646 ι
1863 627 1906 647 Lu-

1113 660 1171 681 culla:
1183 661 1292 688 propositi
1308 663 1342 680 nt
1365 663 1392 680 Vt
1414 663 1575 681 nonianus
1600 663 1736 681 Atinatis.
1762 662 1786 682 P.
1798 661 1855 681 ent·-
1867 661 1906 682 F·-

1114 696 1163 716 lniun
1174 699 1254 715 emerat
1265 695 1353 715 ιἰιιιιΙιιιιι
1365 693 1388 714 in
1399 700 1450 719 egro
1460 693 1571 717 Thurino.
1582 694 1617 715 eui
1628 695 1703 715 ursuni·
1713 699 1758 715 ent
1770 695 1908 720 M.'ruttim.

1113 731 1176 757 inque
1187 730 1243 751 Ιυιιιι1
1253 730 1320 751 dume
1331 729 1396 752 ιΙίιιι,
1408 736 1470 756 qnam
1483 728 1566 749 tie-‹ut-
1576 735 1595 749 ι.
1607 730 1651 749 ⁵72.
1663 736 1708 749 eon.
1738 730 1770 750 Ae
1781 734 1907 751 cuntrone-

1113 765 1147 786 ιὶι
1157 766 1183 785 de
1193 765 1255 786 fundi
1266 765 1347 785 finibu-
1359 768 1418 787 ortn,
1439 768 1459 784 et
1474 767 1537 784 nuru
1547 764 1575 783 ol·
1585 764 1707 784 aediticium
1719 764 1742 784 in
1753 765 1853 786 “nturi-
1864 767 1907 787 Po.

1113 800 1198 828 pilinnn
1214 803 1358 823 exstructum,
1367 799 1432 820 Fabii
1444 799 1530 819 funili-
1536 799 1692 819 seno-'ruini
1700 804 1787 826 praeter
1793 799 1907 821 Philinum

1113 843 1188 856 unine-
1199 835 1308 855 ueriti-nt
1318 838 1339 855 et
1349 838 1429 855 tectum
1439 833 1558 860 viliumque
1568 834 1738 855 «linurin-vent.
1757 835 1801 855 lun
1811 843 1875 861 quun
1882 836 1906 856 L.

1084 864 1085 871 *
1114 870 1219 894 Quintiuu
1231 869 1264 890 ul
1277 869 1403 894 (Quinctius,
1411 869 1474 890 Fabii
1486 874 1599 896 petronus,
1610 869 1659 889 iure
1669 873 1690 889 et
1700 869 1786 890 oeci-o·
1795 869 1907 891 ene'rut.

1113 905 1139 926 lii
1147 913 1230 929 uenus,
1238 904 1296 925 serti
1306 905 1418 925 cuiusdam
1431 903 1523 924 Fabi-ni
1534 904 1599 924 coede
1610 911 1679 930 nuper
1688 904 1824 931 inqui-uiuo,
1831 910 1852 925 et
1861 905 1908 925 di.-

1113 941 1224 961 turin-tum
1235 947 1285 960 ene
1294 939 1417 959 mittit-ium
1428 939 1576 962 contenderet.
1591 939 1667 959 einero
1678 939 1761 959 iniuria
1771 944 1792 960 et
1802 939 1853 960 datu
1862 947 1907 960 ιιι-

1113 975 1134 996 lo
1145 975 1166 996 ἰιΙ
1178 976 1258 995 factum
1269 982 1318 995 ene
1329 974 1368 994 ine
1378 973 1479 994 untione
1489 978 1580 994 eunntm
1591 979 1624 994 eut
1636 974 1759 995 ostendere.

1168 1040 1187 1066 1.
1212 1042 1234 1065 l.
1256 1035 1344 1065 Antea
1360 1040 1399 1064 sic
1412 1039 1479 1064 hanc
1490 1047 1613 1064 caussam
1626 1047 1698 1071 aqere
1708 1044 1853 1067 statueram,
1866 1048 1908 1064 re·-

1114 1081 1288 1110 cuperatores,
1321 1081 1348 1102 ut
1371 1078 1529 1108 infitiaturos
1558 1075 1726 1102 adversarios
1754 1076 1905 1106 arbitrarer,

1114 1119 1211 1140 tantam
1223 1113 1332 1140 caedem
1344 1118 1369 1139 et
1381 1118 1432 1139 tam
1445 1118 1558 1139 atrocem
1571 1112 1603 1138 ad
1617 1112 1746 1139 familiam
1757 1121 1833 1139 suam
1846 1121 1908 1148 per-

1113 1153 1207 1178 tinere.
1229 1152 1320 1185 ltaque
1332 1151 1421 1176 animo
1431 1149 1518 1176 soluto
1529 1159 1543 1175 a
1555 1158 1616 1175 cura
1629 1155 1678 1176 eta
1690 1151 1849 1185 cogitatione
1861 1158 1908 1176 ve-

1113 1197 1218 1219 neram,
1235 1187 1308 1223 quod
1323 1186 1522 1223 intelligebam.
1540 1186 1618 1213 facile
1632 1186 1659 1212 id
1672 1196 1713 1213 nie
1725 1186 1839 1213 testibus
1850 1186 1909 1222 pla-

1113 1235 1178 1252 num
1190 1225 1276 1252 facere
1287 1233 1375 1260 posse.
1416 1225 1493 1251 Nunc
1506 1233 1581 1255 vero,
1598 1229 1772 1259 posteaquam
1787 1233 1838 1251 non
1850 1233 1908 1250 mo-

1112 1263 1146 1289 do
1157 1262 1297 1289 confessus
1308 1267 1348 1289 est
1359 1262 1400 1288 vir
1410 1262 1555 1297 primarius
1567 1262 1596 1288 L.
1609 1261 1746 1294 Quintius,
1761 1264 1804 1288 sed
1816 1264 1867 1295 ipse
1878 1261 1906 1288 Ρ.

1113 1301 1208 1327 Fabius
1219 1309 1268 1326 non
1280 1302 1404 1326 dubitavit
1415 1301 1468 1330 hoc,
1482 1301 1548 1333 quod
1559 1302 1688 1332 arquitur,
1701 1300 1822 1332 confiteri,
1836 1300 1908 1332 lonqe

1111 1340 1166 1364 aliu
1178 1341 1278 1364 ratione
1293 1340 1327 1364 ad
1340 1338 1463 1370 ayendam
1476 1345 1592 1363 caussam
1603 1339 1683 1366 venio,
1695 1341 1772 1370 atque
1782 1339 1856 1362 initio
1865 1345 1908 1362 re-

1112 1384 1210 1401 neram.
1254 1376 1314 1401 Tum
1325 1377 1391 1401 enim
1401 1376 1431 1400 de
1441 1383 1469 1400 eo
1479 1373 1633 1400 laborabam
1642 1394 1648 1404 ,
1666 1378 1708 1404 ιιι,
1725 1373 1799 1409 quod
1810 1381 1908 1409 argue-

1112 1412 1188 1443 bam,
1209 1412 1236 1438 id
1253 1411 1352 1439 factum
1368 1419 1427 1438 esse
1441 1410 1623 1443 ostenderem,
1647 1419 1718 1437 nunc
1730 1411 1756 1437 in
1768 1419 1799 1437 eo
1809 1418 1908 1437 consu—

1112 1450 1208 1476 menda
1219 1454 1260 1476 est
1270 1450 1362 1480 oratio,
1375 1454 1447 1475 utne
1458 1448 1616 1479 adversarii,
1628 1447 1701 1483 quod
1712 1447 1822 1474 infitiari
1832 1446 1907 1474 nullo

1112 1487 1190 1514 modo
1206 1491 1363 1522 potuerunt,
1383 1495 1469 1521 quum
1486 1486 1603 1512 maxime
1617 1489 1760 1520 cuperent,
1778 1484 1806 1511 id
1821 1493 1907 1520 quum

1082 1526 1083 1539 ³
1111 1524 1227 1551 confessi
1238 1530 1310 1554 sunt,
1324 1523 1434 1550 meliore
1446 1523 1502 1550 loco
1513 1531 1572 1549 esse
1582 1522 1735 1549 videantur.
1768 1524 1794 1549 2.
1815 1522 1908 1557 ltaque

1081 1558 1083 1580 1
1111 1567 1167 1589 tum
1180 1567 1299 1588 vestrum
1311 1560 1451 1588 difficilius
1463 1560 1605 1591 iudicium.
1619 1568 1677 1587 mea
1689 1559 1775 1586 facilis
1786 1558 1907 1586 defensio

1088 1595 1090 1621 l
1111 1599 1165 1626 fore
1177 1599 1330 1626 videbatur.
1369 1599 1426 1634 Ego
1441 1598 1513 1625 enim
1528 1598 1618 1624 omnia
1629 1598 1657 1624 in
1669 1599 1776 1624 testibus
1783 1597 1908 1631 ponebam

1110 1642 1194 1667 (mica,
1206 1646 1274 1663 nunc
1285 1639 1311 1662 in
1323 1638 1476 1669 consessione
1487 1637 1633 1662 adversarii
1638 1645 1646 1660 .·
1667 1637 1740 1661 cuius
1751 1637 1778 1660 in
1788 1636 1814 1660 ci
1823 1635 1907 1660 auda—

1088 1679 1089 1688 *
1111 1677 1177 1703 ciue,
1194 1677 1220 1700 ιίι
1232 1676 1328 1700 iudicio
1339 1675 1509 1706 impudentiae
1519 1674 1639 1698 obsistere
1649 1681 1699 1698 non
1710 1673 1792 1697 nostri
1802 1673 1905 1704 ingenii,

1088 1702 1089 1731 l
1110 1713 1188 1737 vestri
1197 1712 1295 1737 auxilii
1305 1715 1348 1736 est.
1389 1710 1455 1736 Nam
1466 1708 1533 1744 quid
1544 1713 1585 1735 est
1595 1708 1711 1738 facilius,
1727 1716 1808 1743 quam
1819 1707 1852 1733 de
1864 1716 1904 1737 eo,

1088 1748 1089 1751 ’
1109 1748 1158 1783 qui
1168 1748 1322 1778 confitetur,
1337 1745 1474 1773 iudicare?
1488 1746 1555 1772 Mihi
1566 1751 1654 1772 autem
1666 1744 1778 1771 difficile
1789 1749 1829 1771 est
1839 1745 1905 1770 satis

1110 1785 1217 1819 copiose
1229 1785 1261 1811 de
1273 1793 1303 1811 eo
1314 1784 1412 1813 dicere,
1420 1782 1493 1818 quod
1505 1792 1553 1809 nec
1564 1783 1680 1809 atrocius
1691 1782 1782 1808 verbis
1793 1782 1906 1808 demon-

1109 1825 1186 1850 strari
1198 1826 1292 1858 potest,
1301 1830 1382 1857 quam
1396 1829 1422 1846 re
1435 1821 1492 1855 ipsa
1503 1825 1552 1850 est,
1561 1828 1648 1855 neque
1658 1820 1776 1854 apertius
1787 1819 1905 1845 oratione

1110 1869 1168 1887 mea
1180 1861 1246 1887 fieri.
1260 1869 1342 1895 quam
1354 1861 1474 1894 ipsorum
1486 1856 1654 1885 confessione
1667 1856 1766 1884 factum
1776 1861 1826 1883 est.

1165 1900 1189 1924 3.
1212 1898 1301 1929 Quum
1323 1898 1348 1923 in
1366 1897 1415 1923 hac
1431 1905 1471 1926 re,
1494 1904 1576 1930 quam
1591 1894 1813 1925 commemoravi,
1836 1892 1904 1920 mihi

1087 1943 1089 1946 ·
1110 1934 1236 1962 mutanda
1249 1935 1314 1961 ratio
1328 1933 1494 1960 defensionis
1509 1938 1558 1963 est,
1579 1938 1631 1959 tum
1646 1933 1842 1958 obliviscendum
1856 1939 1905 1964 pa-

1108 1981 1212 2005 rumper
1224 1975 1249 1998 in
1261 1973 1288 1998 P.
1300 1972 1381 1998 Fabio
1392 1972 1462 1997 iltius
1474 1972 1588 1996 lenitatis
1597 1978 1674 1999 meae,
1685 1978 1737 2003 qua
1749 1976 1809 1994 usus
1816 1970 1904 2001 priore

1108 2012 1207 2036 actione
1217 2012 1331 2035 animum
1341 2018 1358 2035 a
1370 2009 1491 2034 laedendo
1503 2016 1650 2033 revocarant
1657 2009 1709 2039 ipse
1714 2010 1736 2032 et
1744 2007 1902 2038 reste-reram,

1108 2052 1135 2072 ιιι
1147 2056 1196 2073 non
1207 2047 1299 2073 minus
1310 2045 1454 2081 diligenter
1470 2044 1545 2071 illius
1560 2043 1799 2073 existimationem,
1821 2050 1904 2077 quam

1108 2092 1164 2110 rem
1189 2085 1224 2110 M.
1247 2083 1329 2110 Tullii
1354 2082 1460 2109 viderer
1484 2080 1637 2108 defendere.
1677 2080 1755 2106 Nunc
1774 2079 1903 2114 quoniam

1107 2121 1234 2153 Quintius
1250 2121 1283 2147 ad
1299 2128 1422 2146 caussam
1435 2120 1567 2154 pertinere
1578 2118 1682 2153 putavit
1693 2125 1736 2143 res
1747 2117 1782 2143 ita
1793 2115 1900 2146 multas,

1108 2158 1188 2184 falsas
1200 2158 1357 2193 praesertim
1368 2162 1393 2183 et
1404 2157 1497 2191 inique
1508 2155 1647 2185 confictas,
1669 2153 1787 2189 proferre
1801 2153 1835 2180 de
1849 2153 1902 2179 vita

1107 2201 1132 2222 et
1144 2195 1265 2222 moribus
1276 2200 1301 2221 et
1312 2194 1510 2221 existimatione
1522 2194 1558 2219 M.
1570 2191 1662 2222 Tullii.
1675 2190 1768 2218 multis
1779 2190 1812 2217 de
1823 2198 1902 2216 caus-

1106 2234 1144 2259 sis
1157 2233 1224 2259 mihi
1236 2232 1335 2259 Fabius
1346 2231 1457 2257 debebit
1468 2231 1619 2266 ignoscere,
1641 2229 1665 2255 si
1680 2229 1772 2255 minus
1787 2229 1846 2254 eius
1862 2226 1902 2253 fa—

1106 2311 1205 2334 uctione
1219 2315 1303 2333 omnes
1318 2307 1421 2332 aculeos
1435 2308 1561 2331 orationis
1575 2312 1645 2330 meae
1657 2304 1799 2329 reconditos
1809 2303 1898 2327 nabun

1105 2347 1148 2371 sed
1159 2347 1280 2378 quoniam
1291 2346 1343 2376 [pse
1355 2343 1488 2374 Quintius,
1503 2345 1529 2368 in
1539 2344 1639 2367 actione
1649 2341 1695 2365 illa
1703 2341 1804 2373 priore,
1821 2342 1900 2380 puta-

1106 2381 1145 2408 vit
1158 2381 1191 2407 ad
1201 2380 1322 2407 officium
1333 2388 1415 2406 suum
1426 2380 1569 2414 pertinere,
1582 2377 1736 2404 adversario
1746 2374 1819 2402 nulla
1831 2383 1859 2401 in
1870 2383 1898 2400 re

1105 2426 1227 2453 parcere:
1249 2417 1318 2453 quid
1333 2426 1375 2443 me
1389 2421 1493 2451 oportet
1503 2415 1623 2442 Tullium
1639 2422 1687 2449 pro
1697 2412 1786 2455 Tullio
1800 2411 1896 2443 facere,

1106 2456 1214 2482 bomine
1228 2455 1370 2482 coniuncto
1385 2462 1505 2484 mecum,
1523 2461 1576 2479 non
1591 2452 1681 2478 minus
1695 2458 1798 2480 animo,
1815 2457 1897 2484 quam

259 2494 454 2528 rempublicam
467 2496 538 2522 sicas
548 2495 724 2532 destringere.

312 2532 354 2557 23.
376 2531 452 2558 Hunc
472 2541 520 2558 vos
541 2534 633 2560 scitote
649 2533 783 2560 Licinium
803 2532 979 2569 gladiatorem
997 2535 1052 2561 iam

259 2567 405 2594 immisisse
420 2569 550 2603 cupidum
566 2570 709 2601 Catilinae,
727 2570 845 2602 iudices,
866 2570 1052 2608 Quintumque

257 2602 369 2630 Curium
377 2625 383 2635 ,
397 2605 533 2632 hominem
543 2608 737 2641 quaestorium.

1103 2491 1231 2519 nomine?
1250 2493 1287 2518 Ac
1307 2491 1376 2518 mihi
1396 2491 1483 2526 magis
1498 2489 1568 2517 illud
1582 2486 1758 2515 laborandum
1778 2486 1895 2517 videtur,

1103 2534 1311 2565 recuperatores,
1325 2534 1363 2559 ut,
1376 2527 1449 2563 quod
1460 2532 1536 2554 antea
1546 2525 1616 2552 nihil
1627 2526 1654 2551 in
1667 2525 1748 2550 istum
1759 2523 1825 2553 dixi,
1834 2531 1897 2558 pro—

1103 2567 1167 2593 bare
1177 2567 1290 2602 possim,
1303 2574 1385 2601 quam
1397 2566 1425 2591 in
1436 2573 1467 2591 eo
1478 2562 1670 2599 reprehendar,
1682 2560 1755 2596 quod
1767 2560 1817 2587 boc
1827 2565 1897 2587 tem-

1103 2613 1166 2638 pore
1176 2603 1334 2639 respondeo.
1365 2604 1390 2629 5.
1405 2602 1505 2628 Verum
1518 2605 1544 2626 et
1555 2605 1611 2626 tum
1622 2598 1650 2625 id
1661 2597 1721 2629 feci,
1733 2597 1807 2632 quod
1817 2605 1896 2632 opor-

1731 2636 1798 2662 Nam
1809 2642 1894 2670 quum

1080 2659 1083 2664 -
1103 2641 1166 2673 tuit,
1184 2646 1210 2668 et
1224 2649 1297 2667 nunc
1311 2639 1422 2671 faciam,
1435 2637 1507 2675 quod
1519 2644 1627 2664 necesse
1642 2640 1691 2662 est.
