1941 3052
423 152 469 178 IN
502 152 701 179 VERREM
734 152 887 178 ACT.11.

75 233 138 255 sua,
158 222 313 250 contulisse.
353 223 390 249 Da
408 222 475 249 mibi
493 222 553 249 hoc.
593 223 648 249 Iam
663 222 712 249 tibi
726 223 870 249 maximam

76 265 177 297 partem
196 260 361 287 defensionis
380 260 551 294 praecideris.
591 260 648 287 Non
667 261 738 286 enim
760 260 868 294 poteris,

75 302 191 326 aratores
209 298 259 324 tibi
277 297 358 324 iratos
376 306 436 323 esse
453 302 533 332 atque
551 297 689 328 inimicos,
712 297 809 323 dicere.
849 296 871 323 O

75 345 200 364 caussam
211 334 390 370 singularem!
406 343 421 361 o
434 334 617 361 defensionem
628 335 754 361 miseram
768 343 797 360 ac
811 343 872 369 per-

75 373 173 401 ditam!
189 372 259 399 nolle
273 372 322 398 hoc
336 372 455 406 accipere
468 380 544 398 reum
555 372 588 398 ab
598 376 757 403 accusatore,
774 376 800 398 et
809 380 870 397 eum

77 419 161 442 reum,
177 410 225 445 qui
236 414 340 444 praetor
349 409 376 435 in
388 409 479 435 Sicilia
490 409 579 440 fuerit,
595 414 710 436 aratores
721 410 745 436 ei
756 413 870 435 statuam

76 457 125 475 sua
142 447 278 474 voluntate
296 447 436 477 statuisse3
464 451 579 473 aratores
597 447 630 473 de
649 455 680 473 eo
697 447 764 473 bene
778 447 872 472 existi-

76 493 162 516 mare,
178 485 278 511 amicos
292 492 365 515 esse,
382 483 487 510 salvum
501 492 561 510 esse
575 484 687 518 cupere!
715 484 822 514 Metuit,
840 491 872 509 ne

76 523 126 550 hoc
144 530 192 548 vos
210 522 385 554 existimetis3
414 521 536 547 obruitur
554 521 626 547 enim
644 525 775 547 aratorum
798 521 873 546 testi-

76 559 185 586 moniis.
227 560 284 585 452.
306 559 369 585 Utar
387 567 430 589 eo,
455 558 527 593 quod
547 559 634 584 datur.
675 558 750 584 Certe
768 558 818 584 hoc
836 559 872 583 ita

76 597 153 624 vobis
164 596 338 623 iudicandum
349 600 397 627 est,
414 604 467 626 eos,
484 596 531 630 qui
542 596 587 621 isti
600 595 783 621 inimicissimi
797 599 870 625 sunt,

75 638 106 661 ut
119 635 177 669 ipse
191 634 339 660 existimari
354 633 424 663 vult.
445 633 477 659 ad
497 633 575 659 istius
594 632 707 659 honores
721 636 802 666 atque
816 640 873 658 mo-

76 675 203 698 numenta
230 671 371 706 pecuniam
398 679 450 696 non
478 670 613 696 voluntate
639 678 687 695 sua
714 669 870 695 contulisse.

76 709 163 744 Atque
181 712 211 734 ut
229 709 278 735 hoc
296 712 381 734 totum
399 707 526 733 facillime
539 707 655 742 intelligi
669 707 767 741 possit,
790 715 871 741 quem

77 746 150 773 voles
164 754 256 772 eorum
270 746 393 776 testium,
410 753 478 779 quos
492 744 656 779 produxero
671 745 719 779 qui
734 753 767 770 ex
781 743 871 770 Sicilia

76 787 157 810 testes
175 783 241 813 sint,
266 783 324 809 sive
343 787 385 817 1ὲοι
388 786 474 813 atum
499 782 557 808 sive
576 781 697 808 Siculum
716 786 821 816 rogato,
847 785 873 807 et

76 829 152 851 eum,
172 821 219 855 qui
238 820 287 846 tibi
306 819 511 846 inimicissimus
531 827 589 845 esse
607 818 756 850 videbitur,
777 819 824 853 qui
843 827 872 844 se

75 857 219 893 spoliatum
238 857 286 883 abs
304 861 330 883 te
347 857 430 888 dicet,
455 856 553 891 ecquid
571 864 620 883 suo
634 857 742 882 nomine
756 856 782 882 in
798 860 871 882 tuam

75 899 190 922 statuam
209 894 360 921 contulerit.
401 894 542 920 Neminem
561 894 690 928 reperies,
711 894 758 928 qui
778 897 869 929 neget:

75 932 172 959 etenim
187 940 280 958 omnes
294 931 433 958 dederunt.
469 933 526 957 153.
541 931 710 966 Quemquam
725 931 808 967 igitur
822 939 873 965 pu-

75 974 115 996 tas
128 969 328 1000 dubitaturum,
350 969 416 1003 quin
434 969 471 1000 is,
491 977 573 1004 quem
588 969 635 995 tibi
650 969 871 995 inimicissimum

76 1015 134 1034 esse
148 1010 274 1041 oporteat,
290 1007 337 1041 qui
351 1007 399 1032 abs
413 1010 439 1032 te
452 1007 625 1041 gravissimas
639 1006 752 1032 iniurias
763 1014 873 1040 accepe-

76 1045 118 1076 rit,
134 1044 276 1079 pecuniam
290 1048 392 1070 statuae
406 1044 514 1070 nomine
527 1043 638 1074 dederit,
655 1045 682 1069 vi
696 1048 775 1078 atque
786 1045 872 1077 impe-

75 1082 115 1109 rio
128 1082 272 1111 adductus,
290 1090 342 1107 non
356 1081 443 1108 officio
456 1090 487 1107 ae
500 1080 655 1107 voluntate?
679 1081 712 1107 Et
726 1081 808 1107 liuius
823 1089 872 1116 ego

76 1120 213 1154 pecuniae,
230 1118 342 1149 iudices,
359 1127 428 1153 quae
442 1127 586 1154 permagna
601 1122 649 1149 est,
666 1118 872 1153 impudentissi-

76 1165 173 1192 meque
186 1160 274 1182 coacta
288 1156 321 1182 ab
335 1156 441 1187 invitis,
458 1165 510 1182 non
525 1156 607 1182 habui
622 1156 763 1187 rationem,
785 1163 871 1190 neque

75 1194 173 1221 habere
191 1193 278 1228 potui,
299 1198 431 1228 quantum
449 1193 482 1219 ab
501 1193 662 1225 aratoribus,
687 1197 819 1228 quantum
838 1193 871 1219 ab

76 1231 301 1267 negotiatoribus,
326 1231 373 1266 qui
396 1230 550 1267 Syracusis,
576 1231 623 1266 qui
646 1230 798 1266 Agrigenti,
823 1231 870 1265 qui

75 1268 212 1299 Panormi,
233 1269 280 1303 qui
299 1268 419 1304 Lilybaei
438 1269 620 1303 negotiantur,
645 1272 716 1294 esset
733 1272 868 1294 coactum.

76 1306 203 1341 quoniam
223 1305 386 1341 intelligitis,
412 1306 498 1340 ipsius
522 1314 629 1341 quoque
652 1305 819 1332 consessione
838 1305 871 1331 ab

76 1343 246 1370 invitissimis
260 1347 375 1369 coactam
391 1351 459 1369 esse.

132 1380 222 1406 LXIII.
247 1381 303 1406 454.
326 1380 409 1407 Venio
424 1389 494 1406 nunc
509 1379 540 1406 ad
555 1381 677 1406 civitates
692 1379 813 1406 Siciliae:
838 1379 871 1405 de

76 1418 176 1454 quibus
192 1417 318 1443 facillime
332 1417 462 1443 iudicium
479 1417 534 1443 lieri
549 1417 694 1444 voluntatis
709 1421 804 1452 potest.
831 1417 870 1443 An

75 1456 154 1482 etiam
173 1454 256 1481 Siculi
277 1455 352 1481 inviti
372 1454 558 1481 contulerunt?
588 1455 645 1481 Non
664 1459 704 1480 est
722 1454 869 1489 probabile.

75 1493 180 1519 Etenim
199 1493 237 1518 sic
256 1492 285 1519 C.
301 1493 409 1519 Verrem
429 1496 578 1527 praeturam
598 1492 625 1518 in
645 1491 735 1518 Sicilia
754 1493 871 1527 gessisse

75 1534 185 1561 constat,
203 1534 239 1561 ut,
256 1538 341 1564 quum
357 1531 478 1564 utrisque
493 1529 645 1556 satisfacere
660 1538 711 1555 non
727 1534 829 1564 posset,
846 1534 871 1555 ct

76 1566 175 1593 Siculis
189 1571 215 1593 et
229 1568 336 1602 togatis,
353 1567 432 1593 officii
448 1567 537 1601 potius
552 1567 579 1593 in
594 1567 692 1598 sociOS,
716 1576 799 1602 quam
814 1575 871 1593 am-

76 1604 184 1631 bitionis
200 1605 226 1630 in
241 1605 313 1631 cives
328 1605 455 1631 rationem
470 1605 587 1630 duxerit.
628 1605 719 1639 Itaque.
738 1613 799 1630 eum
819 1613 870 1631 non

75 1642 163 1668 solum
183 1651 335 1669 rarnoxnu
354 1642 433 1668 istius
451 1642 568 1672 insulae,
594 1641 640 1667 sed
659 1642 738 1668 etiam
761 1651 870 1667 sorana
892 1650 894 1658 ¹

75 1679 235 1714 inscriptum
255 1679 309 1706 vidi
329 1679 480 1715 Syracusis.
521 1680 574 1705 Hoc
596 1684 727 1714 quantum
751 1679 809 1705 est‘?
836 1679 869 1705 ita

75 1725 217 1753 magnum,
240 1721 270 1743 ut
288 1717 380 1743 Latino
399 1725 452 1743 uno
471 1717 552 1743 verbo
570 1717 684 1751 exprimi
704 1725 754 1743 non
774 1717 868 1751 possit.

74 1754 100 1780 Is
117 1758 158 1780 est
176 1754 302 1780 nimirum
326 1764 428 1785 seren,
453 1754 499 1789 qui
524 1754 636 1780 salutem
660 1754 743 1780 dedit.
785 1754 870 1780 Huius

75 1792 182 1818 nomine
196 1792 275 1818 etiam
285 1791 343 1818 dies
354 1791 568 1827 festiagitantur,
585 1791 694 1826 pulchra
708 1791 751 1817 illa
764 1791 868 1821 Verrea,

75 1837 127 1855 non
146 1829 224 1864 quasi
243 1829 394 1860 Marcellea,
420 1829 466 1855 sed
488 1838 535 1863 pro
554 1829 714 1860 Marcelleis,
739 1837 808 1863 quae
832 1828 870 1855 illi

76 1866 155 1892 istius
169 1866 246 1892 iussu
260 1866 437 1893 sustulerunt.
478 1867 564 1892 Huius
578 1866 666 1892 fornix
679 1867 706 1892 in
722 1866 777 1892 foro
792 1866 872 1902 Syra-

75 1903 148 1930 cusis
167 1908 220 1934 est,
245 1903 272 1930 in
290 1912 344 1939 quo
363 1904 452 1930 nudus
471 1904 544 1929 filius
563 1907 628 1930 stat:
653 1904 711 1938 ipse
730 1908 818 1930 autem
838 1913 870 1930 ex

75 1948 144 1976 equo
161 1941 288 1967 nudatam
312 1941 344 1967 ab
367 1949 395 1967 se
419 1941 582 1976 provinciam
606 1941 743 1976 prospicit.
785 1942 870 1967 liuius

75 1982 177 2004 statuae
192 1978 255 2004 locis
270 1978 410 2005 omnibus:
434 1987 502 2013 quae
518 1978 566 2004 hoc
580 1978 761 2004 demonstrare
777 1979 871 2005 viden—

77 2019 130 2046 tur,
155 2015 348 2050 propemodum
368 2024 419 2042 non
439 2016 529 2041 minus
548 2015 647 2041 multas
666 2020 767 2042 statuas
788 2016 869 2042 istum

76 2053 199 2087 posuisse
222 2052 375 2088 Syracusis,
400 2061 482 2087 quam
505 2053 660 2079 abstulisse.
701 2053 768 2079 Iluic
790 2054 868 2079 etiam

77 2090 173 2116 Romae
191 2089 316 2116 videmus
334 2090 360 2116 in
381 2090 437 2116 basi
456 2094 604 2116 statuarum
627 2090 752 2116 maximis
777 2090 870 2116 litteris

75 2127 204 2153 incisum:
227 2136 241 2152 Α
255 2136 386 2153 couniunt
401 2136 531 2153 5ιιιιι,ιΛι’.
547 2136 647 2153 naras.
691 2129 748 2153 ⁴55.
770 2128 871 2160 Quam-

74 2163 184 2190 obrem‘?
209 2164 260 2196 Qui
274 2164 324 2190 boc
338 2164 444 2199 probari
459 2168 545 2198 potest
558 2165 697 2199 cuiquam,
720 2169 804 2191 tantos
823 2166 871 2191 bo—

76 2210 152 2228 nores
168 2201 272 2228 habitos
285 2210 343 2228 esse
357 2202 390 2228 ab
404 2201 516 2228 invitis?
555 2202 645 2228 LXIV.
666 2203 713 2228 llic
728 2203 776 2228 tibi
791 2203 868 2229 etiam

75 2238 160 2265 multo
173 2239 273 2275 magiS,
290 2248 370 2274 quam
387 2243 446 2265 ante
460 2239 486 2265 in
502 2239 662 2270 aratoribus,
683 2239 829 2266 videndum
845 2245 871 2266 et

74 2276 296 2303 considerandum
308 2280 356 2308 est,
372 2276 437 2311 quid
449 2276 525 2302 velis.
547 2277 641 2312 Magna
653 2285 694 2302 res
704 2281 753 2303 est.
777 2277 868 2303 Utrum

76 2312 124 2340 tibi
139 2313 244 2340 Siculos
259 2313 365 2349 publice
380 2314 560 2348 privatimque
574 2314 683 2345 amicos,
699 2323 731 2340 an
747 2315 869 2341 inimicos

75 2350 222 2378 existimari
237 2350 296 2377 vis‘?
309 2351 337 2377 Si
352 2351 484 2381 inimicos,
501 2350 567 2386 quid
579 2355 603 2376 te
615 2350 735 2377 futurum
745 2351 804 2377 est‘?
816 2360 870 2387 quo

75 2387 232 2424 confugies?
245 2389 292 2415 ubi
307 2388 408 2415 nitere‘?
426 2388 503 2415 Modo
517 2392 649 2414 aratorum
665 2388 869 2415 honestissimo-

75 2433 135 2451 rum
149 2424 289 2452 hominum
304 2434 334 2452 ac
349 2425 621 2461 locupletissimorum
636 2430 662 2451 et
676 2425 828 2452 Siculorum
844 2431 869 2452 et

74 2461 175 2489 civium
190 2463 368 2490 Romanorum
385 2464 532 2490 maximum
549 2471 690 2488 numerum
705 2463 753 2489 abs
768 2467 792 2489 te.
806 2463 869 2489 aba—

76 2498 195 2527 lieuasti:
211 2508 283 2527 nunc
292 2500 325 2527 de
336 2500 435 2527 Siculis
450 2500 604 2526 civitatibus
618 2499 684 2534 qnid
699 2499 780 2535 ages?
793 2500 868 2526 Dices
892 2523 893 2526 ,

75 2535 124 2563 tibi
138 2535 242 2564 Siculos
253 2545 311 2564 esse
320 2537 439 2564 amicos‘?
451 2537 498 2573 qui
510 2536 627 2580 poteris?
639 2537 696 2571 qui.
712 2537 784 2572 quod
796 2536 870 2563 nullo

73 2573 101 2600 in
115 2573 223 2601 bomine
237 2579 312 2601 antea
327 2575 450 2606 fecerant,
467 2579 497 2601 ut
510 2576 536 2601 in
551 2583 612 2600 eum
628 2574 736 2609 publice
751 2574 870 2601 testimo-

75 2610 150 2637 nium
164 2611 291 2643 dicerent,
307 2620 393 2647 quum
408 2612 563 2655 praesertim
575 2619 607 2637 ex
618 2619 647 2637 ea
660 2612 795 2646 provincia
806 2620 869 2638 con-

74 2646 256 2675 demnatisint
265 2649 426 2684 complures,
434 2650 480 2684 qui
493 2649 529 2675 ibi
541 2653 674 2684 praetores
685 2648 802 2680 fuerunt,
815 2648 869 2675 ‹luo
890 2655 892 2685 ξ

74 2683 123 2712 soli
137 2685 266 2719 absoluti,
294 2686 321 2713 hi
337 2695 408 2714 nunc
421 2687 534 2714 veniunt
546 2694 608 2712 cum
629 2685 736 2717 litteris,
758 2686 868 2712 veniunt
890 2692 892 2709 1

923 152 1008 178 LIB.
1031 153 1063 178 II.
1091 153 1188 179 CAP.
1220 154 1369 179 59—615.
1666 156 1715 180 279

922 232 983 249 cum
996 223 1138 253 mandatis,
1151 224 1262 249 veniunt
1272 232 1332 249 cum
1345 223 1504 249 testimoniis
1514 223 1645 258 publicis:
1657 225 1714 259 qui,

922 261 945 286 si
965 264 989 286 te
1007 260 1114 295 publice
1134 260 1283 291 laudarent,
1305 265 1393 286 tamen
1412 260 1439 286 id
1458 269 1530 287 more
1548 262 1638 296 potius
1656 271 1714 293 suo,

922 306 1003 332 quam
1019 298 1114 324 merito
1127 302 1181 328 tuo,
1198 297 1283 324 facere
1297 298 1465 324 viderentur:
1482 297 1509 324 bi
1523 307 1608 333 quum
1619 298 1652 325 de
1665 300 1717 325 tuis

923 334 998 361 factis
1012 335 1120 369 publice
1134 340 1343 370 conqueruntur,
1360 343 1448 362 nonne
1458 335 1506 361 hoc
1517 335 1643 367 indicant,
1660 340 1718 363 tan-

923 376 963 398 tas
981 381 1041 398 esse
1059 373 1185 403 iniurias,
1211 377 1241 399 ut
1257 373 1343 399 multo
1361 372 1505 399 maluerint
1521 372 1554 399 de
1572 382 1623 400 suo
1645 382 1718 399 more

922 409 1063 440 decedere,
1086 418 1166 444 quam
1185 410 1218 436 de
1238 410 1291 436 tuis
1310 410 1430 436 moribus
1449 418 1501 436 non
1520 410 1626 436 dicere‘?
1659 412 1715 437 ⁴56.

922 447 1109 473 Confitendum
1128 452 1168 473 est
1186 448 1268 483 igitur
1287 448 1336 473 tibi
1354 448 1516 477 necessario,
1542 447 1647 474 Siculos
1666 448 1718 474 ini-

923 484 1005 509 micos
1020 492 1091 515 esse,
1108 485 1155 519 qui
1169 485 1279 519 quidem
1294 489 1319 511 et
1332 485 1359 511 in
1374 489 1398 511 te
1412 485 1571 520 gravissima
1586 485 1718 520 postulata

923 521 1080 547 consulibus
1094 522 1239 552 ediderint,
1261 526 1286 548 et
1304 531 1359 553 me,
1380 527 1410 548 ut
1429 522 1496 548 lianc
1509 530 1630 548 caussam
1645 522 1718 549 salu-

923 558 1011 593 tisque
1033 567 1099 584 suae
1121 559 1304 585 defensionem
1332 560 1510 593 susciperem,
1539 560 1716 592 obsecrarint,

922 596 970 630 qui
984 604 1069 630 quum
1083 605 1097 622 a
1112 600 1230 630 praetore
1245 597 1457 631 prohiberentur,
1474 606 1486 622 a
1501 601 1626 631 quattuor
1635 606 1718 632 quae-

924 633 1040 659 storibus
1057 633 1263 667 impedirentur,
1288 635 1408 659 omnium
1429 635 1513 659 minas
1532 639 1611 669 atque
1628 635 1718 661 omnia

924 670 1041 704 pericula
1060 678 1122 704 prae
1140 670 1225 696 salute
1243 679 1290 696 sua
1311 671 1377 696 levia
1397 671 1534 701 duxerint,
1563 673 1609 706 qui
1632 673 1717 706 priore

924 707 1024 733 actione
1042 707 1077 733 ita
1097 708 1246 734 testimonia
1265 709 1381 743 graviter
1399 708 1623 744 vehementerque
1641 709 1718 735 dixe-

924 745 984 774 rint,
1001 744 1208 770 utArtemonem
1221 745 1425 779 Centuripinum
1441 744 1555 780 legatum
1571 751 1596 772 et
1611 746 1717 780 publice

924 786 1017 807 testem
1051 781 1083 813 Q.
1119 782 1275 808 Hortensius
1310 786 1502 812 accusatorem,
1540 792 1590 809 non
1623 788 1716 809 testem

924 827 982 844 esse
1012 818 1120 845 (liceret.
1158 820 1262 845 Etenim
1290 819 1334 845 ille
1358 828 1443 854 quum
1467 825 1573 854 propter
1592 821 1716 846 virtutem

924 860 949 881 et
979 856 1058 882 fidem
1085 865 1146 882 cum
1174 856 1312 887 Androne,
1343 857 1450 883 homine
1479 857 1667 884 honestissimo
1693 863 1718 884 et

923 894 1085 924 certissimo,
1110 898 1167 920 tum
1190 895 1269 920 etiam
1293 899 1399 929 propter
1417 894 1596 929 eloquentiam
1615 894 1717 930 legatus

923 939 937 957 a
956 931 1013 957 suis
1030 931 1135 957 civibus
1151 931 1251 958 electus
1266 936 1317 962 est,
1339 936 1368 957 ut
1386 936 1476 966 posset
1489 931 1586 957 multas
1601 933 1678 958 istius
1693 937 1717 958 et

924 969 1009 994 varias
1033 969 1143 995 iniurias
1166 977 1248 1004 quam
1266 969 1434 1004 apertissime
1452 968 1529 995 vobis
1547 969 1718 1003 planissime-

925 1014 977 1041 que
992 1005 1133 1040 explicare.

979 1043 1058 1070 LXV.
1075 1044 1203 1070 Dixerunt
1215 1043 1342 1074 Halesini,
1356 1043 1518 1074 CatinenseS,
1531 1043 1715 1079 Tyndaritani,

923 1081 1086 1111 Hennenses,
1099 1081 1277 1111 Herbitenses,
1290 1081 1478 1116 Agyrinenses,
1492 1081 1657 1111 Netineuses,
1671 1081 1718 1107 Se-

922 1119 1035 1153 gestani.
1075 1118 1236 1145 Enumerare
1250 1127 1341 1144 omnes
1357 1127 1407 1144 non
1422 1123 1462 1145 est
1476 1127 1592 1144 necesse.
1627 1118 1715 1149 Scitis,

923 1164 1003 1190 quam
1023 1155 1101 1181 multi
1120 1161 1145 1182 et
1163 1165 1244 1191 quam
1263 1156 1345 1181 multa
1366 1156 1452 1191 priore
1471 1156 1572 1182 actione
1586 1155 1714 1182 dixerint:

924 1202 994 1219 nunc
1012 1197 1038 1219 et
1056 1193 1095 1219 illi
1114 1197 1139 1219 et
1157 1193 1253 1228 reliqui
1268 1194 1365 1219 dicent.
1409 1194 1465 1219 ⁴57.
1487 1192 1587 1219 Omnes
1601 1192 1717 1228 denique

923 1230 972 1256 hoc
986 1231 1012 1256 in
1029 1230 1076 1256 bac
1090 1239 1184 1257 caussa
1198 1230 1357 1266 intelligent,
1374 1230 1423 1257 hoc
1434 1231 1522 1257 animo
1534 1239 1591 1256 esse
1602 1230 1714 1261 Siculos,

923 1272 960 1299 ut,
977 1268 999 1293 si
1014 1268 1041 1294 in
1056 1268 1137 1294 istum
1152 1268 1368 1294 animadversum
1380 1277 1431 1294 non
1442 1269 1484 1298 sit,
1501 1268 1552 1294 sibi
1564 1267 1718 1302 relinquen-

922 1305 969 1331 das
988 1305 1080 1331 domos
1100 1314 1129 1331 ac
1146 1306 1223 1332 sedes
1238 1314 1314 1336 suaS,
1335 1310 1360 1332 et
1378 1314 1411 1332 ex
1425 1305 1514 1332 Sicilia
1533 1305 1716 1332 decedendum

923 1347 1002 1377 atque
1016 1343 1081 1369 adeo
1096 1343 1254 1378 fugiendum
1268 1352 1326 1369 esse
1341 1343 1510 1369 arbitrentur.
1533 1343 1585 1369 llos
1596 1342 1717 1369 homines

924 1384 951 1406 tu
967 1380 1141 1414 persuadebis
1156 1380 1188 1406 ad
1203 1381 1315 1407 honores
1330 1385 1409 1415 atque
1423 1380 1628 1415 amplitudinem
1643 1384 1715 1406 tuam

924 1418 1050 1452 pecunias
1069 1418 1199 1444 maximas
1218 1418 1353 1444 voluntate
1371 1426 1419 1444 sua
1433 1417 1596 1444 contulisse?
1622 1417 1714 1447 Credo,

923 1455 970 1489 qui
985 1459 1008 1480 te
1025 1455 1050 1481 in
1065 1459 1109 1481 tua
1123 1456 1230 1481 civitate
1243 1455 1405 1481 incolumem
1420 1464 1478 1481 esse
1493 1454 1601 1485 nollent,
1618 1454 1644 1480 bi
1661 1463 1717 1480 mo-

924 1497 1049 1518 numenta
1070 1497 1128 1518 tuae
1149 1492 1246 1519 formae
1265 1501 1293 1518 ac
1313 1493 1428 1518 nominis
1445 1493 1472 1518 in
1491 1492 1548 1518 suis
1562 1492 1716 1518 civitatibus

924 1538 983 1555 esse
997 1530 1150 1564 cupiebant.
1190 1530 1241 1555 Res
1255 1529 1406 1560 declarabit,
1424 1534 1453 1555 ut
1466 1529 1608 1563 cupierint.
1650 1530 1716 1555 Iam-

923 1567 1027 1593 dudum
1046 1568 1117 1593 enim
1137 1567 1203 1593 mihi
1222 1568 1335 1593 nimium
1355 1567 1469 1593 tenuiter
1487 1566 1636 1592 Siculorum
1656 1574 1716 1601 erga

923 1609 947 1630 te
963 1604 1106 1630 voluntatis
1121 1609 1275 1638 argumenta
1289 1604 1414 1639 colligere
1430 1604 1533 1634 videor,
1555 1609 1644 1630 utrum
1664 1608 1717 1629 sta·

924 1646 981 1667 tuas
997 1641 1130 1668 voluerint
1144 1642 1191 1668 tibi
1206 1647 1334 1672 statuere,
1355 1650 1387 1667 an
1402 1642 1483 1668 coacti
1498 1641 1560 1667 sint.
1603 1642 1659 1667 ⁴58.
1682 1641 1716 1666 De

923 1688 977 1714 quo
990 1679 1097 1705 bomine
1111 1679 1233 1705 auditum
1247 1684 1287 1705 est
1301 1688 1442 1714 umquam,
1463 1678 1534 1713 quod
1550 1678 1596 1704 tibi
1611 1678 1714 1707 accidit,

924 1722 952 1742 ut
967 1717 1026 1742 eius
1040 1717 1065 1742 in
1082 1717 1217 1751 provincia
1232 1721 1341 1747 statuae,
1358 1717 1384 1742 in
1401 1716 1464 1742 locis
1479 1715 1595 1750 publicis
1607 1716 1714 1750 positae,

924 1754 1017 1788 partim
1033 1754 1111 1780 etiam
1128 1754 1154 1780 in
1169 1754 1280 1780 aedibus
1294 1754 1389 1784 sacris,
1412 1762 1458 1788 per
1477 1754 1530 1779 vim
1549 1757 1575 1779 et
1594 1762 1639 1787 per
1657 1753 1717 1778 uni-

924 1800 1026 1817 versam
1046 1791 1246 1817 multitudinem
1265 1790 1459 1817 deiicerentur‘?
1485 1791 1532 1816 Tot
1551 1790 1671 1816 homines
1691 1791 1716 1815 in

923 1828 984 1855 Asia
1004 1834 1141 1859 nocentes,
1162 1833 1198 1855 tot
1213 1829 1239 1854 in
1254 1828 1354 1859 Africa,
1372 1833 1408 1855 tot
1422 1829 1448 1854 in
1464 1829 1603 1862 llispania,
1620 1827 1714 1857 Gallia,

923 1866 1053 1896 Sardinia,
1071 1871 1108 1892 tot
1122 1867 1148 1892 in
1162 1868 1219 1900 ipsa
1231 1866 1319 1892 Sicilia
1336 1866 1456 1892 suerunt:
1472 1874 1556 1900 ecquo
1566 1865 1599 1891 de
1611 1865 1717 1891 bomine

923 1904 972 1929 hoc
986 1912 1115 1938 umquam
1130 1903 1290 1929 audivistis?
1317 1904 1421 1929 Novum
1437 1908 1483 1933 est,
1502 1902 1618 1928 iudices:
1635 1903 1660 1928 in
1676 1902 1717 1928 Si-

922 1941 991 1967 culis
1009 1941 1119 1976 quidem
1138 1945 1164 1967 et
1182 1941 1208 1967 in
1228 1941 1354 1967 omnibus
1369 1941 1476 1967 Graecis
1493 1941 1603 1966 monstri
1618 1940 1714 1965 simile.

923 1979 979 2005 Non
994 1978 1129 2004 crederem
1145 1978 1194 2004 boc
1207 1978 1240 2004 de
1254 1979 1363 2008 statuis,
1384 1978 1434 2004 nisi
1455 1978 1568 2004 iacentes
1584 1976 1716 2003 revulsas-

922 2024 975 2051 que
994 2016 1136 2042 vidissem:
1158 2020 1294 2050 propterea
1313 2015 1385 2050 quod
1404 2015 1474 2050 apud
1493 2024 1585 2041 omues
1604 2014 1716 2040 Graecos

923 2053 965 2079 hic
980 2062 1037 2079 mos
1052 2058 1104 2084 est,
1129 2058 1158 2079 ut
1173 2053 1298 2079 bonorem
1315 2053 1469 2079 bominibus
1484 2052 1604 2078 habitum
1620 2052 1646 2077 in
1662 2060 1716 2077 mo-

923 2091 1058 2117 numentis
1078 2090 1232 2117 huiusmodi
1249 2090 1375 2116 nonnulla
1390 2090 1516 2124 relig-'ione
1531 2089 1640 2115 deorum
1655 2098 1716 2114 con—

922 2129 1018 2154 secrari
1037 2128 1208 2154 arbitrentur.
1252 2129 1307 2154 ⁴59.
1333 2129 1422 2162 ltaque
1443 2127 1549 2156 llbodii,
1570 2127 1617 2161 qui
1636 2134 1716 2160 propc

921 2165 971 2191 soli
991 2165 1091 2191 bellum
1112 2165 1178 2191 illud
1197 2166 1322 2199 superius
1340 2174 1402 2191 cum
1418 2164 1568 2190 Mithridate
1583 2172 1643 2197 rege
1657 2172 1718 2197 ges-

921 2207 1026 2233 serunt,
1051 2211 1198 2237 omnesque
1216 2204 1274 2228 eius
1293 2203 1383 2237 copias
1401 2202 1613 2235 acerrimunnpie
1633 2202 1716 2234 impe-

922 2244 978 2266 tum
998 2240 1152 2270 moenibus
1174 2239 1306 2265 littoribus
1325 2239 1511 2282 classibusque
1530 2239 1587 2264 suis
1605 2246 1715 2271 excepe—

922 2281 996 2303 runt:
1015 2281 1110 2306 tamen
1123 2285 1209 2311 quum
1223 2277 1247 2302 ei
1263 2277 1316 2311 re·i
1332 2277 1432 2302 inimici
1446 2285 1482 2310 pr
1477 2280 1547 2301 awter
1561 2280 1660 2301 ceteros
1675 2284 1716 2300 ts-

921 2319 992 2345 sent,
1013 2318 1126 2340 statuam
1145 2314 1217 2344 eius,
1237 2322 1305 2348 quae
1319 2318 1373 2339 erut
1387 2313 1458 2355 apud
1473 2314 1545 2347 ipsos
1559 2313 1585 2338 in
1600 2311 1714 2337 celeber-

922 2352 989 2377 rimo
1003 2351 1078 2377 urbis
1093 2350 1161 2381 loco,
1183 2359 1215 2377 no
1234 2355 1290 2376 tum
1309 2350 1440 2385 quidem
1434 2359 1460 2376 in
1476 2350 1542 2384 ipsis
1558 2349 1631 2375 urbis
1646 2358 1692 2383 pei
1695 2358 1715 2375 ι-

921 2388 990 2414 eulis
1007 2388 1162 2423 attigerunt
1203 2388 1322 2414 Forsitan
1342 2388 1387 2413 vix
1404 2387 1546 2413 ‹ouwnire
1570 2386 1712 2414 xideretur.

920 2434 1001 2460 quem
1021 2425 1111 2460 ipsum
1131 2425 1266 2451 bominem
1285 2429 1413 2459 cuperent
1430 2424 1639 2453 meriere,‹=i11s
1657 2423 1714 2450 efii-

920 2464 990 2497 giem
1009 2462 1240 2497 simulacrumque
1257 2470 1376 2488 serv:aro
1402 2461 1449 2487 sed
1469 2466 1555 2487 tamen
1580 2461 1712 2488 videbam.

921 2500 991 2542 apud
1006 2508 1051 2525 eos
1065 2508 1150 2534 quum
1165 2507 1265 2531 essem,
1285 2504 1310 2525 et
1329 2498 1484 2533 religionem
1498 2507 1556 2524 esse
1570 2498 1713 2533 quamdam

921 2538 946 2563 in
963 2537 1004 2563 liis
1019 2537 1112 2566 rebus,
1129 2546 1142 2562 a
1158 2536 1303 2562 maioribus
1317 2526 1449 2565 traditam.
1465 2541 1489 2562 ct
1506 2536 1553 2562 boc
1567 2535 1711 2570 disputari.-

919 2582 981 2600 cum
995 2578 1081 2600 staturi
1096 2583 1125 2599 se
1139 2574 1198 2600 eius
1212 2574 1339 2600 babuisse
1354 2574 1480 2608 temporis
1495 2574 1635 2602 rationem,
1660 2581 1714 2608 quo

920 2612 1004 2646 positu
1022 2615 1105 2642 esset3
1125 2620 1186 2637 cum
1206 2611 1313 2637 bomine
1332 2619 1406 2640 vero,
1426 2619 1480 2645 quo
1497 2615 1597 2644 gereret
1613 2610 1712 2636 bellum

920 2654 999 2683 utque
1014 2648 1098 2675 bostis
1112 2653 1192 2674 essct.
1233 2648 1325 2674 val.
1349 2648 1449 2674 Videtis
1464 2648 1554 2683 igitur,
1570 2653 1713 2674 consuctu—

918 2686 1008 2712 dinem
1027 2685 1237 2721 religionemque
1252 2685 1426 2715 Graecorum,
1451 2694 1519 2720 quae
1543 2691 1712 2711 monumenta
