1941 3052
478 149 664 178 ORATIO
696 149 786 177 PRO
818 150 848 177 P.
881 148 1050 176 SULLA.
1085 148 1183 176 CAP.

91 222 161 250 addo
170 222 265 253 etiam,
281 229 316 248 ex
325 229 357 248 eo
366 221 529 256 municipio,
546 221 618 248 unde
632 222 731 248 iterum
745 222 799 248 iam
815 220 888 248 salus

91 260 156 288 huic
166 260 228 287 urbi
238 259 406 294 imperioque
415 259 498 285 missa
509 263 559 285 est.
600 258 653 286 Sed
668 260 736 286 scire
749 267 784 285 ex
793 263 818 285 te
828 267 890 294 per—

91 297 187 330 velim,
203 296 379 333 quamobrem
388 317 394 328 ,
409 297 458 332 qui
470 305 503 323 ex
514 297 670 331 municipiis
682 297 799 327 veniant,
812 304 890 331 pere-

91 335 163 372 grini
173 334 223 362 tibi
233 342 293 361 esse
302 333 454 361 videantur.
479 334 564 361 Nemo
575 335 646 361 enim
658 334 729 361 istuc
738 334 774 361 M.
787 333 828 360 illi
839 333 890 360 Ca-

92 373 147 400 toni
159 373 230 404 seni,
243 380 330 407 quum
341 371 474 406 plurimos
485 371 595 398 haberet
605 371 729 398 inimicos
737 392 743 402 ,
756 380 835 398 nemo
845 371 887 397 Ti.

92 409 267 441 Coruncanio,
280 417 358 436 nemo
369 409 412 435 M'.
425 409 514 440 Curio,
528 417 606 435 nemo
616 409 681 436 huic
690 409 744 444 ipsi
757 413 847 435 nostro
857 408 887 435 C.

91 447 188 479 Mario,
209 455 296 482 quum
311 446 335 472 ei
350 446 429 473 multi
444 446 609 478 inviderent,
630 446 728 473 obiecit
746 454 887 481 umquam.

90 484 225 521 Equidem
239 484 412 511 vehementer
427 483 522 515 laetor,
539 492 602 510 eum
618 492 677 510 esse
691 492 747 515 me,
764 484 792 510 in
807 491 889 518 quem

91 527 121 550 tu
129 543 135 554 ,
150 530 237 558 quum
247 530 360 557 cuperes
368 542 374 553 ,
387 520 490 548 nullam
500 520 690 548 contumeliam
700 521 785 547 iacere
795 524 890 556 potue-

91 561 139 591 ris,
152 568 222 596 quae
233 568 285 586 non
297 559 330 586 ad
341 559 486 586 maximam
497 563 599 594 partem
611 559 712 585 civium
723 558 887 584 conveniret.

90 598 159 625 VIII.
181 596 234 624 Sed
249 601 338 623 tamen
353 600 379 623 te
393 605 408 623 a
421 604 478 628 me,
495 604 544 631 pro
555 596 660 632 magnis
669 595 774 622 caussis
785 599 889 621 nostrae

92 634 310 666 necessitudinis»,
323 634 486 660 monendum
497 641 557 660 esse
567 634 646 660 etiam
657 638 737 668 atque
747 633 826 659 etiam
838 641 890 667 pu-

91 676 128 700 to.
141 673 199 699 Nou
206 675 320 707 possunt
328 680 420 698 omnes
431 679 490 697 esse
498 671 614 706 patricii.
627 670 655 697 Si
667 679 761 697 verum
770 670 887 705 quaeris,

92 718 127 737 ne
137 714 231 737 curant
241 709 367 745 quidem:
389 717 438 735 nec
452 717 482 734 se
495 707 620 743 aequales
636 708 675 734 tui
686 712 795 743 propter
809 707 889 733 istam

91 756 216 775 caussam
227 747 275 773 abs
286 751 311 773 te
321 746 415 772 anteiri
427 749 529 781 putant.
571 746 612 773 24.
628 745 675 776 Ac,
689 746 712 772 si
723 745 772 771 tibi
784 753 832 771 nos
843 753 890 779 pe-

91 785 192 821 regrini
202 784 334 815 videmur,
347 792 463 818 quorum
474 783 528 809 iam
537 787 564 810 et
575 791 671 810 nomen
682 787 708 809 et
718 783 802 809 honos
813 783 891 808 inve-

91 822 187 850 teravit
207 825 234 848 et
251 821 317 848 huic
331 821 393 847 urbi
408 825 433 847 et
449 820 590 847 hominum
608 820 694 847 famae
708 829 739 847 ac
758 820 890 846 sermoni-

91 859 158 887 bus:
179 867 262 894 quam
278 858 327 885 tibi
343 858 403 885 illos
414 859 600 893 competitores
611 862 671 885 tuos
681 857 837 894 peregrinos
849 857 891 883 vi-

90 897 149 924 deri
159 904 269 923 necesse
279 896 337 927 erit,
353 896 400 931 qui
411 896 473 927 iam,
488 904 520 922 ex
532 900 584 922 tota
595 895 669 922 Italia
680 895 784 926 delecti,
802 899 890 921 tecum

91 934 126 962 de
140 934 240 961 honore
254 938 280 960 et
293 933 326 960 de
342 933 415 960 omni
429 932 558 969 dignitate
567 932 751 960 contendunt?
769 932 890 965 Quorum

91 980 156 999 cave
167 975 197 998 tu
207 979 372 1007 quemquam
383 971 556 1007 peregrinum
572 970 705 1006 appelles,
722 979 756 997 ne
770 970 891 1006 peregri-

92 1018 188 1037 norum
200 1008 335 1045 suffragiis
346 1008 468 1035 obruare.
500 1007 562 1041 Qui,
575 1009 598 1035 si
610 1007 748 1035 attulerint
759 1016 854 1034 nervos
865 1011 892 1034 et

91 1046 262 1078 industriam,
270 1046 338 1073 mihi
349 1045 436 1077 crede,
450 1046 586 1073 excutient
595 1046 644 1073 tibi
656 1046 735 1072 istam
747 1045 891 1072 verborum

90 1085 273 1115 iactationem,
291 1088 317 1110 et
331 1088 357 1110 te
371 1092 406 1110 ex
420 1092 514 1110 somno
529 1092 609 1119 saepe
620 1083 774 1110 excitabunt
784 1091 833 1110 nec
843 1091 892 1118 pa-

91 1122 193 1150 tientur
206 1130 235 1148 se
246 1121 294 1148 abs
307 1126 341 1153 te,
362 1121 416 1148 nisi
425 1122 525 1148 virtute
535 1122 686 1153 vincentur,
699 1121 799 1148 honore
809 1128 892 1155 supe-

91 1160 154 1187 rari.
184 1161 226 1187 25.
238 1159 276 1185 Ac
286 1159 319 1191 si,
332 1158 444 1190 iudices,
457 1159 552 1185 ceteris
564 1159 684 1194 patriciis
695 1167 739 1185 me
750 1163 777 1185 et
785 1167 833 1185 vos
845 1166 892 1193 pe-

91 1197 212 1233 regrinos
223 1196 309 1224 videri
319 1200 460 1232 oporteret,
468 1197 621 1232 aTorquato
633 1200 721 1223 tamen
732 1196 782 1223 hoc
793 1196 891 1223 vitium

91 1234 226 1261 sileretur.
265 1234 314 1260 Est
326 1234 398 1261 enim
408 1235 468 1269 ipse
478 1243 492 1260 a
503 1239 623 1261 materno
632 1242 729 1270 genere
740 1234 892 1268 municipa-

92 1271 140 1304 lis,
161 1271 345 1299 honestissimi
360 1280 390 1298 ac
409 1271 573 1298 nobilissimi
591 1272 711 1308 generis,
734 1271 782 1298 sed
803 1275 890 1298 tamen

92 1309 232 1337 Asculani.
272 1308 325 1336 Aut
335 1309 418 1345 igitur
427 1308 532 1340 doceat,
545 1309 667 1336 Picentes
683 1308 754 1335 solos
768 1317 820 1335 non
831 1316 891 1335 esse

91 1347 257 1383 peregrinos,
271 1350 315 1373 aut
325 1346 439 1382 gaudeat
449 1355 499 1373 suo
509 1346 600 1382 generi
612 1355 654 1373 me
665 1354 757 1373 meum
768 1350 828 1373 ante
838 1354 891 1372 non

92 1392 201 1420 ponere.
223 1383 310 1417 Quare
321 1392 408 1419 neque
419 1392 462 1410 me
473 1384 645 1420 peregrinum
657 1384 767 1419 posthac
778 1383 889 1414 dixeris,

92 1430 126 1449 ne
137 1422 247 1458 gravius
259 1421 387 1448 refutare:
400 1430 489 1456 neque
500 1430 600 1457 regem,
614 1430 647 1448 ne
657 1421 804 1448 derideare.
832 1421 891 1447 Nisi
913 1439 914 1454 ,

92 1459 160 1487 forte
170 1460 275 1495 regium
287 1459 335 1486 tibi
347 1459 466 1491 videtur,
483 1459 519 1485 ita
531 1459 636 1490 vivere,
650 1463 742 1486 utnon
754 1458 833 1485 modo
844 1458 892 1485 lio—
912 1457 914 1475 ¹

93 1497 160 1524 mini
175 1497 290 1528 nemini,
313 1496 361 1523 sed
375 1505 408 1523 ne
423 1496 564 1531 cupiditati
579 1496 691 1532 quidem
706 1496 757 1523 ulli
772 1496 888 1523 servias:

92 1539 262 1562 contemnere
272 1542 366 1561 omnes
383 1534 524 1561 libidines:
546 1542 600 1561 non
615 1534 685 1566 auri,
708 1542 760 1560 non
776 1534 888 1570 argenti,

92 1581 146 1599 non
156 1576 302 1599 ceterarum
314 1579 403 1598 rerum
415 1571 549 1607 indigere:
567 1572 595 1598 in
609 1576 704 1598 senatu
714 1572 813 1598 sentire
825 1571 892 1597 libe-

92 1618 134 1637 re:
152 1609 245 1645 populi
258 1608 364 1635 utilitati
376 1609 462 1645 magis
473 1609 627 1640 consulere,
644 1617 727 1644 quam
743 1608 889 1635 voluntati:

92 1647 195 1674 nemini
206 1646 307 1678 cedere,
320 1646 414 1673 multis
426 1646 567 1673 obsistere.
589 1646 618 1673 Si
630 1646 680 1673 hoc
690 1651 768 1682 putas
780 1654 839 1673 esse
850 1654 892 1673 re-

91 1685 168 1721 gium
176 1705 182 1716 ,
195 1692 238 1711 me
249 1692 339 1720 regem
350 1692 410 1711 esse
419 1683 556 1711 confiteor.
597 1683 644 1711 Sin
656 1688 681 1711 te
692 1684 810 1719 potentia
821 1692 889 1715 mea,

92 1723 116 1749 si
127 1722 286 1753 dominatio,
304 1721 328 1748 si
342 1721 459 1756 denique
474 1721 584 1757 aliquod
595 1721 698 1748 dictum
710 1730 836 1757 arrogans
847 1726 893 1748 aut

92 1759 242 1795 superbum
257 1763 359 1786 movet:
383 1759 451 1794 quin
466 1763 495 1786 tu
510 1759 538 1786 id
558 1759 647 1795 potius
667 1758 784 1794 profers,
809 1767 892 1794 quam

92 1796 167 1824 verbi
178 1796 309 1824 invidiam
320 1796 565 1832 contumeliamque
575 1795 729 1824 maledicti?

147 1834 194 1861 IX.
206 1836 248 1861 26.
261 1834 327 1870 Ego,
340 1835 419 1861 tantis
430 1843 444 1860 a
455 1842 498 1861 me
509 1834 645 1861 beneficiis
656 1834 684 1861 in
696 1833 833 1869 republica
845 1842 893 1869 po-

92 1872 166 1904 sitis,
189 1872 212 1899 si
228 1871 335 1898 nullum
346 1871 421 1898 aliud
432 1872 498 1898 mihi
511 1872 660 1907 praemium
672 1880 687 1898 a
699 1876 793 1898 senatu
805 1880 892 1906 popu-

93 1908 366 1945 loquenomano‚nisi
378 1909 521 1936 honestum
533 1910 626 1940 otium,
640 1909 815 1945 postularem,
828 1909 891 1944 quis

93 1955 146 1974 non
157 1945 331 1973 concederet?
350 1945 409 1973 Sibi
420 1946 549 1973 haberent
560 1946 686 1978 honores,
703 1947 755 1973 sibi
767 1947 889 1981 imperia,

92 1984 147 2011 sibi
163 1983 329 2019 provincias,
346 1983 398 2010 sibi
414 1984 579 2019 triumphos,
601 1984 655 2010 sibi
675 1983 727 2011 alia
742 1983 892 2019 praeclarae

94 2020 183 2048 laudis
194 2021 324 2057 insignia:
343 2021 411 2047 mihi
423 2020 512 2047 liceret
523 2022 582 2048 eius
593 2021 678 2053 urbis,
692 2030 773 2056 quam
785 2030 893 2048 conser-

93 2066 214 2090 vassem,
237 2062 396 2093 conspectu,
414 2058 559 2094 tranquillo
574 2059 664 2085 animo
679 2063 705 2086 et
719 2059 811 2094 quieto
827 2058 890 2085 frui.

93 2095 184 2129 Quid‘?
193 2096 216 2122 si
228 2095 278 2122 hoc
288 2104 339 2122 non
351 2095 470 2130 postulo:
483 2096 506 2122 si
518 2095 564 2122 ille
578 2095 651 2123 labor
661 2104 737 2122 meus
749 2097 890 2130 pristinus,

93 2134 117 2160 si
128 2132 295 2165 sollicitudo,
316 2133 340 2159 si
356 2132 457 2164 officia,
479 2133 502 2159 si
517 2141 625 2168 operae,
648 2134 672 2160 si
683 2133 791 2169 vigiliae
801 2133 893 2160 deser-

92 2171 173 2198 viunt
188 2170 297 2201 amicis,
314 2174 420 2206 praesto
434 2174 498 2197 sunt
512 2170 653 2204 omnibus3
675 2171 698 2197 si
715 2179 802 2206 nequo
813 2171 891 2197 amici

92 2208 122 2236 in
137 2207 194 2236 foro
209 2208 350 2243 requirunt
364 2207 485 2234 studium
501 2216 592 2235 meum
604 2216 691 2243 neque
702 2208 854 2244 respublica
865 2209 891 2234 in

93 2246 183 2273 curia:
205 2246 229 2272 si
240 2253 284 2272 me
294 2253 346 2272 non
361 2244 440 2272 modo
455 2253 544 2272 rerum
559 2250 695 2281 gestarum
712 2246 827 2277 vacatio,
844 2245 892 2272 sed

94 2290 182 2319 neque
198 2283 320 2314 honoris,
343 2291 431 2318 neque
446 2283 538 2309 aetatis
553 2283 692 2309 excusatio
701 2283 819 2309 vindicat
829 2291 842 2309 a
855 2282 892 2309 la-

93 2319 171 2354 ῦστος
193 2321 217 2348 si
229 2320 353 2347 voluntas
365 2328 437 2351 mea,
450 2320 473 2346 si
485 2319 631 2351 industria,
644 2321 667 2346 si
679 2320 785 2352 domus,
799 2321 822 2347 si
834 2321 893 2347 ani-

94 2365 170 2390 mus,
186 2358 210 2385 si
225 2366 303 2385 aures
320 2362 410 2393 patent
425 2357 566 2389 omnibus,
583 2357 606 2383 si
623 2357 734 2384 mihine
745 2357 778 2384 ad
789 2366 819 2384 ea
830 2358 893 2393 qui-

94 2394 165 2427 dem,
177 2403 247 2431 quae
258 2403 306 2430 pro
316 2395 402 2422 salute
412 2395 533 2421 omnium
545 2395 626 2430 gessi,
640 2394 801 2421 recordanda
812 2399 838 2421 et
848 2403 893 2421 co-

94 2432 202 2469 gitanda
221 2432 372 2468 quidquam
394 2431 556 2467 relinquitur
574 2432 716 2467 temporis:
739 2436 827 2458 tamen
843 2431 893 2458 hoc

93 2477 208 2506 regnum
219 2469 407 2506 appellabitur,
420 2470 498 2496 cuius
511 2469 627 2496 vicarius
637 2469 684 2504 qui
696 2468 761 2496 velit
771 2477 839 2499 esso,
851 2469 893 2496 in-

94 2507 181 2534 veniri
192 2515 271 2534 nemo
281 2506 386 2543 potest‘?
405 2507 496 2543 Longe
509 2506 584 2533 abest
595 2515 608 2533 a
620 2515 662 2533 me
674 2507 748 2542 regni
761 2507 890 2541 suspicio.

94 2544 138 2572 2⁷.
150 2543 179 2572 Si
189 2545 307 2580 quaeris,
320 2545 368 2580 qui
379 2545 537 2571 sintRomae
550 2551 662 2579 regnum
673 2552 803 2578 occupare
813 2552 892 2570 cona-

94 2581 128 2614 ti,
144 2585 175 2609 ut
185 2590 218 2609 ne
229 2582 341 2618 replices
351 2581 489 2609 annalium
501 2582 657 2608 memoriam
666 2601 672 2613 ,
689 2589 723 2608 ex
737 2581 891 2608 domesticis

93 2618 259 2656 imaginibus
270 2619 402 2647 invenies.
442 2619 495 2646 Res
507 2619 578 2646 enim
589 2623 693 2655 gestae,
709 2618 801 2649 credo,
818 2627 892 2646 meae

95 2663 138 2683 me
149 2656 230 2683 nimis
241 2656 408 2689 extulerunt,
425 2664 456 2683 ac
470 2656 538 2683 mihi
549 2657 640 2683 nescio
650 2664 719 2692 quos
729 2657 841 2691 spiritus
853 2661 892 2683 at-

94 2692 221 2721 tulerunt.
250 2693 356 2728 Quibus
367 2694 400 2722 de
410 2693 493 2722 rebus
503 2698 556 2722 tam
568 2693 656 2728 claris,
669 2698 722 2722 tam
734 2693 892 2722 immortali-

1217 149 1350 175 5—41.
1688 149 1735 175 455

939 220 1005 251 bus,
1021 219 1139 251 iudices,
1157 219 1207 246 hoc
1218 227 1328 254 possum
1340 218 1441 250 dicere,
1458 226 1514 249 me,
1531 218 1579 253 qui
1595 226 1609 244 e
1620 219 1736 244 summis

940 258 1085 293 eripuerim
1100 256 1228 292 periculis
1243 256 1338 283 urbem
1353 256 1421 283 hanc
1436 260 1462 282 et
1472 257 1554 282 vitam
1566 256 1687 282 omnium
1699 257 1737 282 ci-

940 296 1029 326 vium,
1052 296 1117 321 satis
1133 294 1259 329 adeptum
1275 293 1343 325 fore,
1365 294 1389 320 si
1403 302 1437 320 ex
1451 293 1501 320 hoc
1516 298 1588 319 tanto
1603 294 1631 319 in
1644 301 1736 319 omnes

940 332 1065 359 mortales
1079 332 1209 359 beneficio
1223 331 1329 358 nullum
1344 331 1373 358 in
1387 340 1430 357 me
1442 330 1591 366 periculum
1603 330 1738 357 redunda-

940 371 984 397 rit.
1024 371 1067 397 28.
1083 369 1203 400 Etenim,
1220 370 1247 395 in
1259 377 1311 404 qua
1323 369 1429 395 civitate
1440 377 1482 394 res
1494 372 1579 395 tantas
1594 368 1735 404 gesserim,

940 407 1065 440 memini;
1078 407 1106 433 in
1116 415 1170 442 qua
1180 406 1247 433 urbe
1258 415 1357 437 verser,
1370 406 1500 442 intelligo.
1526 405 1638 432 Plenum
1651 405 1737 431 forum

941 450 981 471 est
992 453 1083 471 eorum
1095 444 1245 474 hominum,
1257 452 1326 479 quos
1337 452 1386 479 ego
1397 452 1411 470 a
1422 444 1518 470 vestris
1529 443 1680 469 cervicibus
1691 442 1739 468 de-

940 482 1012 517 puli,
1030 482 1146 513 iudices,
1164 490 1178 507 a
1192 482 1260 508 meis
1277 490 1328 507 non
1344 481 1456 508 removi.
1496 481 1554 507 Nisi
1565 488 1628 507 vero
1639 488 1738 515 paucos

941 519 1026 546 fuisse
1037 519 1217 550 arbitramini,
1234 519 1280 554 qui
1293 519 1381 545 conari
1393 523 1438 544 aut
1448 526 1555 553 sperare
1569 522 1691 553 possent.
1710 525 1738 543 se

940 561 1044 583 tantum
1055 557 1200 591 imperium
1213 565 1292 591 posse
1303 556 1401 582 delere.
1432 556 1531 582 Horum
1545 564 1594 591 ego
1605 554 1675 581 faces
1687 555 1739 581 eri-

940 603 1003 629 pere
1014 594 1046 620 de
1056 594 1183 620 manibus
1193 598 1218 620 et
1227 593 1331 629 gladios
1343 598 1500 628 extorquere
1512 593 1601 628 potui,
1618 593 1689 619 sieut
1700 591 1739 618 fe-

940 632 978 658 ci:
998 631 1149 658 voluntates
1162 639 1223 658 vero
1233 630 1425 657 consceleratas
1437 639 1466 657 ac
1476 630 1590 656 nefarias
1601 639 1649 656 nec
1661 638 1739 656 sana-

940 677 968 695 re
979 669 1053 704 potui
1065 677 1113 695 nec
1125 668 1225 694 tollere.
1259 667 1345 700 Quare
1358 676 1410 694 non
1421 677 1482 694 sum
1499 668 1620 698 nescius,
1639 672 1739 702 quanto

940 705 1061 741 periculo
1087 706 1177 732 vivam
1201 706 1229 732 in
1252 710 1323 731 tanta
1346 705 1519 731 multitudine
1544 705 1736 739 improborum,

941 752 1026 778 quum
1042 743 1110 769 mihi
1125 743 1173 769 uni
1188 751 1250 769 cum
1265 743 1392 769 omnibus
1407 743 1538 777 improbis
1549 748 1686 769 aeternum
1697 742 1740 768 vi-

941 781 1018 807 deam
1034 780 1137 807 bellum
1153 789 1213 806 esse
1228 784 1396 815 susceptum.
1436 780 1472 806 X.
1489 782 1530 806 29.
1552 779 1629 812 Quod
1645 781 1667 805 si
1684 779 1738 805 illis

941 819 1009 845 meis
1020 818 1161 853 praesidiis
1173 817 1239 844 sorte
1250 818 1370 849 inw'des,
1389 822 1414 844 et
1424 818 1447 844 si
1459 826 1488 843 ea
1501 817 1549 843 tibi
1561 817 1632 853 regia
1644 816 1739 843 viden-

940 860 997 888 tur,
1019 855 1092 891 quod
1106 863 1200 882 omnes
1215 855 1279 882 boni
1294 856 1414 882 omnium
1431 863 1561 891 generum
1577 859 1657 889 atque
1668 853 1740 880 ordi-

940 902 1007 920 num
1022 902 1099 920 suam
1114 893 1229 919 salutem
1243 901 1305 919 cum
1323 901 1381 919 mea
1399 893 1581 928 coniungunt:
1603 891 1740 918 consolare

941 936 976 962 te,
989 931 1062 966 quod
1073 931 1194 957 omnium
1205 935 1308 957 mentes
1319 930 1503 965 improborum
1516 930 1583 956 mihi
1594 930 1642 955 uni
1655 929 1741 955 maxi·

942 977 985 995 me
996 973 1060 995 sunt
1070 968 1190 994 infensae
1202 972 1228 994 et
1241 968 1382 994 adversae:
1404 969 1452 1003 qui
1467 976 1510 994 me
1528 976 1579 994 non
1594 966 1681 993 solum
1699 966 1741 992 id—

941 1007 1010 1033 circo
1020 1006 1146 1036 oderunt,
1164 1005 1237 1041 quod
1253 1014 1344 1033 eorum
1355 1010 1465 1032 conatus
1477 1005 1575 1040 impios
1587 1009 1612 1031 et
1623 1003 1740 1030 furorem

941 1043 1151 1071 consceleratum
1163 1044 1292 1078 repressi,
1311 1043 1359 1070 sed
1369 1052 1400 1070 eo
1411 1043 1490 1069 etiam
1503 1043 1602 1078 magis,
1615 1041 1688 1077 quod
1699 1042 1741 1068 ni-

942 1081 1045 1108 biliam
1057 1090 1085 1108 se
1096 1080 1199 1112 simile,
1216 1089 1259 1107 me
1274 1081 1350 1113 vivo,
1367 1081 1456 1107 conari
1472 1089 1551 1115 posse
1567 1079 1739 1106 arbitrantur.

943 1121 984 1146 30.
1000 1120 1034 1146 At
1044 1127 1108 1145 vero
1117 1118 1183 1153 quid
1194 1127 1244 1154 ego
1254 1119 1344 1150 miror,
1357 1119 1378 1144 si
1391 1118 1457 1154 quid
1469 1118 1501 1144 ab
1512 1117 1643 1152 improbis
1654 1117 1687 1143 ‹le
1698 1124 1741 1143 me

942 1157 1065 1192 improbe
1078 1156 1191 1183 dicitur:
1208 1165 1294 1191 quum
1306 1157 1335 1182 L.
1349 1157 1499 1191 Torquatus
1516 1156 1587 1190 ipse,
1611 1155 1739 1190 primum,

942 1195 985 1221 his
997 1194 1180 1221 fundamentis
1192 1193 1385 1220 adolescentiae
1396 1194 1485 1224 iactis,
1503 1202 1532 1219 ea
1546 1201 1594 1227 spe
1607 1193 1741 1227 proposita

942 1232 1127 1267 amplissimae
1138 1232 1286 1267 dignitatis,
1299 1231 1396 1258 deinde
1408 1232 1437 1257 L.
1450 1231 1586 1266 Torquati,
1601 1230 1741 1256 fortissimi

941 1270 1075 1301 consulis,
1092 1269 1303 1296 constantissimi
1316 1269 1459 1299 senatoris,
1477 1276 1583 1303 semper
1598 1268 1692 1302 optimi
1703 1268 1742 1294 ci-

942 1307 998 1339 vis,
1017 1307 1104 1338 filius,
1121 1306 1257 1333 interdum
1273 1306 1395 1333 efferatur
1409 1306 1630 1332 immoderatione
1646 1305 1742 1331 verho-

942 1344 1022 1371 rum‘?
1032 1345 1089 1380 qui,
1101 1353 1187 1379 quum
1199 1353 1344 1379 suppressa
1357 1352 1421 1370 voce
1431 1343 1464 1370 de
1475 1343 1574 1369 scelere
1585 1343 1614 1369 P.
1624 1342 1738 1371 Lentuli,

942 1382 975 1409 de
986 1382 1096 1409 audacia
1107 1382 1305 1408 coniuratorum
1315 1382 1436 1408 omnium
1449 1381 1570 1410 dixisset,
1580 1385 1742 1406 tantummo-

942 1420 977 1446 do
988 1424 1017 1446 ut
1027 1428 1084 1450 vos,
1097 1420 1145 1454 qui
1157 1428 1186 1446 ea
1198 1419 1328 1454 probatis,
1342 1419 1469 1445 exaudire
1482 1419 1610 1453 possetis:
1631 1417 1664 1444 de
1675 1425 1742 1452 sup·

943 1457 1024 1492 plicio
1034 1458 1064 1483 P.
1073 1456 1188 1488 Lentuli,
1201 1456 1234 1483 de
1245 1465 1357 1487 carcere,
1371 1465 1466 1492 magna
1477 1461 1502 1482 et
1513 1455 1682 1491 queribunda
1696 1464 1743 1481 vo-

942 1504 972 1521 ce
983 1494 1097 1521 dicebat.
1139 1496 1180 1521 3⁴.
1199 1495 1227 1520 In
1238 1503 1293 1529 quo
1304 1494 1422 1529 primum
1435 1493 1502 1520 illud
1514 1498 1568 1519 erat
1580 1492 1739 1522 absurdum,

942 1532 1029 1568 quod,
1051 1540 1137 1567 quum
1154 1540 1197 1562 ea,
1215 1540 1284 1567 quae
1300 1531 1394 1558 leviter
1404 1531 1519 1561 dixerat,
1542 1530 1618 1557 vobis
1631 1530 1742 1565 probare

943 1569 1061 1600 volebat,
1074 1578 1118 1596 eos
1131 1574 1219 1595 autem
1228 1590 1234 1600 ,
1250 1569 1296 1604 qui
1309 1569 1410 1595 circ-um
1422 1568 1553 1594 iudicium
1565 1568 1680 1598 stabant,
1694 1576 1742 1594 au-

943 1608 999 1634 dire
1012 1607 1130 1637 nolebat,
1149 1616 1200 1633 non
1212 1606 1392 1642 intelligebat,
1411 1614 1453 1636 ea,
1471 1615 1539 1641 quae
1550 1605 1619 1632 clare
1631 1605 1739 1631 diceret.

944 1646 979 1671 ita
991 1645 1052 1671 illos
1063 1644 1216 1675 audituros,
1233 1644 1334 1679 quibus
1350 1652 1378 1670 se
1390 1644 1556 1673 venditabat,
1577 1648 1604 1669 ut
1617 1652 1664 1669 vos
1677 1651 1742 1676 quo-

944 1691 997 1718 que
1007 1682 1150 1712 audiretis,
1169 1683 1215 1717 qui
1229 1682 1255 1708 id
1267 1690 1318 1708 non
1333 1681 1498 1716 probabatis:
1517 1680 1613 1707 deinde
1628 1680 1742 1706 alterum

944 1721 996 1747 iam
1008 1720 1118 1746 oratoris
1130 1720 1225 1746 vitium
1234 1740 1240 1751 ,
1255 1728 1306 1745 non
1319 1719 1421 1749 videre,
1435 1719 1501 1754 quid
1513 1726 1636 1753 quaeque
1647 1726 1741 1743 caussa

944 1757 1071 1793 postulet.
1107 1756 1179 1783 Niliil
1192 1762 1233 1783 est
1243 1757 1314 1783 enim
1327 1761 1379 1783 tam
1392 1756 1508 1782 alienum
1521 1756 1554 1782 ab
1565 1766 1604 1784 eo,
1617 1756 1665 1790 qui
1677 1755 1742 1781 alte-

920 1809 922 1816 ι
944 1804 1004 1822 rum
1016 1795 1207 1822 coniurationis
1218 1799 1338 1825 accuset,
1355 1803 1435 1830 quam
1449 1794 1532 1820 videri
1544 1794 1742 1819 coniuratorum

944 1841 1056 1868 poenam
1074 1837 1240 1867 mortemque
1257 1832 1357 1867 lugere.
1398 1831 1474 1864 Quod
1485 1840 1570 1866 quum
1583 1832 1605 1857 is
1618 1831 1742 1856 tribunus

943 1870 1031 1905 plebis
1044 1870 1113 1901 facit,
1126 1871 1174 1905 qui
1186 1878 1257 1896 unus
1269 1869 1375 1896 videtur
1386 1878 1419 1896 ex
1430 1869 1483 1896 illis
1495 1869 1526 1895 ad
1540 1868 1669 1904 lugendos
1680 1877 1743 1894 con-

944 1909 1043 1935 iuratos
1055 1908 1177 1938 relictus,
1196 1916 1247 1934 non
1263 1908 1360 1933 mirum
1373 1912 1426 1933 cst:
1447 1906 1558 1932 difficile
1570 1911 1609 1932 est
1620 1906 1692 1932 euim
1705 1911 1742 1931 ta-

943 1954 1015 1977 cere,
1033 1954 1119 1980 quum
1131 1945 1230 1971 doleas.
1272 1945 1321 1976 Te,
1339 1944 1439 1980 siquid
1450 1944 1582 1970 eiusmodi
1596 1943 1673 1973 sacis,
1691 1952 1742 1969 non

944 1983 1023 2010 modo
1034 1983 1113 2010 talem
1125 1982 1336 2012 adolescentem,
1354 1982 1401 2008 sed
1413 1983 1440 2008 in
1452 1991 1480 2008 ea
1493 1990 1601 2009 caussa,
1616 1982 1641 2007 iu
1654 1989 1706 2016 qua
1719 1986 1742 2007 te

944 2021 1078 2047 vindicem
1091 2020 1282 2047 coniurationis
1297 2019 1364 2046 velis
1382 2028 1453 2049 esse,
1472 2019 1642 2045 veliementer
1657 2018 1743 2044 admi-

944 2067 994 2085 ror.
1035 2060 1076 2085 32.
1089 2057 1142 2084 Sed
1155 2057 1320 2093 reprehendo
1332 2062 1419 2083 tamen
1433 2056 1499 2083 illud
1512 2057 1640 2085 maxime,
1658 2055 1740 2091 quod,

944 2096 995 2122 isto
1007 2095 1114 2131 ingenio
1125 2100 1151 2122 et
1162 2095 1303 2130 prudentia
1318 2095 1463 2129 praeditus,
1477 2102 1599 2120 caussam
1613 2093 1744 2128 reipubli-

943 2141 989 2159 cae
1005 2142 1056 2160 non
1073 2137 1161 2164 tenes,
1183 2133 1230 2167 qui
1247 2132 1388 2162 arbitrere,
1405 2132 1476 2166 plebi
1494 2132 1626 2157 Romanae
1642 2140 1683 2157 res
1699 2140 1742 2155 eas

945 2179 996 2197 non
1009 2170 1129 2205 probari,
1143 2179 1221 2205 quas,
1235 2178 1278 2196 mc
1288 2169 1407 2199 masuic,
1420 2178 1512 2195 omnes
1525 2169 1587 2195 boni
1600 2177 1647 2203 pro
1658 2168 1743 2194 salute

943 2208 1081 2234 communi
1092 2212 1243 2243 gesserunt.
1286 2207 1331 2233 Xl.
1348 2207 1466 2241 Ecquem
1479 2211 1506 2232 tu
1520 2206 1624 2235 borum,
1637 2206 1683 2240 qui
1697 2205 1743 2231 ad-

943 2250 1020 2277 sunt,
1042 2246 1143 2280 quilms
1160 2249 1184 2270 te
1199 2249 1288 2271 eontra
1304 2245 1424 2278 ipsorum
1441 2243 1605 2269 voluntatem
1622 2243 1743 2268 vendita-

945 2282 1006 2313 bas,
1024 2287 1070 2308 aut
1084 2287 1136 2308 tam
1147 2281 1306 2308 sceleratum
1318 2282 1414 2307 statuis
1427 2280 1523 2309 inim,
1539 2285 1567 2306 ιιι
1580 2280 1643 2306 haee
1653 2281 1741 2305 (munia

944 2320 1030 2354 perire
1041 2319 1164 2349 voluerit,
1177 2324 1223 2345 aut
1235 2324 1287 2345 tam
1300 2319 1439 2348 miserum,
1449 2323 1476 2344 ut
1489 2323 1513 2343 et
1524 2326 1552 2343 se
1564 2318 1649 2351 perire
1660 2325 1743 2351 cupe-

943 2362 991 2388 ret,
1005 2361 1030 2383 ct
1041 2356 1107 2383 uiliil
1121 2356 1237 2386 liaberet,
1249 2355 1321 2391 quod
1333 2355 1438 2381 salvum
1451 2363 1508 2381 esse
1521 2354 1618 2380 vellet?
1629 2355 1667 2380 An
1682 2363 1744 2380 vero

943 2393 1125 2421 clarissimum
1148 2394 1234 2419 virum
1256 2394 1362 2427 generis
1383 2393 1465 2419 vestri
1486 2401 1515 2418 ae
1532 2392 1647 2418 numinis
1665 2400 1743 2418 nemo

944 2431 1123 2466 reprehendit,
1139 2431 1186 2465 qui
1199 2430 1284 2456 tilium
1297 2439 1377 2456 suum
1391 2431 1442 2456 vita
1456 2429 1579 2464 privavit,
1595 2434 1622 2455 ιιι
1634 2429 1660 2455 ιιι
1673 2434 1743 2455 cete-

944 2478 986 2496 ros
998 2469 1114 2495 firmaret
1125 2469 1284 2503 imperinnu
1303 2472 1330 2494 tu
1347 2467 1540 2502 rempublicam
1557 2466 1739 2501 reprehendis.

943 2515 1012 2541 quae
1023 2506 1182 2532 domesticos
1195 2505 1297 2536 hostes,
1316 2513 1348 2531 no
1363 2505 1396 2530 al)
1413 2505 1445 2530 iis
1457 2505 1514 2539 ipsa
1527 2509 1678 2534 necaretur,
1696 2513 1742 2531 ne-

943 2543 1031 2570 cavit?
1060 2545 1101 2570 33.
1125 2544 1215 2578 ltaque
1231 2542 1336 2569 attende
1352 2543 1418 2571 iam,
1437 2542 1581 2577 Torquate,
1599 2550 1680 2576 quam
1692 2550 1742 2577 ego

943 2581 1081 2617 defugiam
1093 2581 1275 2607 auctoritatem
1287 2579 1442 2606 consulatus
1455 2580 1516 2605 mei.
1540 2579 1654 2605 Maxima
1667 2587 1739 2609 voce,

944 2623 973 2645 ut
988 2626 1082 2645 omnes
1097 2618 1223 2645 exaudire
1240 2618 1356 2653 possint,
1373 2616 1445 2647 dieo,
1462 2624 1622 2651 semperque
1636 2616 1739 2643 dicam:

943 2656 1061 2683 adestote
1075 2664 1168 2682 omnes
1179 2655 1290 2685 animis,
1307 2655 1354 2690 qui
1371 2654 1470 2681 adestis
1485 2654 1655 2689 corporibus.
1673 2663 1741 2689 quo·

943 2702 1003 2721 rum
1019 2701 1068 2730 ego
1085 2692 1233 2729 frequentia
1249 2701 1345 2728 magno
1354 2700 1433 2727 opere
1446 2691 1538 2719 laetor:
1562 2692 1654 2727 erigite
1666 2700 1741 2717 men-
