1941 3052
243 141 333 169 PRO
364 141 492 168 REGE
525 140 780 168 DEIOTARO
811 141 868 167 AD
900 141 929 168 C.
964 141 1241 168 CAESAREM.

65 213 316 248 contentionemque
335 212 443 239 leviora.
480 214 504 239 6.
520 213 592 239 Hanc
607 213 687 243 enim,
707 212 735 239 C.
753 212 856 243 Caesar,

65 260 188 279 caussam
203 251 227 277 si
241 251 268 277 in
285 249 340 277 foro
355 250 479 281 dicerem,
497 250 590 276 eodem
601 250 726 276 audiente
737 255 762 276 et
773 250 859 276 disce-

65 293 156 325 ptante
175 293 210 319 te,
233 292 359 322 quantam
381 287 446 313 mibi
463 287 623 314 alacritatem
640 287 732 322 populi
747 287 858 314 Romani

65 334 212 353 concursus
227 324 342 351 afferretl
369 324 435 356 Quis
451 325 522 351 enim
538 325 605 351 civis
620 326 644 351 ei
656 325 710 360 regi
724 333 774 351 non
787 324 859 350 fave·

65 368 112 395 ret,
135 363 213 390 cuius
233 371 339 389 omnem
360 366 469 388 aetatem
491 363 518 388 in
540 362 631 397 populi
652 363 764 389 Romani
781 361 858 388 bellis

64 405 251 435 consumptam
272 408 330 426 esse
351 399 535 426 meminisset?
572 399 725 434 Spectarem
746 400 856 430 curiam,

64 439 182 465 intuerer
196 437 293 469 forum,
311 437 414 464 caelum
425 437 542 472 denique
553 441 661 463 testarer
672 438 772 471 ipsum.
804 436 856 467 Sic,

63 484 150 511 quum
162 480 186 502 et
199 474 310 501 deorum
322 474 513 501 immortalium
525 479 550 500 et
561 474 654 509 populi
665 474 775 500 Romani
787 478 860 500 etse-

64 517 143 540 natus
159 513 286 539 beneficia
302 512 329 538 in
345 520 435 547 regem
450 512 600 538 Deiotarum
613 511 771 542 recordarer,
786 511 859 537 nullo

64 550 144 577 modo
164 550 231 576 mihi
252 550 345 576 deesse
365 554 456 584 posset
475 550 566 576 oratio.
600 550 626 575 7.
643 549 716 581 Quae
731 549 858 583 quoniam

64 588 219 623 angustiora
235 588 348 622 parietes
364 587 473 618 faciunt,
491 587 611 621 actioque
623 595 732 612 caussae
744 586 859 612 maxime

63 625 219 652 debilitatur
231 625 300 651 loco:
323 629 399 651 tuum
411 629 458 655 est,
473 623 576 655 Caesar,
589 624 637 659 qui
649 632 695 658 pro
702 623 794 649 multis
801 631 860 649 sae-

64 671 98 697 pe
113 663 215 693 dixisti,
233 662 300 697 quid
316 670 386 688 nunc
401 661 469 688 mihi
485 661 566 688 animi
578 662 620 692 sit,
634 661 667 687 ad
679 666 704 687 te
715 661 805 695 ipsum
818 669 859 686 re-

64 699 145 732 ferre,
171 708 225 734 quo
241 699 345 726 facilius
361 708 446 734 quum
461 699 580 733 aequitas
596 703 649 729 tua,
663 703 720 724 tum
732 698 858 724 audiendi

63 737 203 773 diligentia
217 737 321 763 minuat
335 737 402 763 hanc
412 736 638 771 perturbationem
651 744 747 761 meam.

120 774 172 801 Sed
188 779 330 809 antequam
345 773 377 800 de
393 774 558 800 accusatione
573 774 631 808 ipsa
647 773 714 803 dico,
732 773 765 798 de
780 781 859 798 accu-

62 816 179 838 satorum
191 820 238 846 spe
249 820 331 846 pauca
343 811 439 837 dicam.
461 810 512 843 Qui
523 819 609 845 quum
621 810 762 837 videantur
772 818 859 845 neque

62 850 179 885 ingenio,
197 857 284 884 neque
298 857 351 875 usu
366 852 447 883 atque
461 849 646 875 exercitatione
658 857 747 874 rerum
759 847 856 878 valere,

62 890 150 913 tamen
166 886 199 912 ad
215 886 283 912 banc
297 894 419 912 caussam
432 894 484 912 non
495 886 553 912 sine
564 885 653 921 aliqua
664 894 712 920 spe
723 890 748 911 et
759 886 859 920 cogita-

62 924 132 950 tione
147 927 289 950 venerunt.
326 924 368 950 111.
387 925 411 950 8.
428 924 527 949 Iratum
540 927 564 950 te
575 924 630 959 regi
642 924 762 949 Deiotaro
774 922 858 948 fuisse

62 970 114 988 non
129 965 203 988 erant
219 961 314 993 nescii;
342 960 465 987 affectum
481 960 559 987 illum
575 960 738 996 quibusdam
755 961 858 986 incom-

61 998 149 1025 modis
164 1003 190 1025 et
204 998 380 1029 detrimentis,
398 1003 506 1033 propter
519 998 691 1025 offensionem
708 998 791 1024 animi
806 998 854 1028 tui,

60 1037 249 1062 meminerant:
277 1040 356 1070 teque
366 1044 452 1071 quum
464 1035 527 1062 huic
538 1036 645 1067 iratum,
659 1040 715 1062 tum
727 1036 779 1062 sibi
791 1035 857 1061 ami-

60 1082 122 1100 cum
138 1082 195 1100 esse
211 1077 402 1109 cognoverant:
435 1082 575 1109 quumque
590 1073 661 1108 apud
677 1074 767 1108 ipsum
784 1077 808 1099 te
824 1072 857 1099 de

60 1115 106 1137 tuo
120 1110 240 1146 periculo
255 1111 380 1142 dicerent,
399 1110 454 1137 fore
469 1111 607 1145 putabant,
627 1116 657 1137 ut
667 1112 693 1137 in
706 1110 857 1137 exulcerato

59 1148 149 1175 animo
167 1148 244 1174 facile
265 1148 356 1174 fictum
377 1149 478 1175 crimen
499 1148 637 1175 insideret.
677 1148 854 1180 Quamobrem

59 1185 109 1212 hoc
129 1194 177 1212 nos
197 1186 314 1220 primum
331 1191 413 1218 metu,
432 1186 460 1213 C.
478 1186 581 1218 Caesar,
599 1194 645 1221 per
660 1186 739 1212 fidem
756 1191 781 1212 et
794 1195 857 1212 con-

59 1223 184 1250 stantiam
200 1227 226 1249 et
240 1223 409 1249 clementiam
426 1228 500 1250 tuam
517 1223 608 1255 libera,
622 1232 654 1250 ne
666 1224 781 1250 residere
794 1224 819 1249 in
832 1227 856 1249 te

59 1260 142 1287 ullam
159 1264 261 1295 partem
276 1260 430 1287 iracundiae
446 1261 626 1295 suspicemur.
660 1261 709 1287 Per
720 1261 856 1287 dexteram

59 1301 84 1324 te
100 1298 178 1324 istam
190 1306 244 1328 oro,
257 1306 338 1332 quam
349 1298 406 1334 regi
417 1298 536 1325 Deiotaro
547 1298 644 1333 hospes
656 1298 753 1333 hospiti
767 1307 856 1333 porre-

59 1335 137 1361 xisti:
164 1335 252 1366 istam,
270 1335 390 1370 inquam,
408 1335 554 1367 dexteram,
573 1344 625 1362 non
638 1340 690 1362 tam
702 1337 729 1362 in
741 1335 819 1362 bellis
831 1340 856 1361 et

58 1372 86 1398 in
103 1372 220 1407 praeliis,
241 1381 322 1407 quam
338 1373 365 1399 in
378 1373 518 1407 promissis
530 1378 554 1399 et
567 1373 617 1399 fide
629 1373 783 1399 firmiorem.
815 1373 854 1399 Tu

58 1409 134 1436 illius
150 1409 261 1436 domum
276 1410 352 1441 inire,
370 1414 399 1436 tu
415 1414 492 1436 vetus
510 1410 655 1445 hospitium
672 1419 798 1437 renovare
809 1419 856 1437 vo—

58 1445 146 1479 luisti,
173 1451 199 1473 te
214 1447 274 1473 eius
289 1447 327 1473 dii
344 1452 452 1482 penates
467 1452 640 1483 acceperunt3
666 1452 691 1474 te
702 1449 817 1474 amicum
829 1452 855 1474 et

59 1483 193 1519 placatum
219 1484 332 1511 Deiotari
361 1485 431 1520 regis
455 1494 515 1512 arae
536 1485 641 1520 focique
661 1485 796 1512 viderunt.
828 1487 853 1511 9.

57 1521 148 1553 Quum
169 1520 246 1548 facile
261 1522 338 1553 orari,
370 1521 474 1554 Caesar,
494 1527 550 1549 tum
565 1523 647 1549 semel
660 1524 760 1550 exorari
772 1523 852 1549 soles.

57 1559 142 1585 Nemo
162 1567 290 1594 umquam
312 1563 336 1585 te
352 1559 467 1593 placavit
481 1560 617 1592 inimicus,
634 1561 682 1596 qui
699 1560 768 1587 ullas
784 1569 855 1586 rese-

57 1595 130 1622 disse
146 1596 173 1622 in
190 1600 214 1623 te
230 1596 375 1623 simultatis
391 1597 518 1632 reliquias
530 1598 653 1624 senserit.
685 1597 853 1632 Quamquam

56 1634 102 1660 cui
111 1637 175 1660 sunt
185 1633 321 1660 inauditae
334 1642 396 1660 cum
408 1635 529 1661 Deiotaro
541 1635 665 1670 querelae
677 1635 754 1661 tuae‘?
770 1636 854 1661 Num-

55 1678 138 1706 quam
155 1675 182 1697 tu
199 1671 276 1697 illum
289 1672 457 1703 accusavisti,
472 1677 501 1699 ut
513 1672 624 1703 bostem,
639 1672 685 1699 sed
698 1677 726 1698 ut
737 1673 853 1699 amicum

55 1707 142 1735 officio
158 1716 251 1742 parum
269 1708 400 1740 functum,
417 1709 489 1744 quod
506 1711 662 1744 propensior
676 1710 703 1736 in
716 1710 763 1737 Cn.
777 1711 855 1736 Pom-

56 1745 109 1780 peii
125 1746 268 1772 amicitiam
282 1745 386 1777 fuisset,
399 1755 480 1781 quam
493 1747 519 1773 in
535 1752 617 1773 tuam.
640 1747 689 1774 Cui
702 1752 789 1774 tamen
801 1748 853 1782 ipsi

56 1783 95 1809 rei
109 1783 214 1809 veniam
230 1787 254 1810 te
265 1783 390 1810 daturum
402 1792 461 1810 esse
473 1784 589 1816 dicebas,
603 1785 626 1811 si
639 1789 740 1812 tantum
753 1785 853 1812 auxilia

56 1819 189 1854 Pompeio,
205 1820 244 1847 vel
257 1821 280 1848 si
292 1822 371 1847 etiam
382 1821 468 1848 filium
479 1822 606 1853 misisset,
614 1823 672 1857 ipse
683 1823 854 1849 excusatione

56 1858 148 1884 aetatis
164 1866 232 1884 usus
247 1862 327 1884 esset.
360 1860 400 1885 10.
414 1860 449 1885 lta
464 1868 549 1894 quum
561 1860 687 1886 maximis
699 1869 760 1886 eum
773 1861 853 1887 rebus

57 1893 196 1925 liberares,
220 1903 376 1930 perparvam
398 1896 530 1923 amicitiae
545 1896 651 1932 culpam
670 1897 852 1932 relinquebas.

55 1931 147 1966 ltaque
158 1939 209 1958 non
221 1932 308 1959 solum
320 1933 347 1959 in
359 1941 421 1959 eum
433 1942 485 1960 non
497 1934 718 1965 animadvertisti,
727 1935 774 1961 sed
781 1936 853 1962 omni

55 1973 129 1995 metu
145 1968 305 2001 liberavisti,
324 1969 456 2005 hospitem
472 1972 617 2006 agnovisti,
636 1980 726 2008 regem
742 1972 854 2008 reliqui-

55 2005 100 2032 sti.
127 2006 220 2040 Neque
235 2007 306 2033 enim
325 2006 370 2034 ille
385 2007 446 2034 odio
463 2009 499 2034 tui
516 2017 686 2044 progressus,
703 2009 751 2036 sed
767 2018 853 2037 errore

54 2044 192 2070 communi
209 2043 301 2078 lapsus
317 2049 367 2071 est.
403 2046 427 2071 Is
446 2054 501 2075 rex,
519 2054 600 2080 quem
619 2050 729 2072 senatus
746 2047 794 2073 lioc
806 2057 853 2074 no-

55 2080 128 2106 mine
143 2088 222 2115 saepe
239 2081 515 2108 honorificentissimis
527 2083 640 2109 decretis
651 2083 850 2118 appellavisset,

53 2117 157 2153 quique
177 2117 256 2144 illum
279 2118 399 2145 ordinem
419 2119 452 2145 ab
468 2119 644 2147 adolescentia
659 2121 851 2156 gravissimum

54 2155 311 2190 sanctissimumque
321 2156 454 2188 duxisset,
468 2156 562 2183 iisdem
575 2158 655 2184 rebus
667 2159 852 2193 estperturba-

54 2195 108 2223 tus,
132 2192 211 2219 homo
233 2192 398 2228 longinquus
419 2198 444 2220 et
462 2193 620 2230 alienigena,
642 2196 744 2230 quibus
761 2205 808 2223 nos
824 2198 850 2223 in

54 2229 141 2256 media
154 2229 292 2265 republica
304 2231 524 2266 natisemperque
532 2233 638 2259 versati.
662 2233 703 2259 Ν.
714 2234 850 2266 tt.Quum

55 2266 171 2298 audiret,
189 2271 298 2294 senatus
314 2269 504 2295 consentientis
519 2270 672 2296 auctoritate
688 2279 758 2297 arma
775 2280 852 2297 sum-
873 2269 874 2274 ¹

54 2308 98 2339 pta
118 2313 192 2332 osse:
224 2305 391 2337 consulibus,
416 2306 591 2340 praetoribus,
615 2307 730 2334 tribunis
752 2308 848 2343 plebis,

54 2341 131 2368 uobis
150 2342 357 2377 imperatoribus
378 2343 571 2378 rempublicam
593 2344 787 2372 defendendam
804 2346 852 2372 da—

54 2382 122 2406 tam:
148 2380 305 2406 movebatur
322 2381 419 2411 animo,
438 2385 464 2406 et
479 2381 527 2412 vir,
546 2381 608 2407 huic
621 2382 732 2416 imperio
743 2384 852 2410 amicis·
879 2415 880 2418 Ἰ

53 2416 149 2448 simus,
167 2416 201 2443 de
217 2417 303 2444 salute
318 2418 411 2452 populi
425 2418 534 2444 Romani
547 2419 745 2449 extimescebat,
759 2421 786 2446 in
797 2429 850 2456 qua

53 2453 134 2480 etiam
155 2462 232 2481 suam
248 2454 380 2482 inclusam
397 2455 512 2482 videbat.
548 2456 576 2482 ln
592 2464 700 2483 summo
715 2462 801 2484 tamen
818 2458 850 2484 ti-

54 2497 126 2518 more
145 2492 341 2526 quiescendum
363 2493 416 2519 sibi
432 2501 490 2519 esse
506 2493 692 2520 arbitrabatur.
735 2495 850 2521 Maxime

54 2535 117 2554 vero
136 2529 307 2563 perturbatus
328 2534 376 2562 est,
400 2534 429 2557 ut
448 2530 560 2561 audivit,
583 2530 708 2557 consules
728 2540 762 2558 ex
778 2532 849 2558 ltalia

54 2563 214 2601 profugisse,
232 2575 379 2602 omnesque
391 2567 553 2599 consulares
566 2567 614 2602 (sic
625 2569 695 2594 enim
708 2569 850 2596 nuntiaba-

55 2600 119 2636 tur,)
137 2607 264 2631 cunctum
285 2610 416 2636 senatum,
436 2610 515 2631 totam
534 2605 634 2631 Italiam
651 2614 710 2632 csse
726 2606 847 2633 offusam.

56 2679 108 2702 tem
124 2676 175 2707 via,
194 2685 242 2705 nee
257 2678 305 2705 ulli
322 2680 378 2706 veri
395 2680 481 2706 nuntii
497 2680 742 2715 subsequebantur.
775 2681 847 2708 Nihil

1284 142 1303 169 C
1317 143 1338 169 A
1353 143 1381 168 P.
1418 145 1426 168 1
1451 158 1487 162 -
1508 145 1533 170 6.
1655 145 1705 170 595

910 211 957 238 ille
972 212 1005 239 de
1020 212 1221 239 conditionibus
1236 214 1299 245 tuis,
1317 213 1384 240 nihil
1400 213 1432 240 de
1447 213 1537 240 studio
1551 214 1706 242 concordiae

911 254 936 276 et
950 251 1031 284 pacis,
1049 250 1116 276 nihil
1128 250 1161 276 de
1171 251 1365 285 conspiratione
1376 251 1502 277 audiebat
1511 256 1643 278 certorum
1658 252 1706 279 ho—

911 288 1015 313 minum
1031 292 1120 314 contra
1136 288 1292 324 dignitatem
1309 293 1391 315 tuam.
1423 288 1496 321 Quae
1510 297 1596 324 quum
1613 290 1646 316 ita
1663 298 1706 315 es-

911 329 978 355 sent,
996 329 1084 351 tamen
1103 334 1189 360 usque
1205 334 1235 352 eo
1247 334 1275 352 se
1287 327 1380 357 tenuit,
1393 325 1481 361 quoad
1493 335 1505 352 a
1518 326 1566 353 Cn.
1579 327 1707 361 Pompeio

911 362 943 387 ad
955 370 1016 388 eum
1029 362 1107 398 legati
1119 362 1273 398 litteraeque
1284 368 1422 390 venerunt.
1456 365 1496 390 42.
1508 364 1627 399 Ignosce,
1643 364 1707 390 Cae-

911 408 962 429 sar,
981 400 1003 425 si
1018 400 1077 425 eius
1093 400 1144 426 viri
1155 401 1303 427 auctoritati
1316 410 1361 427 rex
1373 401 1510 427 Deiotarus
1521 402 1610 433 cessit,
1623 410 1706 436 quem

912 445 958 462 nos
979 445 1072 463 omnes
1091 438 1176 463 secuti
1192 446 1301 464 sumus:
1332 439 1359 464 in
1374 447 1454 474 quem
1471 447 1555 474 quum
1571 439 1609 465 dii
1626 444 1706 474 atque

912 473 1034 500 homines
1053 475 1140 500 omnia
1152 480 1304 501 ornamenta
1315 477 1522 511 congessissent,
1539 481 1596 502 tum
1609 481 1637 502 tu
1648 477 1706 511 ipse

912 510 1027 545 plurima
1043 517 1069 538 et
1084 513 1210 538 maxima.
1236 513 1329 547 Neque
1345 514 1426 545 enim,
1444 514 1467 539 si
1484 518 1543 540 tuae
1559 522 1601 540 res
1616 518 1706 549 gestae

911 553 1057 575 ceterorum
1079 549 1204 575 laudibus
1224 550 1413 577 obscuritatem
1435 551 1590 582 attulerunt,
1608 551 1707 578 idcirco

912 585 959 612 Cn.
977 586 1094 621 Pompeii
1111 588 1265 613 memoriam
1280 589 1431 614 amisimus.
1462 588 1598 620 Quantum
1610 597 1706 615 nomen

911 623 969 649 eius
985 623 1073 654 fuerit,
1091 629 1204 658 quantae
1219 633 1296 659 opes,
1310 630 1407 660 quanta
1420 626 1446 652 in
1458 627 1530 652 omni
1541 635 1637 662 genere
1649 626 1707 652 hel-

912 659 998 686 lorum
1018 660 1110 696 gloria,
1128 663 1221 696 quanti
1238 663 1350 688 honores
1366 663 1458 697 populi
1474 664 1594 694 Romani,
1613 664 1705 698 quanti

910 702 1028 728 senatus,
1047 700 1140 733 quanti
1157 700 1208 730 tui,
1226 700 1288 735 quis
1304 700 1424 736 ignorat?
1443 700 1548 732 Quanto
1563 701 1608 727 ille
1625 709 1706 736 supe-

910 736 992 761 riores
1014 736 1112 762 vicerat
1132 736 1225 772 gloria,
1249 741 1320 763 tanto
1341 743 1368 763 tu
1390 738 1516 764 omnibus
1539 739 1704 772 praestitisti.

910 773 1001 807 Itaque
1014 773 1189 808 Cn.P0mpeii
1201 773 1420 805 bella,vict0rias‚
1435 776 1594 810 triumphos,
1608 784 1706 802 consu-

911 809 989 841 latus,
1003 810 1165 837 admirantes
1177 812 1398 838 numerabamus:
1417 817 1476 838 tuos
1487 821 1642 839 enumerare
1654 821 1706 839 non

910 855 1066 881 possumus.
1102 849 1132 874 V.
1153 850 1191 875 43.
1208 849 1248 875 Ad
1259 858 1320 875 eum
1332 850 1414 885 igitur
1427 858 1473 876 rex
1485 850 1621 876 Deiotarus
1633 851 1707 877 venit

911 884 960 911 hoc
975 885 1072 911 misero
1087 885 1214 921 fatalique
1229 886 1308 918 bello,
1327 895 1408 922 quem
1421 892 1495 913 antea
1506 888 1586 914 iustis
1601 887 1706 914 hostili-

909 922 1015 957 busque
1031 923 1109 949 bellis
1119 924 1265 954 adiuverat‚
1279 933 1395 959 quocum
1408 929 1462 951 erat
1473 934 1524 951 non
1537 925 1652 960 hospitio
1663 933 1707 951 so-

911 959 975 991 lum,
994 969 1087 986 verum
1104 962 1183 987 etiam
1200 961 1377 988 familiaritate
1392 963 1566 989 coniunctus:
1593 967 1618 989 et
1633 963 1707 989 venit

909 997 950 1023 vel
974 1003 1092 1033 rogatus,
1115 1004 1144 1025 ut
1164 1000 1279 1031 amicus,
1311 999 1353 1026 vel
1375 1000 1528 1030 arcessitus,
1551 1004 1580 1026 ut
1597 1000 1703 1029 socius:

910 1034 951 1060 vel
968 1040 1102 1067 evocatus,
1120 1041 1149 1063 ut
1161 1037 1191 1067 is,
1205 1037 1252 1072 qui
1265 1038 1368 1063 senatui
1381 1046 1471 1072 parere
1483 1037 1635 1064 didicisset:
1658 1045 1706 1072 po—

909 1077 1007 1099 stremo
1018 1074 1100 1104 venit,
1114 1078 1143 1100 ut
1154 1074 1186 1100 ad
1199 1074 1354 1110 fugientem,
1370 1084 1421 1101 non
1434 1075 1703 1110 utadinsequentem,

909 1109 936 1136 id
951 1115 1000 1141 est,
1018 1111 1050 1136 ad
1067 1111 1189 1145 periculi,
1208 1121 1259 1139 non
1276 1112 1308 1138 ad
1324 1113 1450 1139 victoriae
1461 1113 1624 1139 societatem.
1655 1113 1706 1139 Ita—

908 1156 971 1181 que,
994 1148 1145 1176 Pharsalico
1164 1149 1265 1184 praelio
1286 1149 1362 1180 sacto,
1385 1159 1399 1176 a
1419 1150 1546 1185 Pompeio
1566 1150 1703 1176 discessit:

908 1194 985 1219 spem
1007 1186 1138 1213 infinitam
1160 1188 1285 1222 persequi
1303 1187 1400 1219 noluit:
1429 1187 1470 1214 vel
1488 1187 1582 1219 officio,
1600 1189 1623 1214 si
1638 1187 1705 1222 quid

909 1222 1045 1255 debuerat,
1063 1224 1104 1250 vel
1117 1226 1206 1256 errori,
1219 1225 1241 1251 si
1253 1225 1319 1260 quid
1333 1226 1470 1255 nescierat,
1484 1225 1650 1251 satisfactum
1663 1234 1706 1251 es-

908 1269 936 1286 se
957 1260 1048 1288 duxit:
1075 1262 1186 1288 domum
1201 1271 1231 1288 se
1245 1262 1371 1295 contulit,
1398 1267 1477 1298 teque
1492 1262 1704 1289 Alexandrinum

908 1297 1010 1324 bellum
1020 1304 1136 1334 gerente,
1151 1300 1311 1326 utilitatibus
1323 1300 1376 1326 tuis
1389 1301 1486 1335 paruit.
1519 1301 1559 1327 ⁴4.
1573 1300 1619 1326 llle
1629 1309 1706 1326 exer-

907 1336 990 1361 citum
1006 1336 1054 1363 Cn.
1072 1337 1187 1367 Domitii,
1205 1337 1365 1371 amplissimi
1383 1338 1443 1368 viri,
1462 1338 1520 1364 suis
1536 1338 1610 1364 tectis
1626 1342 1706 1364 etco—

908 1373 960 1407 piis
976 1375 1150 1407 sustentavit3
1177 1374 1222 1401 ille
1238 1375 1375 1409 Ephesum
1393 1375 1424 1401 ad
1440 1383 1511 1405 eum,
1529 1383 1610 1409 quem
1627 1379 1655 1401 tu
1672 1383 1705 1401 ex

908 1411 960 1436 tuis
968 1411 1156 1438 fidelissimum
1168 1417 1193 1438 et
1204 1412 1423 1446 probatissimum
1435 1412 1561 1438 omnibus
1569 1412 1702 1447 delegisti,

908 1449 1049 1482 pecuniam
1066 1449 1152 1481 misit,
1188 1449 1233 1475 illc
1250 1450 1355 1479 iterum,
1374 1449 1418 1475 ille
1435 1450 1519 1480 tertio,
1534 1449 1704 1476 auctionibus

909 1485 991 1516 factis,
1016 1487 1156 1520 pecuniam
1174 1486 1255 1515 dedit,
1274 1496 1326 1521 qua
1342 1486 1374 1512 ad
1391 1486 1492 1512 bellum
1511 1491 1628 1519 uterere;
1659 1486 1705 1513 ille

906 1531 1003 1557 corpus
1014 1532 1094 1549 suum
1108 1524 1227 1558 periculo
1238 1525 1342 1554 obiecit.
1352 1529 1495 1559 tecumque
1507 1524 1533 1550 in
1546 1525 1600 1550 acie
1614 1529 1704 1550 contra

907 1561 1068 1586 Pharnacem
1090 1560 1148 1591 fuit,
1173 1565 1304 1596 tuumque
1325 1562 1426 1587 bostem
1443 1570 1502 1587 esse
1517 1561 1596 1587 duxit
1611 1570 1702 1588 suum.

906 1598 978 1630 Quae
990 1598 1099 1632 quidem
1113 1607 1126 1624 a
1138 1603 1163 1624 te
1174 1598 1201 1624 in
1213 1606 1270 1624 eam
1287 1604 1386 1633 partem
1399 1604 1505 1633 accepta
1516 1603 1588 1629 suut,
1601 1598 1630 1625 C.
1639 1599 1704 1625 Cae-

906 1644 957 1666 sar,
972 1635 1702 1671 uteumamplissimoregislionoreetnomineafl‘eceris.

965 1674 1003 1699 ¹5.
1026 1673 1050 1698 [s
1061 1673 1152 1708 igitur,
1167 1682 1217 1699 non
1230 1674 1308 1699 modo
1319 1682 1332 1699 a
1345 1679 1368 1699 te
1380 1673 1499 1708 periculo
1512 1673 1647 1704 liberatus,
1656 1673 1704 1700 sed

906 1710 984 1736 etiam
992 1710 1090 1736 honore
1097 1710 1266 1745 amplissimo
1275 1715 1392 1741 ornatus,
1403 1711 1600 1747 arguiturdomi
1609 1716 1632 1737 te
1639 1719 1704 1738 suae

907 1747 1053 1774 interficere
1064 1747 1193 1775 voluisse.
1215 1748 1290 1780 Quod
1303 1753 1340 1779 tu,
1355 1749 1405 1774 nisi
1418 1757 1479 1774 eum
1493 1748 1703 1775 furiosissimum

906 1785 1022 1816 iudices,
1041 1786 1172 1820 suspicari
1189 1785 1305 1820 profecto
1317 1794 1368 1812 non
1381 1791 1465 1821 potes.
1498 1786 1530 1812 Ut
1542 1787 1612 1812 enim
1625 1787 1704 1813 omit-

907 1827 972 1854 tam,
991 1823 1069 1849 cuius
1085 1823 1150 1849 tanti
1165 1823 1274 1849 sceleris
1291 1823 1383 1853 fuerit,
1397 1824 1423 1849 in
1435 1829 1579 1858 conspectu
1591 1823 1703 1850 deorum

906 1860 1056 1894 penatium,
1075 1869 1168 1887 necare
1185 1860 1331 1895 bospitem3
1355 1861 1433 1887 cuius
1445 1865 1531 1888 tantae
1544 1861 1704 1896 importuni-

907 1898 976 1928 tatis.
989 1898 1110 1924 omnium
1121 1898 1252 1934 gentium,
1266 1903 1346 1933 atque
1357 1899 1444 1925 omnis
1456 1899 1599 1925 memoriae
1611 1898 1704 1924 claris-

905 1935 1006 1961 simum
1027 1935 1117 1962 lumen
1138 1936 1324 1971 exstinguere;
1346 1937 1424 1962 cuius
1445 1941 1531 1962 tantae
1549 1935 1700 1966 ferocitatis.

906 1973 1032 1999 victorem
1047 1973 1120 1999 orbis
1137 1978 1265 1999 terrarum
1283 1982 1334 2000 non
1347 1974 1535 2002 extimescere:
1557 1975 1637 2000 cuius
1649 1978 1702 1999 tam

905 2010 1045 2036 inhumani
1063 2015 1088 2036 ct
1099 2011 1195 2046 ingrati
1207 2011 1300 2041 animi,
1313 2020 1326 2037 a
1337 2020 1392 2046 quo
1403 2020 1448 2037 rex
1459 2011 1609 2046 appellatus
1621 2016 1699 2038 esset.

905 2047 932 2074 in
943 2056 974 2074 eo
986 2052 1128 2083 tyrannum
1140 2049 1270 2074 inveniri:
1287 2053 1315 2075 ut
1328 2048 1391 2075 baec
1401 2049 1533 2078 omittam,
1546 2050 1624 2074 cuius
1637 2049 1701 2074 tanti

881 2109 882 2114 ,
904 2084 1001 2111 furoris
1014 2085 1073 2116 fuit,
1082 2094 1174 2111 omnes
1187 2094 1271 2121 rcch,
1280 2094 1395 2121 quorum
1408 2086 1485 2112 multi
1498 2091 1572 2112 erant
1584 2086 1699 2115 finitimi.

881 2121 882 2126 ¹
903 2131 997 2148 omnes
1014 2122 1111 2149 liberos
1127 2123 1254 2157 populos,
1272 2132 1365 2149 omnes
1376 2125 1475 2154 socios,
1488 2132 1581 2149 omnes
1594 2123 1703 2158 provin—

880 2164 882 2192 ι
903 2160 971 2190 cias,
992 2160 1080 2186 omnia
1101 2159 1218 2195 denique
1237 2161 1358 2186 omnium
1381 2169 1452 2187 arma
1468 2166 1557 2187 contra
1573 2170 1601 2186 se
1617 2168 1700 2186 unum

880 2197 881 2224 l
903 2196 1036 2223 excitare?
1059 2196 1180 2229 Quonam
1206 2197 1252 2224 ille
1276 2198 1367 2228 modo,
1391 2207 1476 2233 quum
1498 2207 1592 2233 regno,
1615 2206 1700 2232 quum

880 2242 881 2251 ¹
903 2234 994 2264 domo,
1008 2242 1093 2268 quum
1110 2235 1231 2269 coniuge,
1245 2243 1330 2269 quum
1342 2236 1481 2261 carissimo
1493 2235 1546 2261 lilio
1557 2235 1701 2261 distractus

903 2275 981 2301 esset,
995 2276 1066 2297 tanto
1078 2271 1176 2297 scelere
1188 2280 1239 2297 non
1252 2272 1330 2298 modo
1342 2272 1466 2307 poi-fecto.
1480 2273 1526 2298 scd
1538 2273 1616 2298 etiam
1628 2272 1701 2306 cogi-

903 2308 973 2334 tato‘?
1003 2309 1044 2334 Vt.
1070 2310 1108 2334 ⁴6.
1122 2308 1162 2338 At,
1179 2309 1266 2338 credo,
1282 2309 1344 2334 hacc
1358 2309 1436 2335 honio
1447 2309 1613 2335 inconsultus
1626 2314 1649 2335 ct
1663 2314 1701 2334 te-

903 2346 1033 2371 merarius
1050 2354 1101 2371 non
1118 2345 1234 2371 videbat.
1275 2346 1341 2377 Quis
1352 2347 1542 2372 consideratior
1554 2346 1617 2372 illu'?
1637 2347 1700 2381 quis

903 2382 1012 2409 tectior‘?
1032 2384 1095 2417 quis
1112 2382 1285 2417 prudentior?
1304 2384 1473 2418 Quamquam
1491 2384 1539 2409 hoc
1557 2383 1700 2409 locoDcio-

903 2425 988 2446 tarum
1002 2429 1052 2446 non
1066 2425 1118 2446 tam
1131 2420 1239 2453 ingenio
1249 2425 1273 2446 et
1286 2421 1436 2455 prudentia,
1445 2430 1526 2455 quani
1539 2421 1589 2446 lide
1601 2425 1626 2447 ct
1638 2420 1699 2447 reli-

902 2458 982 2491 gione
994 2458 1063 2483 vitae
1074 2456 1273 2483 ‹lormulvmlum
1287 2463 1360 2492 puto.
1393 2459 1456 2484 Nota
1470 2459 1516 2484 tibi
1529 2462 1578 2486 ost,
1592 2458 1620 2484 (ἶ.
1635 2458 1699 2484 Cae-

902 2504 953 2525 sar,
969 2495 1084 2521 bominis
1097 2495 1224 2529 probitasv
1235 2496 1286 2521 noti
1300 2504 1394 2525 mores,
1405 2501 1464 2522 nota
1475 2496 1632 2521 constantia.
1648 2496 1697 2522 Cui

903 2541 988 2567 porro.
1002 2533 1048 2567 qui
1062 2532 1140 2558 niodo
1151 2532 1243 2567 populi
1257 2533 1365 2559 Romani
1379 2542 1474 2559 nomon
1486 2533 1598 2561 audivit.
1622 2533 1698 2559 noio-

903 2570 949 2595 lari
967 2570 1116 2603 integritas,
1134 2570 1264 2603 gravitas.
1282 2571 1381 2600 virtus,
1399 2571 1465 2597 fidos
1478 2579 1527 2596 non
1539 2570 1628 2596 audita
1641 2570 1699 2597 cst?

878 2526 880 2538 l

871 2616 880 2634 υ
901 2607 976 2639 Quod
991 2607 1072 2642 igitur
1084 2607 1186 2633 facinus
1199 2616 1245 2633 nec
1258 2608 1283 2634 in
1298 2607 1431 2634 bominem
1445 2608 1641 2642 imprudentem
1653 2616 1697 2633 ca—

55 2637 165 2666 Talibus
179 2641 250 2667 enim
268 2642 370 2668 nuntiis
385 2647 411 2669 et
425 2642 579 2669 rumoribus
594 2642 700 2677 patebat
710 2643 743 2670 ad
754 2644 849 2671 Orien·
872 2641 873 2644 ’

901 2644 963 2670 dere
979 2649 1082 2679 posset,
1101 2649 1206 2679 propter
1223 2650 1323 2671 metum
1341 2646 1488 2680 prat-sentis
1504 2646 1592 2675 exitii,
1611 2646 1696 2671 necin

902 2681 1092 2713 facinorosum,
1110 2683 1161 2709 uisi
1181 2687 1252 2709 esset
1267 2682 1338 2710 idem
1350 2683 1560 2713 amentissimus.
1575 2682 1601 2709 id
1614 2691 1660 2710 vos
1671 2687 1697 2709 et

1433 2729 1490 2757 75·
