1941 3052
224 153 265 176 mo
788 153 826 177 lo.
863 151 896 176 Μ.
931 151 960 176 Τ.

217 222 393 248 redundantes
417 230 463 247 nos
485 225 509 246 et
536 220 728 255 superfluentes
755 220 864 246 iuvenili
888 220 1002 254 quadarn

217 258 320 285 itit-endi
337 259 493 292 impunitati·
507 262 531 282 et
547 258 649 283 lit-entia
665 257 816 290 reprimi-ret
831 258 942 291 vtquani
957 265 1003 283 ex-

218 302 254 323 trn
270 296 340 330 ripas
353 294 503 321 difflui-ntes
517 299 654 320 coerceret.
691 295 725 319 ltu
741 294 825 327 recepi
842 302 883 319 nic
897 294 1004 319 biennio

219 337 277 368 post
292 342 341 358 nou
357 332 434 358 ruodo
447 332 618 360 exercitatior,
636 330 680 355 aed
696 339 776 364 propi·
791 334 917 355 mutatus.
939 331 1003 356 Num

217 376 240 396 et
259 370 389 396 contentio
409 370 488 394 nimia
505 369 574 393 vovis
590 367 718 393 rest-derat
732 367 740 378 ⁶
756 372 780 392 vt
793 368 870 401 (iliani
885 367 1005 393 deserve-

219 413 256 433 rat
279 408 372 435 oratio.
399 406 576 439 lateribusque
601 405 669 430 vires
695 409 719 429 et
740 404 842 438 corpori
867 404 1005 430 mediocria

219 445 325 470 babitus
339 447 491 468 arcesserat.

276 481 352 506 thll.
369 481 425 505 Ill'i'.
448 480 501 504 lluo
516 483 570 504 tum
586 477 749 503 excellebant
763 482 885 507 oratores,
902 478 948 512 qui
964 486 1005 504 me

220 517 338 544 imitandi
363 516 506 550 eupiditate
529 515 674 545 incitari-ut,
701 515 772 540 Cotta
791 519 816 540 et
835 515 1002 540 Hortensius:

218 563 331 590 qnorum
347 553 410 579 alter
421 554 548 578 remissus
559 557 583 578 et
596 552 662 578 lenis
673 557 697 578 et
710 553 822 586 propriis
836 552 923 577 verbis
934 561 1006 578 com-

219 591 385 626 prehendi-ns
399 590 484 615 solute
498 594 522 615 ct
538 589 612 615 facile
626 590 796 615 sententiam:
813 589 877 615 alter
887 594 1003 619 ornatus,

219 638 277 654 aver
291 632 314 653 et
330 636 379 653 nou
395 627 463 657 talis,
479 627 585 661 ‹pialem
601 631 627 652 tu
643 635 713 656 eum,
731 627 817 654 Brute.
835 627 885 652 iam
897 625 1006 652 deflore-

218 670 332 691 scentem
351 664 507 699 cognovisti,
528 664 573 689 sed
592 664 701 689 actionis
716 668 741 689 et
756 664 895 689 verborum
910 671 1005 697 genere

218 702 380 728 cmnmotior.
415 702 504 736 ltaque
521 710 582 727 cum
602 701 738 727 llortensio
757 701 821 726 mihi
837 701 921 734 magis
936 700 1006 726 arbi-

219 740 304 766 trabar
318 748 371 765 rem
387 748 453 769 esse,
469 738 540 772 quod
556 743 579 764 et
594 738 698 764 dit-endi
714 738 804 764 ardore
818 746 888 763 eram
901 738 1006 772 propior

218 782 242 803 ct
256 781 337 802 aetate
351 776 523 802 coniunctior.
540 776 642 801 Etenim
655 775 771 801 videram
785 775 810 801 in
823 775 916 800 iisdem
928 783 1006 800 caus-
1026 782 1034 790 '¹

217 815 263 844 sis,
286 818 314 839 ut
329 822 374 847 pro
390 813 424 839 M.
439 812 574 843 Canuleio,
591 821 637 847 pro
652 812 699 838 Cn.
715 812 846 838 Dolabella
861 812 1003 842 consulari,

217 859 301 885 quum
324 850 396 877 Cotta
416 851 538 884 princeps
556 850 692 876 adhibitus
710 853 787 880 esset,
805 849 904 883 priores
919 853 1004 874 tamen

218 896 294 921 agere
314 892 400 921 partes
419 887 595 913 llortensium.
618 887 710 912 Acrem
725 887 795 912 enim
810 891 947 916 oratorem,
964 887 1006 912 in-

217 934 326 951 censum
345 929 369 951 et
387 929 507 959 agentem
526 929 550 950 et
568 933 692 950 canorum
706 932 852 949 concursus
867 924 1004 949 hominum

219 962 321 997 forique
334 963 462 996 strepitus
476 961 616 987 desiderat.
632 963 689 987 318.
703 961 789 987 Unum
802 961 884 995 igitur
893 969 1002 991 annum,

217 1008 301 1034 quum
322 999 494 1025 rediissemus
511 1008 545 1024 ex
563 999 633 1029 Asia,
650 1007 757 1024 caussas
773 997 874 1024 nobiles
889 998 1002 1030 egimus,

217 1045 300 1071 quum
316 1041 485 1071 quaesturam
501 1044 556 1065 nos,
573 1035 739 1061 consulatum
751 1035 832 1065 Cotta,
845 1035 1004 1061 aedilitatem

200 1083 205 1090 ¹
219 1078 316 1108 peteret
330 1074 493 1099 Hortensius.
527 1073 633 1099 Interim
649 1081 690 1098 me
703 1077 869 1107 quaestorem
882 1072 1005 1098 Sicilien-
1025 1090 1026 1097 ,

217 1111 255 1136 sis
277 1111 380 1145 excepit
402 1119 500 1142 annus3
532 1110 604 1136 Cotta
618 1118 651 1136 ex
664 1109 802 1135 consulatu
817 1114 856 1135 est
871 1109 1004 1144 profectus

218 1148 244 1173 in
259 1147 386 1174 Galliam:
409 1149 532 1182 princeps
546 1151 571 1173 et
581 1151 635 1173 erat
646 1152 671 1172 et
681 1147 827 1173 habebatur
837 1147 1002 1172 Hortensius.

217 1184 305 1217 Quum
321 1189 407 1210 autem
423 1193 491 1211 anno
504 1189 563 1219 post
576 1193 589 1210 e
604 1184 693 1210 Sicilia
709 1193 750 1210 me
764 1184 933 1218 recepissem,
952 1184 1004 1210 iam

217 1221 357 1248 videbatur
371 1221 438 1247 illud
452 1222 479 1248 in
494 1221 685 1256 me,quidquid
699 1226 843 1252 esset,esse
859 1221 1003 1255 perfectum
1025 1241 1026 1245 .

217 1263 242 1285 et
255 1259 352 1285 habere
367 1259 542 1285 maturitatem
557 1258 699 1293 quamdam
713 1267 799 1284 suam.
821 1259 906 1284 Nimis
921 1258 1004 1284 multa

218 1296 308 1322 videor
328 1296 361 1322 de
384 1305 434 1327 me,
454 1297 511 1330 ipse
526 1296 692 1330 praesertim,
724 1296 771 1321 sed
786 1296 857 1322 omni
873 1296 935 1321 huic
949 1304 1005 1321 ser-
1025 1312 1027 1316 ι

216 1334 287 1359 moni
308 1333 471 1368 propositum
490 1337 538 1363 est.
560 1342 610 1359 non
629 1337 657 1359 ut
675 1333 815 1368 ingenium
834 1337 860 1359 et
877 1333 1004 1367 eloquen-
1024 1342 1027 1351 ¹

216 1371 279 1397 tiam
294 1379 379 1396 meam
394 1370 546 1404 perspicias,
567 1369 637 1396 unde
652 1369 728 1405 longe
742 1370 846 1400 absum,
862 1370 909 1396 sed
924 1374 953 1396 ut
968 1370 1005 1396 la-

216 1407 306 1434 borem
329 1412 354 1434 et
375 1407 543 1433 industriam.
578 1409 634 1433 3⁴9.
659 1406 748 1439 Quum
767 1408 849 1442 igitur
872 1416 957 1433 essem
976 1408 1003 1433 in

217 1445 340 1479 plurimis
354 1445 455 1471 caussis
470 1449 494 1470 et
508 1445 534 1470 in
547 1444 713 1479 principibus
725 1445 841 1479 patronis
851 1445 1005 1479 quinquen-

217 1483 290 1508 nium
310 1481 363 1508 fere
382 1486 510 1513 versatus,
531 1486 587 1508 tum
601 1482 628 1507 iu
643 1482 786 1516 patrocinio
801 1481 933 1508 Siciliensi
949 1490 1005 1507 ma-

216 1520 287 1545 xime
310 1519 336 1545 in
353 1523 484 1545 certamen
499 1519 559 1545 veni
580 1518 735 1553 designatus
749 1519 842 1545 aedilis
856 1527 917 1545 cum
932 1518 1004 1545 desi—

215 1560 294 1591 gnato
307 1555 416 1582 consule
430 1556 576 1583 Hortensio.
603 1555 694 1582 XCIII.
711 1555 762 1582 Sed
776 1557 903 1591 quoniam
916 1557 1004 1582 omnis

216 1594 259 1620 hic
281 1602 368 1619 sermo
391 1597 478 1620 noster
501 1602 552 1619 non
574 1593 661 1619 solum
680 1594 904 1620 enumerationem
919 1598 1004 1620 orato-

217 1631 295 1661 riam,
319 1639 412 1656 verum
435 1631 512 1656 etiam
539 1635 676 1665 praecepta
700 1630 830 1665 quaedam
856 1630 1000 1656 desiderat:

215 1667 281 1702 quid
300 1671 434 1702 tamquam
453 1667 596 1694 notandum
611 1672 636 1693 et
649 1667 913 1693 animadvertendum
928 1668 962 1693 sit
976 1668 1002 1693 in

217 1705 361 1735 Hortensio,
386 1704 500 1730 breviter
522 1704 582 1730 licet
607 1703 703 1730 dicere.
737 1706 795 1730 320.
819 1705 884 1730 Nam
903 1705 926 1730 is
945 1709 1003 1739 post

215 1741 382 1768 consulatum
401 1741 488 1777 (credo
506 1741 578 1776 quod
597 1740 697 1767 videret
711 1750 743 1768 ex
756 1741 942 1768 consularibus
957 1750 1004 1767 ne-

216 1779 314 1805 minem
337 1787 394 1804 esse
416 1787 507 1805 secum
524 1778 740 1813 comparandum,
758 1778 901 1814 negligeret
915 1783 1002 1805 autem

215 1824 268 1846 eos,
285 1816 332 1850 qui
345 1815 468 1841 consules
483 1824 534 1842 non
549 1815 682 1849 fuissent,)
696 1824 833 1842 summum
844 1815 910 1842 illud
922 1824 1001 1841 suum

215 1852 336 1879 studium
355 1853 464 1883 remisit,
484 1861 538 1887 quo
551 1862 565 1879 a
579 1861 662 1887 puero
676 1852 760 1879 fuerat
773 1853 907 1884 incensus,
924 1857 1003 1887 atque

215 1890 243 1916 in
261 1890 380 1916 omnium
399 1897 487 1916 rerum
502 1890 662 1916 abundantia
676 1889 761 1916 voluit
774 1890 886 1920 beatius,
903 1894 932 1916 ut
945 1891 1003 1924 ipse

217 1926 333 1961 putabat,
349 1927 487 1953 remissius
501 1932 570 1953 certe
584 1928 683 1953 vivere.
710 1927 816 1953 Primus
829 1931 855 1953 et
867 1927 1002 1953 secundus

215 1972 301 1990 annus
319 1968 344 1990 et
358 1964 450 1990 tertius
465 1968 566 1990 tantum
580 1965 657 1999 quasi
671 1964 704 1990 de
718 1964 836 1998 picturae
849 1965 946 1990 veteris
959 1973 1004 1990 co—

217 2000 269 2027 lore
282 2000 436 2031 detraxerat,
450 2006 579 2036 quantum
595 2010 646 2028 uon
659 2001 750 2036 quivis
764 2009 835 2027 unus
849 2009 882 2027 ex
892 2001 1000 2036 populo,

215 2037 261 2064 sed
284 2038 447 2064 existimator
468 2038 561 2065 doctus
583 2043 608 2064 et
631 2038 782 2074 intelligens
800 2043 889 2073 posset
906 2046 1003 2074 cogno-

215 2083 296 2101 scere.
331 2075 448 2110 Longius
471 2080 558 2102 autem
582 2075 726 2110 procedens
745 2080 775 2101 ut
792 2076 820 2102 in
837 2076 930 2102 ceteris
949 2075 1003 2102 elo-

215 2112 340 2146 quentiae
358 2112 486 2146 partibus,
507 2117 563 2138 tum
583 2113 698 2139 maxime
715 2113 742 2138 in
756 2112 888 2139 celeritate
902 2117 928 2138 et
939 2121 1003 2139 con—

216 2149 360 2176 tinuatione
383 2149 523 2175 verborum
551 2149 749 2180 adhaerescens,
777 2150 821 2176 sui
846 2149 1003 2176 dissimilior

216 2186 356 2212 videbatur
365 2186 420 2212 lieri
429 2186 556 2221 quotidie.
573 2188 616 2213 32⁴
625 2207 630 2212 .
639 2187 692 2213 Nos
702 2191 790 2213 autem
797 2195 848 2213 non
855 2186 1002 2213 desisteba-

216 2231 284 2254 mus,
304 2231 389 2258 quum
403 2224 475 2250 omni
488 2232 584 2259 genere
597 2224 799 2255 exercitationis,
815 2230 872 2250 tum
886 2225 1002 2250 maxime

215 2261 242 2286 in
256 2260 324 2291 stilo,
341 2265 460 2287 nostrum
474 2261 551 2292 illud,
567 2261 640 2296 quod
658 2265 720 2291 erat,
737 2269 841 2297 augere,
857 2265 1003 2296 quantum-

214 2305 331 2332 cumque
344 2301 407 2324 erat.
441 2298 537 2332 Atque,
553 2303 582 2324 ut
595 2297 679 2324 multa
692 2298 821 2329 omittam,
836 2299 864 2324 in
878 2298 927 2324 hoc
940 2306 1003 2333 spa-

215 2335 250 2360 tio
271 2339 296 2360 et
313 2335 340 2360 in
359 2333 424 2361 his*
442 2340 501 2369 post
519 2334 678 2361 aedilitatem
692 2335 777 2365 annis,
793 2340 819 2362 et
832 2340 934 2370 praetor
947 2336 1003 2370 pri-

215 2379 275 2397 mus
290 2376 314 2398 et
327 2371 476 2398 incredibili
491 2372 583 2406 populi
597 2372 731 2398 voluntate
745 2380 805 2398 sum
819 2371 914 2398 factus.
935 2373 1001 2399 Nam

215 2416 298 2442 quum
317 2413 422 2443 propter
440 2409 622 2435 assiduitatem
635 2410 663 2436 in
676 2410 779 2435 caussis
793 2414 818 2435 et
831 2409 998 2440 industriam,

215 2449 271 2470 tum
290 2450 396 2480 propter
413 2447 574 2481 exquisitius
592 2451 617 2472 et
630 2446 740 2472 minime
753 2445 863 2482 vulgare
877 2447 1001 2473 orationis

215 2489 299 2516 genus
317 2483 418 2509 animos
437 2483 576 2510 hominum
589 2483 622 2509 ad
636 2491 678 2509 me
691 2483 797 2509 dicendi
812 2484 926 2510 novitate
939 2492 1002 2510 con-

215 2522 353 2544 verteram.
375 2520 512 2546 322.Nihil
526 2520 559 2546 de
573 2529 615 2546 me
628 2519 728 2546 dicam:
750 2520 836 2546 dicam
850 2520 882 2546 de
895 2521 998 2551 ceteris,

215 2563 329 2588 quorum
349 2564 425 2582 nemo
442 2561 504 2588 erat,
520 2558 568 2592 qui
583 2557 716 2583 videretur
733 2557 903 2592 exquisitius,
919 2565 1001 2592 quarn

215 2591 314 2627 vulgus
328 2591 466 2619 hominum
485 2593 620 2620 studuisse
639 2594 745 2624 litteris,
757 2593 858 2629 quibus
873 2593 931 2620 fons
941 2602 1002 2629 per—

216 2627 297 2654 fectae
319 2628 484 2664 eloquentiae
505 2631 668 2663 continetur;
699 2639 788 2662 nemo,
813 2631 861 2665 qui
883 2631 1001 2665 philoso-

215 2664 305 2699 phiam
319 2666 474 2700 complexus
488 2672 565 2698 esset,
586 2672 695 2694 matrem
708 2668 829 2694 omnium
841 2667 907 2694 bene
922 2668 1002 2694 sacto-

995 151 1014 176 t:

1030 149 1268 177 tCssttostS

1030 227 1032 238 ¹
1055 228 1113 246 rum
1132 220 1252 254 beneque
1269 219 1413 248 dir-torum,
1441 228 1529 250 nemo.
1549 222 1596 256 qui
1615 221 1657 247 ius
1674 221 1753 248 civite
1770 222 1839 249 didi-

1031 259 1033 281 }
1055 258 1142 286 risset,
1160 266 1213 283 rem
1229 256 1260 282 ad
1276 257 1390 291 privatas
1403 266 1512 283 catinus
1525 262 1549 283 et
1564 258 1595 283 ad
1606 259 1715 285 oratoris
1725 260 1841 294 pruden-

1032 308 1033 326 3
1056 295 1117 319 tiam
1142 294 1255 319 maxime
1278 294 1466 320 necessariam:
1498 303 1586 324 nemo.
1614 296 1661 330 qui
1688 298 1839 323 memoriam

1056 339 1143 356 rerum
1169 331 1343 356 ltomannruin
1367 335 1473 360 teneret,
1493 340 1526 358 ex
1539 340 1601 366 qua,
1617 333 1639 358 si
1654 333 1761 367 quando
1773 342 1841 368 opus

1056 373 1132 396 esset,
1153 367 1186 393 ab
1201 367 1291 393 inieris
1307 367 1528 402 toa-upluiisnimos
1543 373 1620 394 texte«
1634 371 1771 399 excitari-u
1796 379 1842 396 ne·

1057 414 1107 433 mo,
1120 405 1166 438 qui
1182 404 1295 430 breviter
1309 410 1453 439 arguteque
1468 405 1570 431 inrluw
1583 406 1734 432 ndu-mario
1746 407 1842 433 lauret

1058 441 1176 467 indic-um
1195 442 1297 467 animos
1315 446 1394 476 atque
1412 450 1425 467 a
1444 442 1581 468 severitate
1595 444 1741 478 paullisper
1754 444 1785 470 ad
1801 444 1840 471 hi-

1032 496 1033 499 .
1058 478 1183 504 laritatem
1208 479 1346 512 risumque
1369 478 1528 508 traducerem
1559 488 1648 509 nenio.
1668 482 1715 515 qui
1733 481 1841 507 dilatare

1058 520 1145 549 posset
1159 520 1238 549 atque
1256 525 1268 540 a
1285 516 1387 550 propria
1402 524 1431 540 m·
1444 515 1551 542 delinita
1565 516 1742 551 disputatione
1757 518 1843 544 homi-

1057 553 1097 578 nis
1116 561 1145 577 ac
1160 553 1284 586 temporis
1298 553 1329 578 ad
1343 561 1511 579 communem
1527 555 1708 588 quaestionem
1724 556 1840 581 universi

1033 602 1035 608 ν
1056 590 1160 622 generis
1182 590 1325 615 orationem
1349 590 1506 616 traduceret:
1530 599 1614 619 nemo,
1630 592 1676 626 qui
1694 591 1840 619 delectandi

1057 627 1138 659 uratia
1157 626 1259 661 digredi
1280 636 1422 661 parumper
1435 636 1448 652 a
1462 636 1564 657 caussa,
1582 637 1667 657 nemo,
1683 629 1730 663 qui
1744 628 1776 654 ad
1791 630 1842 655 ira-

1056 663 1179 689 cundiam
1200 673 1295 697 magno
1311 673 1389 698 opere
1404 664 1527 694 iudicem,
1545 674 1629 693 nemo,
1645 665 1691 700 qui
1705 665 1738 691 ad
1752 665 1841 692 netum

1033 716 1035 726 .
1058 705 1145 734 posset
1167 700 1309 729 adtlui·ert·;
1341 709 1430 730 nemo,
1457 702 1504 735 qui
1531 703 1648 728 animum
1675 703 1746 732 eius.
1769 703 1842 738 quod

1058 746 1140 763 unum
1159 742 1198 763 est
1211 739 1319 764 oratoris
1334 739 1448 764 maxime
1462 739 1787 774 proprium‚‹piocumque
1801 749 1842 766 res

1058 774 1210 809 postularet.
1227 775 1383 809 impelleret.
1406 775 1494 801 xctv.
1511 778 1567 802 3213.
1584 777 1774 812 ltaque.quum
1790 778 1841 803 iam

1058 820 1139 846 paene
1154 812 1305 838 evanuisset
1321 813 1484 842 tlon-tensius,
1500 818 1524 838 et
1541 822 1590 845 egro
1603 823 1672 840 anno
1685 823 1751 844 meo,
1768 819 1842 841 sexto

1057 853 1143 875 autem
1160 854 1218 883 post
1233 848 1308 875 illum
1322 849 1468 879 consulem,
1484 850 1576 876 consul
1592 850 1676 876 sactus
1690 860 1785 882 essem,
1801 860 1842 877 rtb

1033 898 1034 902 =
1057 894 1148 912 vocare
1168 894 1196 911 se
1214 886 1245 912 ud
1266 886 1424 913 industriam
1438 887 1532 921 coepit.
1550 896 1590 917 ne,
1606 897 1690 922 quum
1705 897 1781 923 pares
1795 888 1842 915 ho-

1057 932 1118 949 nore
1141 932 1270 953 essemuS,
1295 923 1383 958 aliqua
1398 932 1425 950 re
1443 925 1593 958 superiores
1609 925 1766 952 videremur.
1799 926 1842 952 Sic

1056 960 1196 986 duodecim
1216 964 1275 994 post
1293 969 1382 986 meum
1400 961 1567 987 consulatum
1581 971 1663 988 annos
1677 963 1703 989 in
1718 963 1842 989 maximis

1056 998 1261 1032 caussis-,quum
1275 1006 1324 1030 ego
1337 998 1403 1024 mihi
1417 998 1564 1029 illum,sibi
1579 1008 1620 1024 me
1634 999 1679 1025 ille
1692 999 1839 1029 anteferret,

1055 1035 1272 1061 coniunctissime
1286 1036 1382 1061 versati
1399 1043 1508 1065 sumus:
1534 1035 1741 1071 consulatusque
1756 1045 1840 1067 meus.

1056 1073 1102 1107 qui
1122 1071 1198 1097 illum
1217 1073 1302 1106 primo
1321 1072 1413 1098 leviter
1431 1073 1627 1107 perstrinxerat,
1648 1073 1717 1100 idem
1737 1082 1783 1100 nos
1801 1082 1843 1100 re-

1057 1118 1115 1135 rum
1131 1117 1248 1135 mearum
1262 1114 1406 1143 gestarum,
1421 1118 1489 1144 quas
1503 1110 1548 1136 ille
1561 1110 1748 1140 admirabatur.
1765 1110 1842 1137 laude

1055 1147 1237 1172 coniunxerat.
1263 1147 1320 1173 325.
1337 1147 1450 1173 Maxime
1465 1156 1526 1173 vero
1540 1152 1675 1182 perspecta
1689 1153 1728 1174 est
1743 1149 1843 1174 utrius·

1056 1192 1108 1218 que
1127 1188 1245 1210 nostrum
1264 1184 1415 1210 exercitatio
1433 1184 1523 1219 paullo
1540 1190 1607 1215 ante,
1623 1193 1704 1219 quam
1719 1186 1843 1220 perterri-

1057 1226 1112 1247 tum
1135 1222 1216 1247 armis
1239 1221 1287 1247 hoc
1308 1220 1437 1251 studium.
1463 1222 1550 1251 Brute.
1575 1227 1694 1248 nostrum
1716 1223 1842 1248 conticuit

1025 1270 1033 1288 ῃ
1055 1258 1144 1284 subito
1158 1262 1182 1284 et
1196 1258 1343 1289 ol›mutuit;
1368 1267 1452 1293 quum
1468 1258 1524 1294 lege
1539 1259 1660 1293 Pompeia
1675 1260 1756 1285 ternis
1771 1259 1842 1285 horis

1025 1296 1033 1307 ”
1056 1295 1087 1321 ad
1110 1295 1253 1321 dicendum
1275 1295 1353 1326 datis,
1377 1295 1409 1321 ad
1427 1304 1535 1322 caussas
1553 1296 1704 1329 simillimas
1722 1297 1789 1322 inter
1802 1305 1839 1326 se,

1056 1331 1096 1358 vel
1116 1333 1203 1366 polius
1217 1332 1332 1363 easdem,
1353 1333 1414 1359 novi
1428 1333 1601 1359 veniebamus
1615 1333 1742 1368 quotidie.
1776 1332 1843 1365 Qui-

1056 1370 1106 1395 bus
1129 1369 1238 1404 quidem
1261 1370 1364 1395 caussis
1387 1374 1414 1395 tu
1429 1370 1517 1400 etiam,
1542 1370 1628 1400 Brute,
1651 1375 1754 1404 praesto
1768 1369 1840 1396 suisti

1055 1406 1260 1441 compluresque
1283 1411 1308 1432 et
1331 1407 1469 1433 nobiscum
1491 1411 1515 1433 et
1536 1407 1610 1433 solus
1628 1408 1716 1442 egisti,
1737 1412 1774 1437 ut,
1793 1408 1842 1442 qui

1024 1459 1033 1488 ,³
1056 1452 1106 1470 non
1121 1444 1185 1470 satis
1198 1443 1245 1470 diu
1259 1444 1534 1474 vixerit,t{0rtensius.
1551 1449 1637 1470 tamen
1652 1444 1723 1471 hunc
1732 1453 1842 1471 cursum

1054 1481 1205 1507 contecerit.
1239 1481 1322 1507 Annis
1340 1486 1399 1507 ante
1416 1481 1508 1507 decem
1525 1490 1633 1508 caussas
1651 1490 1728 1517 agere
1745 1482 1839 1516 coepit.

1055 1527 1134 1553 quam
1155 1523 1181 1544 tu
1200 1526 1228 1544 es
1243 1522 1333 1549 natus,
1355 1518 1425 1544 idem
1439 1523 1534 1553 quarto
1546 1523 1571 1544 et
1584 1519 1749 1554 sexagesimo
1762 1527 1839 1548 anno.

1056 1556 1195 1590 perpaucis
1218 1560 1277 1581 ante
1300 1560 1408 1581 mortem
1427 1555 1532 1585 diebus,
1553 1564 1605 1581 una
1619 1560 1706 1582 tecum
1720 1564 1840 1582 socerum

1055 1597 1130 1618 tuum
1149 1591 1267 1618 defendit
1284 1592 1411 1626 Appium.
1445 1592 1553 1618 Dicendi
1567 1597 1654 1618 autem
1670 1601 1755 1628 genus
1768 1592 1841 1627 quod

1055 1629 1134 1655 fuerit
1151 1630 1177 1655 in
1197 1633 1317 1664 utroque.
1337 1629 1467 1656 orationes
1482 1630 1622 1664 utriusque
1635 1630 1713 1656 etiam
1728 1631 1841 1664 posteris

1054 1667 1150 1693 nostris
1164 1666 1326 1692 indicabunt.

1108 1703 1186 1730 XCV.
1202 1705 1261 1730 325.
1277 1703 1328 1730 Sed
1343 1704 1365 1729 si
1380 1704 1544 1739 quaerimus,
1559 1713 1607 1730 cnr
1619 1703 1772 1730 adolescens
1785 1712 1842 1730 ma—

1053 1741 1095 1775 gis
1109 1740 1225 1767 floruerit
1242 1740 1362 1772 dicendo,
1378 1749 1459 1775 quam
1474 1741 1562 1767 senior
1575 1741 1743 1773 Hortensius,
1763 1749 1842 1767 caus-

1053 1786 1097 1804 sas
1111 1778 1274 1812 reperiemus
1287 1778 1441 1804 verissimas
1454 1777 1531 1804 duas.
1562 1779 1690 1809 Primum,
1709 1778 1782 1813 quod
1793 1786 1842 1814 ge-

1024 1821 1025 1826 *
1054 1823 1105 1841 nus
1116 1819 1170 1841 erat
1180 1815 1304 1842 orationis
1316 1815 1470 1846 Asiaticum,
1483 1815 1674 1842 adolescentiae
1683 1815 1768 1850 magis
1778 1823 1842 1842 con—

1053 1860 1169 1883 cessum,
1185 1860 1266 1887 quam
1279 1853 1418 1878 senectuti.
1441 1852 1542 1879 Genera
1556 1857 1643 1878 autem
1657 1852 1787 1878 Asiaticae
1799 1851 1842 1878 di-

1053 1889 1147 1915 ctionis
1169 1889 1222 1916 duo
1244 1894 1320 1915 sunt:
1352 1897 1436 1916 unum
1454 1890 1645 1916 sententiosum
1663 1893 1689 1915 et
1705 1893 1837 1924 argutum,

1053 1927 1192 1952 sententiis
1206 1934 1258 1952 non
1273 1931 1324 1952 tam
1338 1926 1466 1962 gravibus
1479 1931 1505 1952 et
1518 1927 1627 1956 severis,
1642 1934 1723 1961 quam
1733 1926 1840 1952 concin-

1054 1964 1095 1990 nis
1110 1968 1134 1989 et
1148 1964 1282 1996 venustis;
1297 1963 1385 1998 qualis
1400 1963 1426 1989 in
1438 1963 1545 1990 historia
1552 1963 1719 1994 Timaeus,in
1729 1962 1840 1990 dicendo

1054 2005 1141 2026 autem
1160 2001 1251 2035 pueris
1269 2000 1346 2027 nobis
1365 2000 1497 2027 Hierocles
1511 2000 1688 2031 Alabandeus,
1704 2000 1789 2035 magis
1802 2004 1840 2026 et-

1053 2038 1106 2064 iam
1128 2037 1268 2068 Menecles,
1293 2037 1372 2064 frater
1393 2037 1460 2068 eius,
1481 2037 1544 2068 suit3
1566 2046 1681 2072 quorum
1699 2037 1840 2072 utriusque

1053 2075 1183 2101 orationes
1201 2079 1264 2101 sunt
1283 2075 1310 2101 in
1328 2075 1431 2109 primis,
1451 2079 1481 2100 ut
1493 2075 1608 2101 Asiatico
1622 2075 1649 2101 in
1662 2081 1765 2110 genere,
1783 2073 1841 2100 lau·

1053 2111 1165 2138 dabiles.
1198 2111 1279 2138 Aliud
1301 2116 1388 2138 autem
1410 2119 1496 2147 genus
1513 2117 1553 2138 est
1571 2120 1622 2138 non
1636 2116 1688 2138 tam
1702 2111 1839 2137 sententiis

1053 2148 1258 2184 frequentatum,
1278 2157 1360 2183 quam
1374 2149 1463 2175 verbis
1477 2148 1584 2175 volucre
1597 2154 1676 2184 atque
1689 2148 1836 2179 incitatum,

1053 2185 1126 2221 quali
1140 2190 1180 2212 est
1193 2194 1264 2212 nunc
1277 2186 1339 2212 Asia
1353 2190 1412 2216 tota,
1425 2194 1473 2212 nec
1486 2185 1595 2212 flumine
1605 2185 1692 2212 solum
1703 2185 1836 2214 orationis,

1053 2223 1100 2249 sed
1114 2223 1192 2249 etiam
1206 2227 1330 2250 exornato
1343 2227 1369 2249 et
1383 2223 1466 2249 faceto
1475 2231 1571 2258 genere
1581 2222 1735 2253 verborum;
1748 2222 1775 2248 in
1785 2230 1839 2256 quo

1053 2259 1104 2286 tuit
1124 2259 1274 2296 Aeschylus
1296 2259 1407 2286 Cnidius
1433 2264 1458 2286 et
1479 2268 1556 2286 meus
1577 2258 1695 2294 aequalis
1717 2258 1838 2285 Milesius

1052 2297 1207 2323 Aeschines.
1243 2297 1273 2323 In
1291 2297 1333 2323 his
1347 2301 1402 2323 erat
1414 2296 1580 2323 admirabilis
1593 2296 1718 2323 orationis
1731 2304 1835 2326 cursus,

1052 2339 1142 2360 ornata
1155 2335 1346 2360 sententiarum
1359 2335 1522 2360 concinnitas
1536 2342 1587 2360 non
1601 2338 1663 2359 erat.
1698 2334 1756 2359 326.
1771 2333 1838 2359 Haec

1052 2375 1149 2402 autem,
1166 2375 1196 2397 ut
1208 2371 1377 2406 dixi,genera
1390 2371 1496 2397 dicendi
1505 2371 1604 2405 aptiora
1613 2374 1676 2396 sunt
1685 2369 1839 2396 adolescen-

1052 2408 1137 2440 tibus;
1167 2408 1195 2434 in
1222 2409 1333 2434 senibus
1355 2409 1510 2444 gravitatem
1533 2415 1585 2433 non
1607 2407 1714 2433 babent.
1747 2407 1838 2441 Itaque

1051 2445 1207 2471 Hortensius
1223 2450 1336 2480 utroque
1353 2453 1449 2480 genere
1467 2443 1571 2475 florens,
1586 2443 1714 2470 clamores
1727 2443 1837 2470 faciebat

1051 2481 1214 2508 adolescens.
1229 2482 1347 2509 Habebat
1356 2482 1426 2508 enim
1436 2486 1463 2507 et
1471 2480 1629 2507 Meneclium
1640 2480 1708 2507 illud
1717 2480 1837 2507 studium

1051 2519 1202 2545 crebrarum
1217 2524 1443 2553 venustarumque
1455 2518 1659 2550 sententiarum3
1684 2518 1712 2544 in
1725 2517 1835 2552 quihus,

1051 2560 1081 2582 ut
1103 2557 1130 2582 in
1152 2555 1199 2582 illo
1216 2556 1324 2586 Graeco,
1347 2555 1387 2582 sic
1404 2556 1432 2581 in
1450 2555 1500 2581 hoc
1517 2559 1590 2581 erant
1607 2554 1738 2590 quaedam
1752 2554 1838 2589 magis

1051 2597 1178 2619 venustae
1191 2592 1339 2628 dulcesque
1351 2592 1504 2623 sententiae,
1520 2600 1603 2626 quam
1615 2596 1661 2618 aut
1675 2592 1838 2617 necessariae

1028 2643 1030 2657 ι
1051 2634 1096 2656 aut
1114 2629 1248 2656 interdum
1266 2629 1359 2661 utiles,
1384 2633 1411 2655 et
1427 2633 1482 2655 erat
1498 2629 1581 2655 oratio
1594 2637 1679 2663 quum
1692 2628 1798 2654 incitata
1810 2632 1837 2654 et

1028 2662 1029 2697 ξ
1053 2667 1168 2697 vibrans,
1184 2671 1241 2693 tum
1255 2667 1335 2693 etiam
1348 2670 1466 2692 accurata
1476 2670 1501 2692 et
1511 2665 1600 2700 polita.
1620 2666 1677 2692 Non
1687 2664 1837 2699 probaban-

1026 1027 1027 1039 l

1025 1049 1027 1063 t

1025 1066 1027 1078 l

1024 1104 1027 1118 t

1024 1177 1026 1192 Ι

1032 1265 1033 1276 i

1032 1314 1033 1325 i

1024 1355 1027 1369 ¹
1032 1357 1033 1373 l

1032 1392 1033 1402 i
