1941 3052
202 146 248 169 ⁴:50
767 146 806 169 tu.
842 144 876 168 Μ.
912 143 941 169 Τ.

200 220 227 240 ut
241 219 322 240 esu-t:
352 216 384 240 ita
404 214 518 239 mitwn-
538 213 677 247 pleros-qun-
692 218 715 237 vt
732 212 756 238 id
773 212 858 238 valere
874 218 898 239 et
914 213 989 238 valu-

200 261 251 277 isse
274 260 385 285 semper.
421 251 487 276 Ilm-‹-
509 256 533 276 ct
553 250 633 275 inulta
653 249 784 275 eiusmodi
803 249 894 275 dicu-ns
910 250 988 276 tidem

200 289 323 316 furiebat,
349 288 420 322 quod
435 293 474 313 est
488 296 519 312 ex
535 287 619 312 tribus
633 287 741 311 oraturi-i
756 285 851 311 aniciis
865 287 987 312 atu-rum.
1010 311 1011 325 ¹

202 329 256 351 tan.
271 325 368 351 Deinde
383 333 497 359 aequum
508 325 606 349 bonum
619 327 834 349 muniit-ntorum
845 324 989 349 sententias
1010 334 1012 347 ι

201 362 402 396 voluntatesque
425 366 524 387 tutatus
547 365 598 389 esu
633 365 730 394 quanta
753 364 823 386 oxset
850 361 876 386 in
900 361 988 386 verbis
1010 380 1011 385 ¹

199 401 292 434 raptio,
309 408 392 433 quum
409 399 434 424 in
449 399 542 423 ceteris
557 398 645 427 rebus,
663 402 717 422 tum
734 397 760 422 in
776 398 949 426 testamentis.
966 399 987 424 si

200 436 396 470 negligerentur
424 435 584 465 voluntates,
620 438 746 468 ‹pu-ntum
769 434 821 460 sibi
845 435 988 468 potentium

199 473 323 499 Scaevola
347 476 501 502 assumeret,
526 472 548 496 si
573 480 649 496 nemo
672 471 781 497 aiideret
802 476 988 498 testamentum

200 510 284 536 [acere
308 514 404 544 postea,
431 509 480 534 nisi
504 508 537 533 de
556 508 629 534 illius
648 509 787 534 sententia.
822 509 890 534 Ilaec
903 517 988 543 quum

198 547 321 580 graviter.
347 551 402 572 tum
425 546 458 571 ab
475 544 606 579 exemplis
624 546 738 580 copiose,
760 550 815 571 tum
836 546 915 575 varie,
933 551 988 572 tum
1010 529 1013 577 i

199 585 276 610 etiam
292 583 401 609 ridicule
415 587 440 608 et
455 582 535 608 facete
550 582 695 617 explicans,
716 591 773 608 cam
788 583 988 609 admirationem
1011 590 1013 630 Ι

199 621 433 654 assensionemque
455 620 606 650 commovit,
627 620 728 646 dixisse
752 624 780 646 ut
801 625 890 646 contra
913 629 990 646 ncmo
1011 634 1013 670 ¹

199 658 341 683 videretur.
377 658 430 683 lloc
448 662 502 683 crat
520 657 629 683 oratoris
647 656 765 683 ollis-ium
785 658 923 692 partitione
939 663 990 683 ter-

1018 511 1020 597 l

199 695 274 725 tium.
297 703 392 729 genere
415 695 573 720 maximum.
608 695 655 720 IIic
674 694 718 720 ille
736 695 769 720 de
784 695 883 729 populo
897 695 987 724 iudex,
1012 698 1019 715 ι’

198 733 244 766 qui
259 732 400 766 separatim
415 731 527 757 alterum
542 731 688 758 admiratus
703 737 780 762 esset,
797 732 877 762 idem,
899 732 989 758 audito
1012 739 1019 779 ¹

198 769 286 799 altero.
304 768 433 795 iudicium
449 777 528 795 suum
547 773 738 795 contemneret:
767 774 792 795 at
811 778 872 795 vero
891 769 991 795 intelli·
1012 774 1020 793 η’

197 815 263 839 μους
277 810 302 832 et
316 806 539 836 doctus‚audiens
546 806 825 836 Scaevolam.scntiret
836 815 894 832 csse
904 806 990 841 quod-

197 844 258 870 dam
273 843 382 870 uberius
403 843 507 869 dicendi
521 852 607 879 genus
621 849 646 870 et
659 845 787 870 ornatius.
822 845 862 870 Ab
879 849 990 879 utroque

198 886 295 911 autem,
315 889 409 907 caussa
424 885 550 915 perorata,
567 882 589 907 si
604 886 783 916 quaereretur.
802 886 858 907 uter
873 886 991 915 praesta·
1012 906 1013 914 ¹

198 923 235 944 ret
257 922 356 949 orator,
381 927 528 953 numquam
548 918 664 953 profecto
681 919 809 953 sapientis
828 919 957 944 iudicium
977 927 990 944 a

197 955 297 981 iudicio
311 955 385 990 vulgi
400 956 571 990 discreparet.
595 956 658 982 Ltv.
676 958 732 981 499.
744 956 795 988 Qui
812 961 925 990 praestat
940 956 991 991 igi-

198 997 241 1018 tur
254 992 406 1028 intelligens
421 993 561 1027 imperito?
581 994 674 1026 Magna
690 1002 716 1019 re
727 998 752 1019 et
761 993 879 1019 difficili.-
896 993 918 1019 si
929 994 991 1028 qui-

197 1029 257 1056 dem
274 1039 400 1063 magnum
415 1035 454 1056 est
468 1031 544 1061 scire,
560 1031 661 1065 quibus
676 1031 755 1056 rebus
769 1030 900 1056 cfliciatur
913 1031 991 1056 amit-

186 1072 301 1093 .taturve
321 1064 435 1094 dicendo
457 1067 524 1094 illud
546 1068 680 1103 quidquid
703 1073 751 1098 est,
772 1068 844 1103 quod
863 1073 907 1094 aut
921 1067 990 1094 effici
1012 1086 1013 1094 ¹

197 1104 310 1131 dicendo
323 1109 423 1139 oportet
437 1109 483 1131 aut
496 1106 579 1131 amitti
595 1114 646 1131 non
657 1110 768 1140 oportet.
785 1106 901 1132 Praestat
911 1105 990 1131 ctiam
1012 1123 1013 1134 ¹

198 1141 244 1168 illo
257 1141 351 1168 doctus
365 1142 469 1168 auditor
483 1142 595 1173 indocto,
615 1143 688 1177 quod
702 1151 789 1177 saepe,
805 1151 891 1177 quum
905 1147 991 1169 orato-

198 1188 239 1205 res
261 1179 315 1205 duo
337 1184 382 1205 aut
404 1179 495 1214 plures
519 1180 611 1214 populi
629 1180 729 1206 iudicio
747 1180 900 1214 probantur,
917 1179 989 1215 quod

197 1216 399 1252 dicendigenus
409 1217 540 1252 optimum
552 1218 594 1247 sit,
604 1217 738 1253 intelligit.
756 1218 820 1243 Nam
832 1217 989 1252 illud,quod
1012 1237 1013 1253 ¹

197 1253 296 1288 populo
315 1262 366 1280 non
386 1255 520 1289 probatur,
542 1263 574 1281 ne
592 1254 751 1290 intelligenti
770 1255 880 1290 quidem
894 1255 990 1281 oratori
1012 1257 1020 1282 J'

198 1291 301 1325 probari
317 1295 412 1326 potest.
428 1292 461 1318 Ut
474 1293 544 1318 enim
559 1300 592 1318 ex
606 1300 748 1318 nervorum
763 1300 827 1319 sono
840 1293 868 1318 in
879 1292 987 1323 fidibus,

197 1337 278 1362 quam
301 1329 414 1355 scienter
436 1329 459 1355 ci
483 1329 553 1363 pulsi
576 1330 638 1360 sint,
663 1329 777 1365 intelligi
800 1330 874 1360 solet,
899 1330 938 1355 sic
956 1338 990 1355 ex

197 1365 346 1392 animorum
369 1370 442 1392 motu
464 1367 588 1397 cernitur,
609 1367 675 1401 quid
694 1367 835 1393 tractandis
855 1367 896 1393 his
911 1367 991 1401 perli-
1011 1371 1020 1408 ¹(

196 1403 248 1429 ciat
261 1407 354 1429 orator.
381 1405 440 1430 200.
461 1404 552 1438 Itaque
566 1404 718 1439 intelligens
732 1404 838 1430 dicendi
853 1405 990 1430 existima-

197 1445 245 1471 tor,
265 1449 318 1467 non
336 1440 456 1467 assidens
475 1445 501 1467 et
517 1445 613 1467 attente
627 1441 752 1472 audiens,
773 1441 821 1467 sed
840 1450 893 1468 uno
912 1450 990 1476 aspe—

196 1481 240 1503 ctu
264 1482 289 1504 et
312 1479 473 1512 praeteriens
494 1478 528 1504 de
545 1483 645 1505 oratore
663 1487 742 1513 saepe
765 1478 873 1505 iudicat.
913 1479 990 1505 Videt
1010 1474 1013 1484 ⁴

196 1515 351 1541 oscitantem
366 1515 491 1546 iudicem,
509 1515 661 1550 loquentem
675 1525 736 1542 cum
751 1515 840 1547 altero,
855 1524 990 1542 nonnum-

196 1560 277 1586 quam
295 1552 374 1578 etiam
392 1552 573 1584 circulantem,
595 1553 742 1579 mittentem
757 1553 789 1579 ad
804 1553 890 1585 horas,
906 1561 990 1588 quae—-

196 1589 313 1621 sitorem,
334 1594 364 1616 ut
376 1589 500 1620 dimittat,
517 1595 666 1626 rogantem:
701 1590 834 1626 intelligit,
859 1595 988 1617 oratorem
1010 1611 1012 1626 ¹

195 1627 223 1652 in
242 1634 272 1653 ea
289 1635 383 1653 caussa
402 1636 453 1654 non
471 1627 573 1658 adesse,
593 1628 640 1662 qui
659 1628 744 1662 possit
756 1628 853 1654 animis
866 1627 988 1654 iudicum
1010 1630 1012 1664 ξ

196 1663 336 1690 admovere
350 1665 503 1696 orationem,
520 1669 656 1699 tamquam
671 1665 770 1691 fidibus
780 1673 900 1691 manum.
916 1665 988 1691 Idem
1010 1670 1019 1676 ‘¹

196 1701 219 1726 si
233 1702 395 1735 praeteriens
409 1702 543 1736 aspexerit
556 1706 656 1728 erectos
675 1702 809 1728 intuentes
827 1702 939 1733 iudices.
960 1706 989 1728 ut

196 1742 242 1764 aut
259 1737 347 1764 doceri
364 1738 397 1765 de
416 1747 452 1769 re,
472 1738 554 1773 idque
568 1739 647 1765 etiam
661 1739 739 1766 vultu
754 1739 865 1774 probare
879 1739 990 1765 videan—

195 1779 252 1801 tur:
275 1779 328 1806 aut,
350 1780 379 1802 ut
395 1784 472 1802 avem
485 1780 565 1802 cantu
579 1776 678 1811 aliquo,
694 1777 733 1802 sic
746 1776 807 1803 illos
822 1777 918 1803 viderit
931 1785 990 1803 ora-

195 1812 267 1838 tione
288 1813 366 1847 quasi
389 1821 534 1847 suspensos
557 1814 648 1844 teneri,
670 1818 723 1845 aut¹
740 1813 767 1839 id
785 1814 858 1848 quod
872 1814 988 1840 maxime

195 1858 264 1884 opus
282 1854 329 1881 est,
346 1850 535 1881 misericordia,
555 1850 624 1882 odio,
641 1855 714 1877 motu
729 1851 811 1877 animi
824 1851 915 1886 aliquo
929 1859 990 1885 per—-

195 1886 315 1913 turbatos
328 1895 387 1913 esse
402 1887 600 1914 vehementius:
616 1896 646 1914 ea
660 1889 683 1914 si
697 1889 858 1923 praeteriens
872 1890 911 1923 (ut
922 1888 989 1923 dixi)
1010 1892 1011 1900 ¹

196 1924 336 1958 aspexerit,
357 1925 380 1950 si
395 1925 462 1950 nihil
477 1925 616 1955 audiverit,
639 1930 726 1951 tamen
744 1930 872 1952 oratorem
889 1926 988 1952 versari
1010 1925 1011 1931 ¹

195 1961 223 1987 iu
246 1961 292 1988 illo
309 1961 409 1987 iudicio
426 1966 451 1988 et
471 1970 539 1996 opus
553 1963 696 1989 oratorium
711 1962 766 1989 [ieri
781 1967 827 1989 aut
839 1962 988 1998 perfectum

195 1998 247 2024 iam
262 2007 320 2024 esse
335 1998 450 2033 profecto
464 1999 602 2035 intelliget.

250 2036 304 2063 LV.
316 2037 375 2063 20⁴.
388 2035 477 2068 Quum
492 2036 556 2063 haec
565 2037 763 2068 disseruissem,
772 2042 885 2072 uterque
896 2046 989 2063 assen—

195 2081 242 2099 sus
256 2077 310 2106 est;
332 2077 358 2099 et
371 2082 419 2109 ego
433 2078 568 2108 tamquam
583 2073 615 2100 de
629 2075 731 2110 integro
745 2074 860 2106 ordiens,
877 2074 988 2106 Quando

194 2111 286 2146 igitur,
306 2111 426 2145 inquam,
443 2119 457 2136 a
471 2112 544 2138 Cotta
559 2115 583 2137 et
598 2111 718 2145 Sulpicio
733 2112 797 2138 haec
809 2112 897 2138 omnis
911 2111 988 2138 fluxit

194 2148 285 2178 oratio,
310 2156 395 2182 quum
415 2148 463 2174 hos
481 2149 597 2175 maxime
611 2149 711 2175 iudicio
725 2149 832 2175 illorum
847 2149 986 2176 hominum
1009 2168 1010 2180 ¹

194 2189 220 2211 et
241 2184 315 2211 illlus
339 2185 430 2211 aetatis
452 2185 582 2212 dixissem
604 2186 736 2220 probatos,
762 2191 878 2213 revertar
895 2186 928 2212 ad
942 2195 987 2213 eos
1008 2211 1011 2214 .

194 2223 281 2256 ipsos:
304 2226 361 2248 tum
375 2222 502 2257 reliquOS,
519 2227 548 2249 ut
561 2223 674 2254 institui,
691 2223 817 2258 deinceps
831 2232 984 2258 persequar.
1008 2244 1011 2263 ¹

193 2259 325 2291 Quoniam
343 2268 405 2295 ergo
422 2264 555 2286 oratorum
574 2261 704 2287 bonorum
723 2261 781 2296 (hos
795 2262 866 2287 enim
880 2262 988 2295 quaeri—
1008 2266 1011 2286 1

195 2296 265 2331 mus)
278 2296 332 2323 duo
345 2305 441 2332 genera
454 2302 526 2328 sunt,
543 2306 627 2324 unum
641 2302 773 2324 attenuate
787 2306 940 2333 presseque,
949 2298 988 2324 al-
1008 2301 1010 2330 ζ

195 2338 280 2360 terum
303 2334 407 2360 sublate
429 2334 571 2369 ampleque
588 2335 748 2361 dicentium:
776 2336 825 2362 etsi
842 2335 870 2362 id
889 2335 987 2361 melius

194 2375 242 2401 est,
258 2371 330 2405 quod
344 2371 513 2406 splendidius
527 2376 553 2398 et
566 2372 789 2408 magnificentius,
804 2373 929 2399 tamenin
940 2373 988 2399 bo-

196 2408 236 2433 nis
250 2409 346 2439 omnia,
355 2417 424 2443 quae
434 2417 539 2435 summa
550 2414 622 2440 sunt,
630 2411 687 2436 iure
698 2409 850 2436 laudantur.
866 2409 987 2437 202.Sed

194 2445 310 2471 cavenda
324 2450 363 2471 est
377 2454 469 2480 presso
482 2446 522 2473 illi
536 2447 631 2473 oratori
645 2447 734 2482 inopia
749 2452 774 2473 et
788 2447 988 2478 ieiunitas,am-

194 2480 239 2514 plo
262 2486 350 2508 autem
371 2482 492 2510 inflatum
515 2488 541 2510 et
562 2488 716 2519 corruptum
740 2484 866 2511 orationis
887 2493 984 2520 genus.

194 2518 348 2544 Inveniebat
361 2519 444 2554 igitur
457 2525 532 2547 acute
547 2521 628 2552 Cotta,
644 2521 749 2547 dicebat
762 2530 828 2556 pure
841 2530 871 2548 ac
884 2521 984 2555 solute3

195 2559 220 2581 et
243 2559 273 2581 ut
290 2555 323 2581 ad
341 2556 520 2584 infirmitatem
539 2558 651 2584 laterum
665 2559 827 2593 perscienter
839 2559 987 2585 contentio-

195 2600 256 2618 nem
274 2601 380 2619 omnem
399 2595 543 2626 remiserat,
563 2596 602 2622 sic
616 2596 649 2622 ad
663 2596 762 2622 virium
775 2595 986 2622 imbecillitatem

195 2629 300 2655 dicendi
315 2631 528 2658 accommodabat
541 2641 637 2667 genus.
659 2632 732 2659 Nihil
746 2637 801 2659 erat
814 2633 842 2659 in
855 2633 914 2659 eius
927 2641 987 2659 ora—

195 2667 265 2693 tione
284 2667 335 2694 nisi
353 2668 496 2700 sincerum,
517 2669 584 2696 nihil
599 2670 649 2696 nisi
665 2670 767 2696 siccum
781 2674 860 2704 atque
873 2678 983 2696 sanum:

976 142 1250 169 CICERONIS

1016 223 1018 231 ⁴
1041 213 1162 247 illudque
1182 213 1338 241 ruiaximum.
1359 212 1440 246 quod.
1457 221 1542 248 quum
1556 214 1721 239 contentione
1734 216 1828 240 oratio-

1017 254 1018 262 *
1041 251 1081 276 nis
1104 249 1206 275 flectcre
1230 249 1331 275 animos
1351 250 1469 276 iudicum
1490 251 1534 276 vix
1548 256 1645 285 fuisset,
1663 260 1709 276 nec
1722 252 1830 277 omniun

1017 283 1018 291 ¹
1040 296 1070 312 eo
1092 295 1188 319 ponere
1212 287 1319 316 diceret,
1345 287 1479 313 tractando
1502 292 1588 313 tamen
1613 288 1774 322 impellebat.
1802 294 1830 314 ut

1041 324 1110 349 idern
1127 323 1241 349 Iacerent
1254 332 1268 348 a
1282 332 1310 349 se
1320 324 1470 353 commoda
1482 325 1533 350 uod
1543 333 1557 350 a
1569 324 1689 359 Sulpicio
1697 326 1828 351 mut-iuti,

1042 363 1099 386 203.
1121 361 1180 386 l-'uit
1198 361 1269 387 enirn
1284 360 1421 395 Sulpicius
1437 333 1479 387 vei
1493 362 1607 388 maxime
1620 363 1750 391 omnium,
1763 371 1831 397 quos

1040 398 1149 432 quidem
1164 406 1214 431 ego
1227 397 1384 428 audiverim,
1405 398 1513 432 grandis
1527 404 1560 429 et,
1577 404 1606 425 ut
1620 400 1653 425 ita
1667 399 1762 426 dicam.
1780 405 1831 425 tra-

1041 436 1117 468 gicus
1131 440 1226 461 orator.
1250 435 1305 461 Vox
1319 443 1403 470 quum
1419 444 1522 469 magna,
1535 441 1591 462 tum
1603 437 1695 462 suavis
1705 442 1730 462 et
1741 437 1832 471 splen-

1041 472 1116 498 dida:
1132 477 1225 506 gestus
1238 477 1264 498 et
1278 477 1365 498 motus
1379 474 1496 507 corporis
1510 474 1544 499 ita
1559 479 1696 503 venustus,
1706 479 1734 500 ut
1745 478 1831 500 tamen

1041 509 1073 535 ad
1093 509 1188 538 sorum.
1211 519 1261 535 non
1276 509 1308 535 ad
1323 518 1428 535 scenam
1444 510 1581 536 institutus
1597 510 1742 537 videretur:
1766 512 1832 537 inci-

1042 551 1091 573 tata
1102 551 1128 572 et
1142 547 1277 576 volubilis,
1295 556 1342 573 nec
1355 556 1384 572 ea
1399 546 1551 573 redundans
1563 552 1648 574 tamen
1660 556 1708 574 nec
1717 549 1832 574 circum-

1042 583 1126 610 [luens
1149 585 1240 610 oratio.
1275 584 1400 610 Crassum
1424 584 1467 610 hic
1491 584 1593 610 volebat
1617 585 1727 612 imitari:
1759 586 1831 611 Cotta

1042 621 1155 647 malebat
1177 622 1336 647 Antonium:
1364 621 1410 647 sed
1433 622 1466 647 ab
1486 622 1534 648 hoc
1554 622 1594 648 vis
1612 622 1700 648 aberat
1714 623 1829 651 Antonii.

1041 659 1128 684 Crassi
1147 658 1180 684 ab
1195 658 1240 685 illo
1256 658 1338 693 lepos.
1361 660 1417 685 204.
1433 660 1454 685 Ο
1468 668 1600 692 magnam,
1623 660 1718 694 inquit,
1734 660 1830 685 artem!

1042 696 1152 727 Brutus,
1174 696 1308 731 siquidem
1323 697 1482 731 istis.quum
1498 697 1596 722 summi
1608 701 1829 726 essentoratores.

1041 733 1109 759 duae
1123 741 1164 759 res
1179 734 1319 762 maximae.
1336 733 1415 760 altera
1430 734 1503 760 alteri
1515 733 1610 760 defuit.
1628 734 1691 760 LVI.
1709 735 1793 769 Atque
1805 735 1831 760 in

1042 770 1083 796 liis
1098 770 1246 796 oratoribus
1261 770 1328 796 illud
1343 771 1608 797 animadvertendum
1622 776 1670 797 est.
1685 780 1763 806 posse
1773 779 1832 797 esse

1041 816 1170 838 summos,
1184 808 1230 842 qui
1243 809 1310 834 inter
1324 817 1352 833 se
1366 809 1418 834 sint
1432 808 1587 835 dissimiles.
1611 808 1682 834 Nihil
1697 809 1767 834 enim
1779 814 1831 834 tam

1041 844 1181 875 dissimile,
1189 853 1271 879 quam
1286 846 1358 871 Cotta
1372 845 1500 880 Sulpicio,
1509 851 1534 872 et
1548 850 1660 881 uterque
1673 845 1832 881 aequalibus

1041 882 1099 908 suis
1114 882 1261 916 plurimum
1276 883 1415 917 praestitit.
1443 883 1529 915 Quare
1544 883 1592 909 boc
1605 883 1719 910 doctoris
1734 883 1832 910 intelli·

1042 920 1130 954 gentis
1144 924 1192 947 est.
1209 919 1308 950 videre,
1324 928 1379 955 quo
1393 919 1456 946 ferat
1471 925 1563 946 natura
1577 930 1625 946 sua
1639 929 1787 956 quemque:
1807 925 1833 946 et

1042 965 1070 982 ea
1089 956 1156 982 duce
1171 960 1288 983 utentem
1303 958 1342 983 sic
1360 957 1506 987 instituere,
1524 963 1552 983 ut
1567 958 1704 984 Isocratem
1720 959 1746 984 in
1760 966 1832 984 acer·

1042 994 1109 1020 rimo
1127 994 1234 1029 ingenio
1251 994 1415 1029 Theopompi
1429 999 1455 1021 et
1469 995 1606 1021 lenissimo
1619 995 1717 1030 Ephori
1731 994 1832 1021 dixisse

1042 1031 1167 1057 traditum
1182 1036 1230 1061 est.
1247 1031 1320 1058 alteri
1335 1041 1363 1058 se
1376 1031 1486 1058 calcaria
1501 1032 1635 1063 adhibere,
1647 1031 1721 1058 alteri
1733 1031 1831 1058 frenos,

1042 1070 1100 1095 205.
1121 1068 1234 1103 Sulpicii
1252 1070 1383 1095 orationes
1401 1078 1470 1104 quae
1485 1069 1614 1099 feruntur,
1631 1078 1675 1096 eas
1690 1074 1749 1104 post
1763 1078 1833 1095 mor-

1043 1110 1094 1132 tem
1118 1106 1176 1132 eius
1198 1107 1339 1141 scripsisse
1362 1107 1390 1133 P.
1415 1106 1544 1133 Canutius
1568 1112 1688 1142 putatur,
1713 1106 1832 1141 aequalis

1042 1151 1127 1174 meus,
1149 1143 1228 1170 homo
1245 1148 1317 1170 extra
1337 1149 1457 1170 nostrum
1471 1144 1590 1170 ordinem
1605 1152 1664 1170 meo
1679 1144 1778 1170 iudicio
1790 1143 1833 1170 di-

1042 1181 1217 1207 sertissimus.
1252 1182 1340 1216 Ipsius
1353 1181 1466 1216 Sulpicii
1482 1181 1554 1208 nulla
1568 1182 1650 1208 oratio
1663 1186 1715 1207 est:
1740 1189 1832 1216 saepe-

1041 1226 1094 1253 que
1108 1227 1141 1244 ex
1154 1227 1184 1244 eo
1197 1218 1298 1249 audivi,
1318 1227 1403 1254 quum
1418 1227 1446 1244 se
1460 1219 1575 1245 scribere
1590 1227 1676 1254 neque
1689 1227 1832 1245 consuesse

1042 1264 1128 1291 neque
1147 1264 1225 1290 posse
1242 1255 1350 1282 diceret.
1387 1256 1476 1283 Cottae
1494 1265 1542 1291 pro
1560 1265 1588 1282 se
1603 1256 1660 1291 lege
1674 1256 1750 1282 Varia
1763 1263 1832 1290 quae

1042 1293 1209 1324 inscribitur,
1238 1302 1295 1319 eam
1320 1294 1349 1319 L.
1373 1293 1466 1320 Aelius
1489 1294 1595 1328 scripsit
1617 1293 1706 1320 Cottae
1728 1297 1831 1329 rogatu.

1042 1330 1103 1356 Fuit
1120 1331 1143 1356 is
1161 1331 1270 1357 omnino
1288 1331 1330 1356 vir
1347 1331 1471 1366 egregius
1488 1335 1514 1357 et
1527 1339 1608 1365 eques
1623 1331 1757 1357 Romanus
1770 1338 1832 1356 cum

1042 1367 1136 1402 primis
1159 1367 1287 1394 honestus
1310 1368 1437 1403 idemque
1459 1367 1658 1394 eruditissimus
1680 1372 1705 1394 et
1723 1367 1832 1394 Graecis

1042 1405 1136 1431 litteris
1158 1409 1184 1431 et
1206 1405 1320 1432 Latinis:
1343 1406 1563 1440 antiquitatisque
1581 1410 1684 1431 nostrae
1701 1409 1727 1431 et
1743 1405 1770 1431 in
1790 1405 1833 1431 in-

1041 1443 1128 1468 ventis
1145 1442 1226 1469 rebus
1243 1447 1269 1469 et
1284 1443 1313 1469 in
1331 1443 1409 1473 actis.
1425 1443 1639 1478 scriptorumque
1653 1447 1772 1469 veterum
1788 1441 1834 1468 lit-

1041 1484 1122 1506 terate
1144 1480 1255 1514 peritus.
1287 1479 1372 1512 Quam
1390 1480 1528 1506 scientiam
1550 1480 1631 1506 Varro
1651 1484 1740 1506 noster
1759 1487 1834 1506 acoe—

1041 1521 1113 1551 ptam
1131 1517 1164 1543 ab
1182 1517 1229 1544 illo
1254 1522 1412 1552 auctamque
1431 1525 1478 1552 per
1493 1525 1564 1548 sese,
1581 1517 1623 1543 vir
1636 1517 1744 1552 ingenio
1756 1525 1833 1551 prae-

1040 1558 1114 1580 stans
1139 1555 1267 1589 omnique
1288 1554 1418 1585 doctrina.
1445 1554 1568 1588 pluribus
1591 1558 1617 1580 et
1639 1554 1832 1580 illustrioribus

1041 1590 1135 1617 litteris
1149 1591 1301 1626 explicavit.
1327 1593 1386 1618 206.
1402 1591 1454 1618 Sed
1469 1591 1538 1617 idem
1553 1590 1645 1618 Aelius
1659 1591 1833 1617 Stoicusaese

1041 1628 1138 1659 voluit,
1157 1633 1242 1655 orator
1260 1633 1347 1655 autem
1367 1637 1414 1655 nec
1432 1628 1536 1654 studuit
1549 1637 1687 1664 umquam,
1704 1637 1752 1655 nec
1765 1627 1830 1654 fuit:

1040 1665 1172 1692 scribebat
1189 1670 1276 1692 tamen
1295 1667 1438 1697 orationes.
1458 1674 1526 1700 quas
1543 1665 1588 1692 alii
1606 1666 1736 1698 dicerent,
1759 1670 1789 1692 ut
1799 1664 1830 1698 Q.

1040 1702 1146 1729 Metello
1172 1703 1212 1734 F.‚
1236 1707 1266 1729 ut
1291 1702 1324 1735 Q.
1348 1703 1482 1738 Caepioni,
1507 1707 1538 1729 ut
1555 1702 1586 1735 Q.
1606 1703 1732 1738 Pompeio
1747 1702 1828 1729 Rufo:

1017 1759 1018 1762 η
1040 1748 1203 1775 quamquam
1222 1740 1245 1766 is
1265 1741 1344 1766 etiam
1367 1741 1425 1775 ipse
1443 1741 1550 1775 scripsit
1559 1748 1611 1771 eas,
1627 1740 1729 1775 quibus
1742 1748 1790 1775 pro
1803 1748 1832 1766 se

1040 1782 1080 1804 est
1093 1786 1168 1808 usus,
1185 1777 1232 1804 sed
1246 1786 1298 1804 non
1312 1778 1370 1804 sine
1383 1777 1466 1804 Aelio.
1501 1778 1559 1804 207.
1579 1778 1626 1804 His
1639 1778 1711 1804 enim
1725 1778 1832 1812 scriptis

1039 1815 1119 1841 etiam
1137 1815 1195 1849 ipse
1213 1814 1335 1845 interfui,
1355 1823 1440 1850 quum
1458 1823 1545 1841 essem
1563 1814 1635 1850 apud
1648 1814 1753 1841 Aelium
1769 1814 1832 1840 ado-

1041 1852 1143 1878 lescens
1156 1860 1273 1887 eumque
1286 1852 1378 1878 audire
1392 1852 1558 1887 perstudiose
1571 1851 1694 1879 solerem.
1729 1851 1830 1879 Cottam

1039 1894 1128 1916 autem
1146 1890 1240 1919 miror,
1258 1898 1396 1915 summum
1415 1889 1505 1924 ipsum
1522 1894 1651 1916 oratorem
1666 1889 1831 1923 minimeque

1039 1927 1174 1961 ineptum,
1190 1926 1313 1953 Aelianas
1329 1926 1400 1952 leves
1413 1926 1593 1953 oratiunculas
1608 1926 1726 1953 voluisse
1739 1926 1832 1952 existi-

1040 1964 1106 1990 mari
1120 1972 1192 1990 suaS.
1233 1964 1308 1990 LVII.
1331 1964 1377 1990 His
1391 1963 1497 1990 duobus
1511 1963 1632 1990 eiusdem
1643 1964 1735 1989 aetatis
1746 1963 1832 1990 adnu-

1039 2001 1191 2028 merabatur
1209 2009 1286 2027 nemo
1305 2001 1412 2027 tertius:
1434 2001 1482 2027 sed
1499 2001 1566 2027 mihi
1584 2000 1705 2035 placebat
1718 2001 1832 2035 Pompo-

1039 2039 1100 2065 nius
1116 2039 1240 2069 maxime,
1257 2037 1299 2064 vel
1314 2038 1409 2069 dicam,
1426 2039 1537 2064 minime
1551 2037 1718 2072 displicebat.
1745 2038 1830 2064 Locus

1039 2080 1093 2102 erat
1118 2075 1228 2102 omnino
1251 2076 1279 2102 in
1306 2076 1430 2102 maximis
1453 2076 1556 2101 caussis
1587 2079 1690 2110 praeter
1715 2083 1774 2105 eos.
1797 2074 1831 2101 de

1038 2113 1140 2148 quibus
1153 2121 1234 2147 supra
1245 2113 1310 2143 dixi,
1324 2113 1438 2139 nemini:
1460 2117 1598 2147 propterea
1607 2111 1679 2147 quod
1688 2112 1828 2139 Antonius.

1038 2151 1085 2185 qui
1104 2150 1220 2176 maxime
1237 2150 1423 2184 expetebatur,
1445 2149 1529 2176 facilis
1544 2150 1571 2176 in
1585 2150 1688 2176 caussis
1701 2149 1832 2184 recipie-n-

1038 2188 1080 2213 dis
1098 2192 1165 2219 erat3
1189 2186 1350 2213 fastidiosior
1368 2187 1493 2218 Crassus.
1513 2186 1561 2213 sed
1574 2191 1662 2213 tamen
1677 2186 1828 2220 recipie-hat.

1038 2225 1137 2251 Horum
1152 2225 1199 2259 qui
1214 2229 1337 2250 neutrum
1353 2224 1475 2255 habebat,
1491 2223 1661 2259 confugiebat
1675 2223 1708 2250 ad
1727 2222 1831 2258 Philip-

1037 2270 1103 2297 pum
1115 2261 1168 2288 Iere
1182 2267 1227 2287 aut
1240 2261 1273 2287 ad
1288 2261 1440 2290 Caesarem:
1464 2260 1621 2298 [secundum
1635 2260 1792 2295 Philippum
1805 2265 1832 2286 et

1038 2297 1186 2334 Caesarem]
1211 2298 1285 2325 Cotta
1309 2303 1335 2325 et
1352 2298 1490 2333 Sulpicius
1507 2297 1708 2333 expetebantur.
1743 2298 1780 2324 Ita
1797 2297 1831 2324 ab

1037 2336 1080 2362 bis
1097 2345 1146 2362 sex
1163 2336 1280 2370 patronis
1298 2344 1408 2362 caussae
1425 2335 1543 2362 illustres
1561 2334 1721 2370 agebantur3
1743 2343 1830 2370 neque

1037 2378 1091 2400 tam
1105 2373 1197 2404 multa,
1213 2381 1295 2408 quam
1306 2378 1394 2399 nostra
1407 2377 1500 2403 aetate,
1510 2371 1609 2398 iudicia
1620 2371 1730 2403 fiebant,
1744 2379 1831 2407 neque

1037 2410 1098 2441 hoc,
1119 2410 1192 2445 quod
1210 2419 1282 2436 nunc
1299 2410 1336 2441 fit,
1352 2415 1383 2436 ut
1399 2417 1508 2436 caussae
1521 2408 1643 2444 singulae
1656 2408 1830 2435 defenderen-

1037 2452 1080 2474 tur
1093 2456 1107 2474 a
1121 2447 1259 2482 pluribus;
1280 2455 1335 2482 quo
1349 2446 1416 2474 nihil
1429 2451 1469 2473 est
1482 2446 1615 2472 vitiosius.
1637 2447 1695 2473 208.
1710 2446 1831 2481 Respon-

1037 2485 1132 2511 demus
1146 2485 1188 2515 iis,
1205 2493 1273 2519 quos
1288 2493 1340 2511 non
1354 2483 1522 2510 audivimus:
1543 2484 1571 2509 in
1581 2491 1635 2518 quo
1643 2483 1762 2518 primum
1771 2491 1831 2509 sae—

1037 2530 1070 2556 pe
1087 2521 1163 2548 aliter
1180 2526 1221 2548 est
1238 2521 1353 2553 dictum,
1372 2520 1448 2547 aliter
1464 2520 1498 2547 ad
1515 2528 1564 2547 nos
1581 2520 1708 2546 relatum:
1732 2519 1830 2547 deinde

1037 2559 1128 2594 magni
1144 2559 1255 2585 interest
1267 2567 1356 2585 coram
1368 2557 1460 2584 videre
1473 2566 1528 2588 me,
1541 2556 1768 2592 quemadmodum
1782 2557 1831 2583 ad-

1037 2596 1171 2622 versarius
1193 2595 1228 2622 de
1252 2603 1358 2631 quaque
1381 2603 1409 2621 re
1432 2599 1578 2626 asseveret,
1598 2594 1715 2621 maxime
1727 2599 1826 2626 autem,

1037 2632 1265 2667 quemadmodum
1279 2640 1402 2667 quaeque
1416 2640 1458 2658 res
1471 2631 1604 2658 audiatur.
1638 2631 1692 2658 Sed
1705 2631 1772 2658 nihil
1787 2632 1830 2658 vi-

1037 2671 1146 2701 tiosius,
1166 2678 1261 2705 quam.
1281 2677 1366 2704 quum
1384 2677 1469 2695 unum
1487 2677 1585 2703 corpus
1601 2668 1695 2695 debeat
1709 2677 1769 2695 esse
1781 2667 1827 2694 de-
