1941 3052
0 2139 5 2176 ζ
43 2148 137 2176 nescis,
155 2148 263 2172 multum
276 2148 350 2172 obest.

613 133 818 160 ORATOR.
853 133 950 159 CAP.

54 202 118 229 tudo
136 206 189 228 tam
208 207 248 229 est
265 202 361 230 artifex
373 204 522 235 suavitatis,
538 203 604 238 quid
619 204 651 230 ab
666 204 723 238 ipsa
738 203 844 230 tandem

54 244 108 266 arte
129 244 155 266 et
176 239 294 266 doctrina
313 240 441 274 postulari
462 241 611 275 putamus?
633 243 690 267 462.
706 242 774 267 Haec
788 241 844 267 dixi

53 277 171 308 brevius,
196 286 278 312 quam
301 278 323 303 si
346 278 395 304 hac
417 278 450 304 de
468 287 496 304 re
514 287 567 304 una
585 278 764 313 disputarem:
795 278 846 313 (est

53 314 124 340 enim
143 314 186 340 hic
205 314 278 340 locus
298 314 348 340 late
368 319 461 349 patens
475 315 508 341 de
522 320 615 341 natura
630 324 736 350 usuque
750 316 846 342 verbo-
866 315 867 347 l

52 351 138 386 rumz)
153 351 258 387 longius
272 356 460 387 autem,quam
474 353 595 379 instituta
609 353 674 379 ratio
685 353 844 387 postulabat.
866 352 867 379 l

52 389 148 415 XLIX.
169 388 221 415 Sed
239 390 302 424 quia
321 398 410 415 rerum
424 390 622 425 verborumque
635 390 766 416 iudicium
781 399 846 425 pru·
866 408 867 411 ,

52 426 157 452 dentiae
174 431 222 457 est,
243 435 338 453 vocum
358 432 445 453 autem
465 432 491 453 et
504 436 677 453 numerorum
691 436 768 453 aures
783 432 847 453 sunt
866 447 868 466 i

52 463 164 494 iudices,
189 468 214 489 et
235 464 308 498 quod
330 464 375 490 illa
397 464 429 490 ad
451 464 656 500 intelligentiam
683 464 843 495 referuntur,
867 476 868 492 ς

52 500 116 526 haec
130 500 162 526 ad
176 500 354 535 voluptatem:
371 502 398 528 in
412 501 466 528 illis
480 502 545 528 ratio
558 502 670 533 invenit,
686 502 714 528 in
728 502 770 527 his
784 510 846 528 sen·
866 495 868 511 ¹

52 546 99 564 sus
113 542 204 564 artem.
237 538 290 564 Aut
308 539 379 565 enim
394 539 552 575 negligenda
567 539 643 565 nobis
657 538 708 565 fuit
722 539 845 573 voluptas
866 552 867 557 =

51 612 181 638 ciliandae
195 613 359 648 reperienda.
384 615 437 640 163.
452 615 524 640 Duae
538 618 602 639 sunt
614 614 699 649 igitur
712 622 763 644 res,
776 622 845 648 quac
866 615 867 619 ’

51 650 233 684 permulceant
256 659 342 681 aures,
366 660 444 677 sonus
466 655 492 677 et
513 659 640 676 numerus.

51 695 122 718 mort,
139 696 210 714 nunc
224 688 256 714 de
270 696 334 714 sono
347 689 512 722 quaerimus.
534 688 628 718 Verba,
638 692 666 714 ut
679 696 761 722 supra
775 688 846 714 dixi-

51 733 121 756 muS,
143 724 253 760 legenda
267 730 331 751 sunt
344 726 514 760 potissimum
528 725 596 751 bene
610 725 738 756 sonantia,
755 725 803 751 sed
817 734 845 751 ea
866 730 874 754 ἢ

51 770 112 793 non,
138 766 168 788 ut
180 767 280 797 poetae,
305 763 438 797 exquisita
457 762 489 788 ad
503 771 608 793 sonum,
629 762 677 788 sed
691 767 798 797 sumpta
812 762 845 788 de
866 774 867 787 ι

50 799 148 826 medio.
173 800 229 831 Qua
240 802 318 832 po'nto
332 802 364 825 ab
377 800 462 826 Helles
475 804 583 834 superat
597 799 718 826 modum.
744 800 777 826 At
791 801 845 826 Au-

49 840 121 862 ratos
138 839 207 863 aries
227 837 384 867 Colchorum,
404 837 554 872 splendidis
572 837 728 863 nominibus
743 837 845 863 illumi-

50 877 128 900 natus
141 877 182 900 est
195 882 298 905 versus,
319 874 366 900 sed
380 875 519 909 proximus
533 875 690 909 inquinatus
709 875 845 900 insuavis-

49 911 116 937 sima
136 910 220 937 littera
239 911 344 938 linitus:
370 912 510 945 Fruyisera
523 916 546 938 εἴ
558 915 626 946 ferta
639 921 704 938 arva
717 914 795 938 Asiae·
809 917 845 937 te-
873 938 874 945 χ

49 953 99 974 net.
134 949 190 975 464.
204 948 290 980 Quare
303 949 419 975 bonitate
433 950 522 984 potius
536 953 686 975 nostrorum
701 949 843 975 verborum

49 989 169 1017 utamur,
189 994 270 1020 quam
289 986 431 1021 splendore
449 987 623 1018 Graecorum,
650 987 701 1013 nisi
720 986 786 1013 forte
806 988 844 1013 sic

49 1022 122 1058 loqui
139 1024 270 1058 poenitet:
295 1025 351 1056 Qud
371 1027 516 1057 tempestate
531 1025 607 1050 Paris
628 1025 752 1050 Helenam
769 1040 806 1043 —
819 1028 845 1050 et

48 1068 117 1095 quae
134 1065 294 1096 sequuntur.
335 1062 420 1088 Immo
439 1070 501 1088 vero
519 1062 569 1088 ista
583 1070 729 1096 sequamur
742 1062 844 1096 asperi-

49 1102 182 1133 tatemque
200 1097 350 1134 fugiamus:
372 1100 459 1126 Habeo
476 1102 552 1126 istam
569 1108 613 1133 eqo
628 1102 844 1133 perterricrepam
872 1124 873 1133 ¹

47 1150 83 1155 —
96 1135 247 1171 Itemque*:
273 1137 460 1170 Ve'rsutiloquas
473 1138 596 1163 malitias.

103 1173 156 1199 Nec
169 1173 257 1200 solum
271 1178 464 1209 componentur
477 1174 558 1200 verba
572 1174 685 1205 ratione,
702 1173 750 1200 sed
764 1174 842 1201 etiam
871 1195 872 1201 ,

47 1210 187 1242 finientur,
207 1212 335 1246 quoniam
349 1211 377 1238 id
390 1211 523 1238 iudicium
537 1220 595 1238 esse
610 1211 722 1238 alterum
736 1212 842 1238 aurium

46 1247 175 1274 diximus.

46 1286 125 1320 quasi
142 1294 191 1312 sua
208 1290 301 1321 sponte
315 1286 358 1313 et*
372 1286 489 1322 quodam
512 1295 610 1322 genere
633 1286 788 1317 verborum,
814 1287 841 1313 in

45 1323 147 1357 quibus
165 1323 232 1358 ipsis
251 1324 415 1350 concinnitas
433 1325 516 1356 inest;
539 1332 607 1359 quae
625 1324 683 1350 sive
701 1333 780 1350 casus
795 1324 843 1350 ha-

45 1360 110 1386 bent
132 1360 160 1386 in
183 1361 257 1387 exitu
276 1361 379 1387 similes
397 1362 454 1388 sive
472 1361 583 1396 paribus
601 1362 675 1395 paria
693 1361 842 1387 redduntur

45 1397 103 1424 sive
121 1403 293 1432 opponuntur
310 1399 451 1430 contraria,
476 1403 571 1433 suapte
589 1402 682 1424 natura
700 1407 842 1425 numerosa

45 1440 120 1466 sunt,
137 1436 242 1462 etiamsi
256 1436 323 1462 nihil
342 1440 383 1462 est
396 1435 496 1463 factum
510 1436 543 1462 de
556 1435 697 1462 industria.
741 1437 797 1462 165.
813 1437 842 1462 ln

45 1472 127 1499 huius
156 1474 341 1500 concinnitatis
371 1474 565 1500 consectatione
595 1473 722 1509 Gorgiam
758 1473 842 1499 fuisse
863 1492 864 1511 1

44 1510 193 1545 principem
207 1511 372 1545 accepimus:
395 1519 449 1546 quo
462 1511 495 1537 de
508 1519 605 1547 genere
619 1510 664 1537 illa
679 1515 768 1537 nostra
779 1515 843 1537 sunt

44 1548 72 1574 in
87 1548 242 1574 Miloniana:
264 1548 309 1574 Est
323 1551 396 1578 enim,
412 1550 522 1578 iudices,
537 1550 598 1574 haec
613 1557 663 1574 non
672 1551 783 1581 scripta,
799 1551 842 1575 sed
862 1560 864 1578 2

44 1589 107 1611 nata
121 1587 171 1616 lem,
186 1595 264 1619 quam
278 1594 327 1611 non
340 1588 485 1616 didicimus,
500 1588 653 1618 accepimus,
670 1587 783 1619 leqimus,
798 1595 842 1612 ve-

866 562 868 589 l

51 583 151 606 eorum,
172 576 272 610 quibus
291 576 396 610 probari
411 576 575 608 volebamus,
596 580 641 602 aut
655 585 696 602 ars
711 577 769 602 eius
783 584 846 602 con·
866 591 868 614 ι

677 651 713 676 De
734 659 846 676 numero
866 674 868 682 ‚

866 687 874 698 ¹¹
896 687 1027 713 delectet?
1046 687 1091 713 illa
1110 688 1188 714 nobis
1202 689 1249 719 sit,
1265 689 1356 720 credo,
1373 691 1523 724 repetenda,
1541 692 1605 718 haec
1619 692 1692 718 scili-

217 1248 270 1275 Sed
289 1249 418 1276 liniuntur
440 1253 486 1275 aut
507 1249 698 1284 compositione
721 1249 778 1283 ipsa
798 1253 843 1275 aut
871 1268 872 1279 2

43 1631 102 1648 rum
119 1631 152 1649 ex
169 1628 266 1649 πιιειινα
283 1625 340 1656 ipsa
357 1625 528 1656 arripuimus,
548 1625 692 1654 hausimus,
711 1625 841 1656 expressi-

43 1667 114 1692 mus‚·
134 1662 168 1687 ad
185 1669 262 1694 quam
279 1669 330 1686 non
347 1663 428 1691 docti,
443 1663 487 1686 sed
503 1663 579 1694 sacti,
596 1669 645 1686 non
659 1663 782 1691 instituti,
797 1663 841 1686 sed
862 1666 863 1683 l

43 1698 134 1724 imbuti
150 1706 245 1724 sumus.
284 1698 354 1724 Haec
371 1698 442 1724 enim
461 1697 523 1724 talia
537 1702 613 1729 sunt,
636 1702 678 1729 ut,
695 1698 759 1733 quia
773 1697 842 1724 refe·
861 1715 863 1724 ⁴

44 1738 140 1761 runtur
149 1735 181 1761 ad
192 1743 230 1766 ea,
243 1735 275 1761 ad
285 1744 354 1770 quae
368 1735 466 1762 debent
475 1735 576 1767 referri,
590 1735 773 1771 intelligamus
788 1744 840 1762 non

44 1773 195 1806 quaesitum
209 1781 268 1799 esse
282 1781 438 1804 numerum,
454 1773 502 1799 sed
515 1777 648 1799 secutum.
691 1774 747 1799 ⁴66.
763 1773 840 1805 Quod

44 1808 72 1835 fit
86 1809 148 1836 item
163 1810 190 1836 in
204 1810 350 1837 referendis
367 1811 518 1842 contrariis,
534 1815 564 1837 ut
577 1810 623 1836 illa
637 1814 713 1842 sunt,
738 1811 840 1845 quibus
861 1813 862 1817 ’

44 1854 96 1873 non
110 1847 188 1874 modo
202 1856 342 1875 numerosa
352 1848 442 1879 oratio,
456 1848 503 1874 sed
514 1849 593 1874 etiam
604 1856 698 1874 versus
709 1847 837 1874 eflicitur:

98 1885 172 1917 Eam,
188 1894 265 1919 quam
278 1887 342 1912 nihil
355 1888 472 1916 accasas,
487 1888 603 1912 damnas.
861 1892 863 1913 l

45 1920 212 1956 (Condemnas
225 1922 334 1954 diceret,
350 1923 399 1958 qui
413 1931 521 1949 versum
536 1922 652 1958 effugere
666 1922 772 1958 vellet:)

302 1961 369 1986 Bc'ne
381 1969 459 1994 quam
471 1963 589 1987 meritam
603 1968 655 1986 esse
668 1963 797 1991 autumas,
861 1961 863 1976 ¹

97 1998 163 2023 dicis
175 1998 241 2023 male
253 2000 353 2023 mereri.

98 2034 136 2064 101,
152 2036 219 2067 quod
231 2037 294 2064 scis,
308 2036 411 2067 prodest
425 2036 503 2060 nihil:
524 2037 558 2065 id,
574 2037 641 2068 quod
655 2036 748 2064 nescis,
765 2036 839 2061 obest.

43 2069 156 2098 Versum
170 2071 252 2098 efficit
268 2072 325 2106 ipsa
340 2072 432 2098 relatio
445 2072 645 2098 contrariorum.
686 2072 714 2098 ld
729 2076 799 2098 esset
813 2072 840 2098 in

43 2109 158 2135 oratione
177 2117 364 2135 numerosum:
390 2110 462 2140 Quod
475 2112 538 2139 scis,
554 2111 619 2136 nihil
633 2112 752 2142 prodest:
774 2112 840 2143 quod
868 2135 869 2143 ἵ

391 2146 420 2172 L.
437 2145 548 2181 Semper
565 2147 641 2178 haec,
662 2155 732 2181 quae
746 2146 839 2173 Graeci
868 2167 869 2179 2

44 2181 170 2210 ἀντίθετα
185 2183 331 2215 nominant,
343 2192 429 2218 quum
443 2185 580 2210 contrariis
594 2188 767 2219 opponuntur
777 2192 840 2210 con-
867 2187 869 2218 3¹

44 2220 131 2251 traria,
147 2229 289 2247 numerum
303 2222 446 2247 oratorium
462 2223 618 2248 necessitate
632 2222 690 2256 ipsa
708 2221 836 2253 efficiunt,
860 2222 869 2259 1³

410 2259 467 2284 ⁴67.
483 2259 536 2285 Hoc
553 2267 649 2295 genere
667 2259 771 2294 antiqui
786 2259 838 2285 iam
860 2270 868 2287 l,

44 2256 140 2284 etiam*
155 2258 213 2284 sine
226 2258 367 2285 industria.

44 2297 103 2321 ante
128 2295 268 2322 Isocratem
295 2295 495 2322 delectabantur
520 2300 546 2322 et
572 2297 688 2322 maxime
714 2296 836 2332 Gorgias,

44 2332 120 2359 cuius
143 2333 171 2359 in
193 2334 310 2360 oratione
328 2333 488 2368 plerumque
511 2333 592 2360 eflicit
614 2342 757 2360 numerum
780 2334 838 2368 ipsa

43 2370 216 2396 concinnitas.
257 2371 310 2397 Nos
324 2371 403 2397 etiam
417 2371 444 2396 in
461 2371 508 2397 hoc
521 2379 618 2406 genere
634 2370 794 2406 frequentes
809 2375 839 2397 ut

43 2405 89 2433 illa
102 2411 165 2434 sunt
179 2407 205 2434 in
219 2413 313 2442 quarto
327 2409 517 2434 accusationis:
543 2408 658 2442 Conferte
671 2410 736 2434 lianc
747 2417 838 2442 pacem

45 2451 101 2470 cum
123 2446 169 2471 illo
191 2446 266 2475 bello,
290 2447 366 2472 liuius
381 2448 511 2478 praetoris
532 2448 669 2472 adventum
692 2454 749 2471 cum
767 2447 838 2472 illius
859 2452 861 2466 ¹

44 2482 207 2514 imperatoris
228 2485 351 2514 victoria,
378 2485 454 2509 huius
476 2484 602 2509 cohortem
627 2485 755 2516 impuram
781 2491 838 2508 cum

44 2519 115 2545 itlius
127 2521 244 2546 emer-citu
257 2522 359 2550 invicto,
374 2521 451 2546 huius
465 2522 582 2546 libidines
596 2529 653 2546 cum
670 2521 742 2546 illius
756 2522 838 2546 conti-

44 2558 143 2582 nentia:
163 2558 196 2582 ab
209 2558 262 2588 illo,
277 2560 323 2591 qui
336 2559 409 2590 cepit,
425 2560 553 2588 conditas,
570 2559 602 2583 ab
616 2559 669 2588 hoc,
685 2560 729 2590 qui
744 2560 838 2583 consti-

45 2595 111 2619 tutas
132 2596 243 2627 accepit,
267 2599 357 2627 captas
377 2596 467 2621 dicetis
484 2595 638 2628 Syracusas.
678 2595 748 2630 Ergo
766 2599 791 2620 et
810 2594 837 2620 hi

45 2630 147 2656 numeri
161 2631 215 2657 sint
228 2631 336 2667 cogniti.

100 2668 156 2694 ⁴68.
173 2668 264 2695 Genus
287 2668 356 2695 illud
378 2669 485 2695 tertium
508 2668 670 2704 explicetur,
694 2668 774 2704 quale
791 2669 835 2701 sit,

986 133 1016 159 46
1036 148 1073 152 —-
1092 134 1134 159 51.
1643 140 1689 165 ⁴75

897 211 1055 229 numerosae
1069 208 1094 229 et
1107 208 1183 238 aptae
1196 205 1331 231 orationis.
1353 204 1430 236 Quod
1442 206 1488 240 qui
1500 215 1551 232 non
1562 209 1689 240 sentiunt,

897 249 964 275 quas
982 249 1060 267 aures
1080 241 1195 268 habeant
1213 246 1258 268 aut
1275 242 1342 276 quid
1365 243 1393 268 in
1416 243 1450 268 iis
1469 243 1585 270 hominis
1604 245 1692 272 simile

898 278 946 309 sit,
967 278 1065 304 nescio.
1100 279 1173 304 Meae
1190 279 1301 313 quidem
1319 283 1344 305 et
1367 279 1484 314 perfecto
1506 281 1692 317 completoque

898 315 1039 341 verborum
1067 316 1169 342 ambitu
1194 316 1320 351 gaudent,
1344 321 1370 343 et
1395 322 1468 343 curta
1491 319 1619 350 sentiunt,
1645 328 1693 346 nec

897 357 986 378 amant
999 352 1184 379 redundantia.
1215 353 1285 385 Quid
1299 354 1358 380 dico
1372 354 1462 380 meas‘?
1481 356 1621 382 conciones
1635 365 1693 383 sae-

897 398 930 424 pe
944 389 1091 416 exclamare
1105 390 1174 421 vidi,
1195 399 1280 425 quum
1295 395 1354 425 apte
1369 392 1447 418 verba
1461 392 1629 420 cecidissent.
1664 394 1693 420 Id

897 427 968 453 enim
983 432 1137 461 exspectant
1150 436 1239 459 aures,
1261 432 1290 454 ut
1312 429 1401 455 verbis
1415 429 1573 465 colligentur
1587 435 1693 457 senten—

897 465 957 490 tiae.
992 464 1049 490 Non
1064 469 1118 490 erat
1132 465 1181 491 hoc
1199 465 1271 499 apud
1285 466 1420 500 antiquos.
1454 467 1486 493 Et
1499 467 1610 502 quidem
1624 468 1692 494 nihil

897 501 971 527 aliud
988 501 1042 527 fere
1060 510 1112 528 non
1130 506 1197 535 erat3
1220 511 1281 528 nam
1300 507 1326 529 et
1343 504 1422 530 verba
1441 504 1575 540 eligebant
1593 510 1618 532 et
1631 513 1693 532 sen-

897 539 992 564 tentias
1006 547 1101 574 graves
1115 543 1141 565 et
1154 548 1251 565 suaves
1265 541 1440 574 reperiebant,
1453 542 1501 568 sed
1515 551 1558 568 eas
1574 547 1619 569 aut
1633 543 1693 569 vin-

896 576 1002 602 ciebant
1019 580 1064 602 aut
1082 576 1225 610 explebant
1242 586 1347 611 parum.
1390 580 1444 604 169.
1465 580 1518 606 Hoc
1536 588 1578 606 me
1601 581 1692 615 ipsum

897 612 1016 643 delectat,
1034 614 1170 648 inquiunt.
1205 614 1275 646 Quid
1289 615 1312 640 si
1327 616 1514 650 antiquissima
1529 617 1574 643 illa
1588 618 1691 652 pictura

897 658 1043 684 paucorum
1061 650 1180 676 colorum
1199 652 1298 687 magis,
1323 661 1404 687 quam
1424 654 1487 679 haec
1506 655 1557 680 iam
1576 654 1691 689 perfecta

896 729 937 750 cet
951 724 1129 759 repudianda!
1152 726 1313 752 Nominibus
1327 731 1447 753 veterum
1461 728 1618 763 gloriantur.
1641 730 1692 755 Ha-

896 761 941 787 bet
954 766 1056 793 autem,
1077 767 1107 788 ut
1120 763 1147 788 in
1162 763 1291 789 aetatibus
1306 765 1486 791 auctoritatem
1501 771 1637 797 senectus,
1653 768 1692 793 sic

896 799 924 825 in
938 799 1069 834 exemplis
1084 800 1242 835 antiquitas:
1258 809 1327 835 quae
1337 802 1447 836 quidem
1459 803 1530 836 apud
1545 812 1586 829 me
1601 804 1691 838 ipsum

896 836 967 862 valet
979 837 1138 871 plurimum.
1172 838 1226 863 Nec
1240 846 1289 873 ego
1302 839 1339 870 id,
1355 839 1428 873 quod
1441 839 1516 866 deest
1530 841 1689 875 antiquitati,

896 872 985 909 flagito
1007 875 1110 908 potius,
1136 883 1217 909 quam
1240 875 1332 907 laudo,
1362 876 1435 911 quod
1460 882 1512 910 est3
1535 879 1691 912 praesertim

895 919 981 945 quum
996 920 1025 937 ea
1040 912 1138 938 maiora
1152 912 1278 944 iudicem,
1291 922 1360 948 quae
1374 919 1446 945 sunt,
1459 923 1541 949 quam
1556 915 1610 946 illa,
1623 924 1692 950 quae

895 948 1002 974 desunt.
1025 948 1089 975 Plus
1104 953 1143 975 est
1157 950 1228 976 enim
1242 951 1270 976 in
1284 951 1373 977 verbis
1388 956 1413 977 et
1426 952 1454 978 in
1468 953 1607 978 sententiis
1617 952 1689 982 boni,

896 986 997 1020 quibus
1012 986 1052 1012 illi
1066 986 1209 1018 excellunt,
1226 996 1307 1022 quam
1322 989 1349 1014 in
1363 989 1534 1016 conclusione
1548 991 1692 1016 sententia-

895 1032 965 1054 rum,
985 1032 1066 1058 quam
1086 1032 1137 1050 non
1156 1024 1264 1051 habent.
1298 1026 1340 1052 LI.
1355 1026 1417 1052 Post
1434 1027 1541 1053 inventa
1555 1027 1691 1054 conclusio

895 1065 944 1092 est,
960 1069 1013 1096 qua
1027 1061 1106 1088 credo
1121 1070 1217 1088 usuros
1232 1067 1334 1089 veteres
1348 1063 1409 1090 illos
1424 1064 1521 1095 fuisse,
1538 1065 1561 1090 si
1576 1065 1629 1091 iam
1644 1073 1691 1091 no-

895 1102 920 1124 ta
934 1102 1013 1133 atque
1027 1103 1154 1133 usurpata
1168 1108 1209 1125 res
1224 1105 1306 1133 esset;
1329 1109 1382 1136 qua
1396 1102 1512 1133 inventa,
1525 1110 1618 1128 omnes
1629 1111 1691 1128 usos

895 1144 1005 1171 magnos
1030 1141 1145 1163 oratores
1169 1137 1303 1164 videmus.
1346 1139 1402 1164 470.
1419 1138 1471 1165 Sed
1494 1139 1573 1166 habet
1595 1148 1691 1166 nomeu

894 1173 1033 1205 invidiam,
1049 1182 1135 1209 quum
1149 1175 1177 1200 in
1191 1176 1307 1202 oratione
1321 1176 1440 1202 iudiciali
1451 1181 1476 1203 et
1487 1176 1584 1203 forensi
1596 1186 1692 1203 num&

894 1219 949 1242 rus,
966 1211 1065 1237 Graece
1081 1211 1195 1248 ῥυθμός,
1212 1213 1299 1239 inesse
1314 1213 1422 1240 dicitur.
1463 1215 1550 1240 Nimis
1564 1215 1636 1240 enim
1649 1215 1691 1240 in—

893 1248 1024 1274 sidiarum
1048 1249 1081 1275 ad
1103 1249 1246 1284 capiendas
1270 1259 1347 1277 aures
1376 1251 1496 1278 adhiberi
1524 1251 1643 1282 videtur,
1668 1253 1691 1278 si

893 1286 971 1312 etiam
987 1286 1014 1312 in
1028 1286 1140 1313 dicendo
1154 1288 1259 1314 numeri
1273 1288 1306 1314 ab
1319 1292 1420 1315 oratore
1433 1293 1607 1324 quaeruntur.
1638 1289 1691 1315 iloc

894 1322 953 1349 freti
968 1324 1012 1349 isti
1027 1328 1052 1350 et
1065 1324 1118 1359 ipsi
1132 1324 1243 1351 infracta
1257 1329 1282 1351 et
1295 1330 1430 1360 amputata
1446 1326 1593 1361 loquuntur
1607 1331 1632 1352 et
1646 1336 1690 1353 eos

893 1361 1053 1395 vituperant,
1069 1362 1117 1396 qui
1132 1366 1191 1396 apta
1209 1366 1235 1388 et
1252 1362 1326 1389 finita
1339 1364 1520 1397 pronuntiant.
1563 1364 1590 1390 Si
1605 1364 1691 1390 inani-

893 1398 944 1424 bus
963 1398 1053 1424 verbis
1072 1398 1233 1434 levibusque
1250 1401 1403 1432 sententiis,
1429 1402 1500 1434 iure·⁷
1527 1402 1569 1428 sin
1592 1401 1691 1436 probae

893 1444 947 1467 res=
965 1435 1031 1462 lecta
1045 1436 1139 1467 verba,
1161 1436 1227 1471 quid
1246 1442 1294 1469 est,
1310 1446 1358 1464 cur
1371 1438 1495 1465 claudere
1509 1443 1554 1465 aut
1567 1439 1690 1465 insistere

893 1473 1037 1499 orationem
1052 1473 1153 1504 malint,
1170 1483 1252 1509 quam
1266 1484 1328 1501 cum
1342 1476 1472 1502 sententia
1487 1477 1585 1510 pariter
1595 1484 1691 1502 excur-

894 1510 968 1536 rere‘?
987 1511 1034 1536 Hic
1048 1511 1120 1537 enim
1134 1511 1285 1538 invidiosus
1301 1521 1429 1539 numerus
1444 1513 1510 1539 nihil
1522 1513 1595 1540 affert
1605 1513 1687 1541 aliud.

893 1548 945 1573 nisi
960 1551 989 1574 ut
1003 1549 1037 1574 sit
1051 1552 1111 1583 apte
1125 1548 1214 1575 verbis
1234 1550 1426 1584 comprehensa
1445 1551 1589 1577 sententia:
1615 1550 1688 1585 quod

893 1586 922 1611 lit
936 1586 1016 1611 etiam
1031 1585 1063 1611 ab
1077 1586 1209 1621 antiquis,
1226 1587 1273 1613 sed
1288 1587 1447 1622 plerumque
1460 1597 1533 1618 casu,
1550 1596 1628 1622 saepe
1644 1596 1690 1614 na-

894 1627 966 1655 tura3
989 1627 1014 1649 et
1032 1631 1101 1657 quae
1120 1623 1197 1649 valde
1217 1623 1358 1651 laudantur
1381 1625 1451 1659 apud
1476 1625 1544 1656 illos.
1570 1634 1599 1651 ea
1625 1625 1686 1655 fere,

891 1661 954 1695 quia
969 1665 1032 1686 sunt
1045 1660 1182 1691 conclusa,
1205 1661 1356 1688 laudantur.
1400 1664 1456 1688 ΓΗ.
1471 1663 1503 1689 Et
1521 1662 1593 1697 apud
1607 1664 1690 1689 Grae·

892 1706 936 1724 cos
951 1698 1061 1732 quidem
1076 1698 1128 1723 iam
1143 1699 1205 1724 anni
1219 1707 1301 1733 prope
1315 1699 1504 1735 quadringenti
1518 1705 1589 1731 sunt,
1603 1709 1688 1734 quum

892 1735 941 1761 hoc
959 1735 1098 1770 probatur,
1126 1745 1173 1761 nos
1192 1745 1278 1771 nuper
1301 1737 1470 1772 agnovimus.
1511 1738 1581 1773 Ergo
1604 1737 1690 1763 Ennio

892 1772 975 1803 licuit,
992 1777 1078 1799 vetera
1093 1774 1282 1805 contemnenti,
1298 1774 1399 1801 dicere:

953 1811 1071 1840 Vei-sibu:
1087 1819 1150 1844 quos
1163 1813 1223 1837 olim
1237 1812 1322 1837 Fauni
1336 1817 1454 1845 ratesque
1468 1814 1605 1844 canebant;

894 1847 960 1873 milii
979 1847 1012 1873 de
1031 1848 1148 1882 antiquis
1167 1848 1261 1875 eodem
1280 1848 1358 1876 modo
1376 1858 1428 1875 non
1443 1848 1550 1876 licebit‘?
1569 1858 1689 1884 praescr-

892 1885 938 1910 tim
961 1893 1047 1920 quum
1072 1885 1194 1911 dicturus
1216 1895 1269 1912 non
1287 1887 1352 1918 sim,
1370 1888 1432 1913 Ante
1449 1889 1528 1917 hunc,
1543 1892 1619 1913 —ut
1634 1887 1686 1917 ille,

868 1944 870 1946 .
891 1930 939 1948 nec
952 1931 1021 1957 quae
1035 1927 1195 1958 sequuntur,
1210 1924 1262 1950 Nos
1275 1927 1333 1950 ausi·
1348 1933 1463 1950 reserare
1473 1939 1518 1949 —.
1538 1924 1602 1959 Legi
1617 1925 1688 1950 enim

891 1959 1038 1994 audivique
1052 1960 1209 1992 nonnullos,
1230 1970 1344 1996 quorum
1360 1961 1552 1996 propemodum
1568 1962 1688 1988 absolute

891 1997 1094 2023 concluderetur
1116 1998 1207 2025 oratio.
1248 1998 1325 2030 Quod
1343 1999 1390 2033 qui
1410 2008 1460 2025 uon
1486 2004 1610 2033 possunt,
1636 2008 1687 2025 non

891 2039 931 2060 est
954 2035 992 2061 eis
1014 2035 1079 2061 satis
1103 2044 1154 2061 non
1178 2036 1325 2067 contemni,
1355 2036 1456 2062 laudari
1480 2037 1559 2062 etiam
1584 2036 1686 2063 volunt.

891 2071 948 2107 Ego
961 2076 1049 2098 autem
1064 2072 1124 2098 illos
1139 2073 1211 2107 ipsos
1231 2073 1322 2103 laudo,
1344 2073 1426 2108 idque.
1445 2074 1551 2105 merito,
1572 2082 1687 2108 quorum

892 2117 920 2135 se
935 2109 978 2135 isti
993 2109 1137 2136 imitatores
1152 2118 1210 2136 csse
1224 2111 1330 2142 dicunt,
1351 2111 1399 2137 etsi
1419 2112 1445 2137 iu
1464 2112 1503 2137 eis
1521 2111 1623 2146 aliquid
1641 2111 1687 2137 de-

891 2146 992 2179 sidero;
1016 2147 1063 2173 hos
1079 2156 1141 2173 vere
1155 2148 1278 2180 minime,
1298 2149 1346 2183 qui
1366 2148 1432 2174 niliil
1452 2148 1559 2174 illorum
1581 2149 1632 2175 nisi
1648 2149 1687 2174 vi-

892 2184 958 2209 tium
982 2188 1145 2219 sequuntur,
1171 2194 1256 2220 quum
1275 2194 1289 2211 a
1308 2186 1385 2212 bonis
1408 2186 1497 2212 absint
1521 2185 1684 2221 longissime.

895 2222 949 2248 172.
965 2221 1077 2253 Quodsi
1093 2231 1170 2248 aures
1189 2227 1240 2248 tam
1264 2223 1424 2249 inhumanas
1443 2227 1550 2257 tamque
1569 2228 1687 2258 agrestes

892 2258 1002 2289 habeut,
1024 2267 1056 2284 ne
1074 2259 1290 2285 doctissimorum
1309 2260 1419 2295 quidem
1439 2261 1557 2286 virorum
1571 2269 1615 2286 cos
1631 2269 1686 2286 mo-

892 2296 963 2322 vebit
990 2296 1142 2322 auctoritas.
1182 2297 1282 2323 Omitto
1313 2298 1452 2323 Isocratem
1485 2297 1686 2332 discipulosque

890 2333 948 2358 cius
963 2333 1099 2367 Ephorum
1114 2338 1139 2359 ct
1151 2334 1316 2364 Naucratem.
1329 2343 1493 2369 quamquam
1508 2335 1633 2360 orationis
1648 2334 1671 2360 fa

889 2370 998 2396 ciendae
1021 2375 1046 2396 et
1063 2370 1196 2397 ornandae
1215 2376 1335 2397 auctores
1351 2371 1569 2406 locupletissimi,
1585 2373 1685 2398 summi

890 2408 941 2442 ipsi
955 2412 1079 2438 oratores,
1095 2416 1154 2433 csse
1168 2408 1309 2435 debebant.
1351 2408 1403 2434 Sed
1422 2409 1484 2443 quis
1503 2410 1624 2435 omnium
1639 2409 1686 2435 do-

889 2446 966 2475 cuor,
983 2445 1045 2479 quis
1059 2446 1169 2475 acutior.
1189 2446 1251 2480 quis
1267 2446 1292 2471 in
1308 2446 1388 2472 robus
1404 2445 1444 2471 vel
1461 2446 1628 2472 inveniendis
1644 2447 1684 2472 vel

891 2482 1041 2508 iudicandis
1060 2483 1143 2508 acrior
1161 2482 1300 2509 Aristotele
1320 2482 1388 2509 fuit'?
1407 2483 1469 2518 quis
1489 2492 1565 2517 porro
1580 2484 1684 2510 Isocrati

889 2525 928 2545 cst
943 2519 1099 2545 adversatus
1113 2519 1264 2546 infensius?
1285 2521 1307 2546 ls
1323 2521 1406 2555 igitur
1421 2529 1528 2546 vorsum
1547 2521 1574 2547 in
1588 2522 1684 2547 oratio-

890 2566 921 2583 nc
937 2561 1005 2582 vetat
1019 2566 1090 2587 csse,
1112 2566 1253 2583 numerum
1273 2558 1355 2583 iubet.
1397 2558 1463 2584 Eius
1481 2558 1585 2584 auditor
1599 2558 1683 2584 'flu-o—

889 2594 991 2624 doctos,
1013 2595 1039 2620 in
1052 2595 1148 2629 primis
1162 2595 1201 2629 (ut
1215 2594 1369 2621 Aristoteles
1387 2603 1466 2630 saepe
1480 2595 1622 2630 siguificat)
1638 2605 1684 2630 po-

891 2631 953 2657 litus
976 2632 1088 2666 scriptor
1112 2637 1190 2666 atquo
1213 2631 1320 2662 artifex,
1347 2632 1394 2658 lioc
1417 2633 1488 2658 idem
1510 2637 1535 2659 et
1558 2633 1637 2659 sentit
1660 2639 1685 2658 ot

889 2669 1026 2704 praecipit.
1067 2669 1266 2704 Theophrastus
1281 2678 1343 2696 vcro
1357 2669 1452 2696 iisdem
1467 2669 1499 2696 de
1514 2670 1594 2696 rebus
1605 2671 1682 2696 otiam
