1941 3052
206 119 253 143 {m
768 120 823 144 tiu.
859 117 892 143 M.
927 118 955 142 Τ,

205 189 358 223 opinionem
378 189 439 213 vic-it
455 189 588 217 omnium,
605 196 673 221 «piae
689 187 722 212 de
741 188 837 212 xirtute
853 188 911 212 eius
927 192 990 216 erat,

205 225 251 251 ‚si-d
263 227 341 251 etiam
356 225 466 259 glori-'im
482 225 660 258 superiorum.

206 263 330 289 rubilius.
349 262 419 296 quod
435 262 468 286 al»
484 270 514 287 ro
531 261 588 286 laus
606 261 771 295 imperatoria
785 270 835 286 non
848 261 992 286 admodum
1014 264 1015 298 l

205 299 421 334 exspfflrtnlmtur,
444 299 490 332 qui
512 298 717 324 adolescentiam
741 299 765 323 in
789 297 886 323 sorensi
902 306 990 331 opera.
1014 299 1023 322 ,l

1022 343 1023 346 ¹
1047 336 1100 359 riae
1123 334 1277 368 loquantur.
1301 336 1326 361 in
1349 335 1478 369 legatione
1499 336 1541 361 illa
1559 337 1654 364 nobili.
1678 347 1758 372 quam
1776 343 1835 363 ante

204 342 362 371 quaesturae
388 336 546 361 diuturnum
574 339 692 369 tempus,
716 335 822 360 Mure-na
845 335 945 360 bellum
969 335 993 360 in

206 375 286 399 l'onto
296 377 411 405 gerente,
431 374 456 398 in
469 372 546 398 Asine
559 381 622 406 piune
636 377 847 406 consumpsi-rat.
888 371 940 397 Sed
954 372 995 397 in-

205 410 343 436 rrmliiniiis
359 410 490 443 quan—«lam
509 410 609 442 ingenii
627 409 782 443 magnitudo
795 408 995 435 nondesidera-
1015 423 1017 428 ν

207 448 243 473 vit
257 447 397 473 indocilem
411 455 476 472 usus
489 446 672 480 disciplinam.
714 447 803 480 ltaque
814 454 898 480 quum
912 450 993 471 totum
1014 434 1017 456 l

207 486 254 510 iter
274 489 299 510 et
320 484 515 519 navigationi-m
537 484 749 517 consumpsisset
773 483 869 517 purtim
892 483 917 508 in
935 491 995 516 per-

205 521 335 547 ‹wintando
350 530 363 547 a
384 521 489 555 peritis,
510 521 605 555 partim
624 521 648 546 in
666 520 746 546 rebus
762 520 845 553 gestis
859 519 992 555 legendis:
1014 511 1024 552 ἶ

206 560 231 584 in
251 558 341 584 Asiam
364 557 446 584 [nctus
468 558 609 592 imperator
625 558 710 587 venit,
727 566 812 592 quum
829 562 899 583 esset
915 557 994 582 noma
1015 554 1017 575 l

205 595 338 630 profectus
355 597 391 621 rei
408 594 532 621 militaris
548 595 632 620 rudis.
674 594 771 620 llnbuit
786 596 858 620 enim
874 594 994 619 divinam

1022 475 1023 480 ¹
1049 446 1099 471 iam
1121 445 1205 471 ullum
1221 451 1354 471 nur-torem
1373 447 1488 480 requiro.

1014 494 1024 510 ‹,
1046 483 1202 516 spondeam,
1224 483 1271 517 qui
1284 484 1453 509 sermonibus
1468 484 1601 510 eiusmodi
1614 485 1697 511 nolint
1709 495 1835 521 personas

1023 615 1024 618 ,
1048 602 1152 623 mones,
1175 599 1220 620 aut
1236 602 1324 620 rerum
1341 594 1473 629 colloquia
1491 595 1632 622 leviorum.

205 632 349 667 quamdam
363 633 517 658 memoriam
529 640 627 662 rerum,
642 632 783 658 verborum
797 632 922 657 maiorem
932 631 995 656 llor-
1015 632 1023 653 ³:

991 117 1264 143 (ltili-:usmis

1020 194 1023 206 ⁸
1046 187 1109 212 iim-c
1122 196 1172 212 non
1187 187 1349 221 improbent,
1373 193 1458 214 tamon
1471 196 1561 214 earum
1574 196 1661 214 rerum
1674 188 1834 223 ‹ii-putatio-

701 226 726 249 ⁴2.
743 223 825 258 ldque
837 233 867 249 eo
882 223 930 249 fuit
943 225 993 249 mi-
1014 231 1023 263 l*

1047 233 1105 249 nem
1128 224 1298 258 prim-wihus
1321 225 1436 250 civitatis
1459 234 1508 250 non
1532 226 1564 250 ita
1587 226 1708 252 devoram
1731 232 1832 260 putant.

1047 261 1101 292 ligo
1117 265 1214 288 nutem,
1235 270 1318 295 quum
1331 262 1444 287 Gru-:cas
1457 262 1556 288 litteras
1568 263 1601 288 M.
1615 264 1739 289 (latum-m
1754 265 1778 289 in
1792 272 1833 289 se-

1047 302 1151 323 avenne
1161 297 1290 323 didicisse
1302 299 1459 332 arae-eperim.
1473 298 1500 324 Ρ.
1514 305 1600 325 autern
1615 300 1740 328 Afric-ani,
1751 301 1834 326 histo-

1046 380 1186 397 rvnsuram
1207 372 1286 400 obiit,
1313 373 1466 398 Panaetium
1489 381 1571 398 unum
1587 375 1696 400 omnino
1711 376 1834 400 «nuntiem

1048 408 1144 434 fuisse:
1178 418 1225 434 nec
1243 409 1388 435 litterarum
1401 410 1572 439 Graecarum,
1591 419 1637 436 nec
1649 411 1835 446 philosophiae

1529 449 1554 472 6.
1577 448 1677 477 Restat.
1700 454 1727 474 ut
1744 458 1776 474 ns
1794 458 1834 474 re-

1047 524 1099 545 tum
1121 528 1216 552 graves
1241 519 1348 555 illigari.
1388 522 1469 552 Quasi
1493 530 1554 547 vero
1569 521 1699 548 clarorum
1718 524 1834 548 virorum

1046 562 1091 583 aut
1107 557 1198 583 tacitos
1210 565 1370 591 congressus
1381 566 1440 583 esse
1451 563 1578 592 oporteat,
1596 565 1641 585 aut
1653 559 1768 585 ludicros
1780 569 1836 585 ser·

1673 597 1776 622 Etenim
1786 618 1791 625 ,
1812 598 1835 623 ei

1046 630 1162 665 quodam
1181 632 1205 656 in
1224 631 1291 657 libro
1304 641 1363 658 vere
1374 637 1437 658 esta
1450 632 1527 658 nobis
1539 632 1706 667 philosophia
1720 634 1834 663 laudata,

205 671 317 696 tensius.
344 669 406 699 Sed,
422 678 475 704 quo
486 669 546 704 plus
559 670 584 695 in
598 670 710 701 negotiis
721 669 848 704 gerendis
859 676 994 703 res,quam
1014 658 1024 709 ll
1047 668 1164 702 profecto
1179 669 1237 693 eius
1252 669 1370 695 tractatio
1383 671 1484 704 optimo
1498 675 1576 704 atque
1590 671 1758 705 amplissimo
1768 680 1836 705 quo—

207 707 286 733 verba
307 711 432 741 prosunt,
456 706 504 732 hoc
526 711 581 732 erat
597 707 723 732 memoria
741 706 785 731 illa
805 705 992 740 praestantior:
1015 713 1016 719 ¹

205 753 287 779 quam
310 744 392 770 fuisse
414 745 440 770 in
461 743 654 773 Themistocle,
676 752 757 778 quem
776 742 853 769 facile
868 742 995 769 Graeciae
1014 733 1017 788 l

206 783 355 816 principem
367 782 502 815 ponimus,
516 780 679 815 singularem
693 780 789 806 ferunt.
821 780 871 812 Qui
884 779 993 815 quidem
1014 790 1017 808 ι

1046 714 1098 739 que
1113 705 1273 739 dignissima
1289 711 1341 732 est:
1374 715 1421 732 nec
1437 707 1586 741 quidquam
1603 707 1676 734 aliud
1689 708 1835 734 videndum

1045 747 1085 768 est
1102 743 1187 770 nobis,
1205 751 1272 777 quos
1288 743 1404 777 populus
1417 744 1550 770 numanus
1562 744 1611 770 hoc
1623 746 1648 771 in
1660 745 1744 779 gradu
1755 745 1836 771 ‹.·0uo-

1022 786 1023 809 l
1045 785 1128 809 cavn,
1153 780 1204 805 nisi
1221 788 1253 805 ne
1268 781 1334 814 quid
1351 781 1462 815 privatis
1477 781 1575 807 studiis
1593 782 1626 808 de
1637 791 1715 816 opera
1729 783 1835 817 publica

205 820 284 846 etiam
308 818 444 853 pollicenti
456 818 563 844 cuidam
579 826 607 843 se
619 823 701 844 artem
713 818 736 844 ei
751 817 907 845 memoriae.
925 824 994 851 quae
1014 811 1024 854 l)
1045 817 1227 842 detrahamus.
1267 817 1343 849 Quod
1360 819 1396 848 si,
1419 826 1504 853 quum
1521 818 1595 854 fungi
1614 828 1722 846 munere
1738 820 1836 845 debea-

206 861 261 883 tum
283 857 399 891 primum
417 855 611 890 proferebatur,
631 855 804 883 traditurum,
824 854 994 888 respondisse

204 893 312 923 dicitur,
329 895 444 919 oblivisci
454 902 480 918 se
490 894 684 918 mullediscere:
714 892 802 921 credo,
818 891 890 926 quod
903 891 995 917 haere-

205 930 268 957 bant
284 931 310 957 in
330 931 471 960 memoria,
493 937 679 964 ‹piaecumque
694 929 813 955 audierat
829 928 869 954 vel
882 928 992 954 viderat.
1016 959 1017 962 Ἴ

205 967 262 994 Tali
286 968 394 1003 ingenio
418 967 555 1002 praeditus
581 966 710 992 Lucullus
734 966 893 992 adiunxerat
915 966 994 991 etiam
1016 972 1024 988 i*

205 1004 293 1036 illam,
320 1014 401 1040 quam
422 1003 615 1031 Themistocles
639 1009 789 1039 spreverat,
811 1002 994 1038 disciplinam.

204 1043 309 1077 ltaque,
331 1047 360 1069 ut
380 1042 476 1069 litteris
496 1043 700 1078 consignamus,
725 1050 794 1077 quae
815 1041 995 1068 monumentis

205 1079 331 1107 mandare
355 1080 494 1106 volumus:
521 1080 560 1106 sic
582 1079 626 1106 ille
643 1080 669 1106 in
685 1080 774 1105 animo
791 1087 832 1105 res
848 1078 995 1113 insculptas

205 1117 330 1144 habebat.
369 1119 392 1143 3.
416 1117 516 1143 Tantus
531 1125 594 1152 ergo
609 1118 752 1151 imperator
767 1117 794 1143 in
809 1117 883 1143 omni
898 1124 995 1151 genere

205 1154 270 1181 belli
285 1154 348 1184 fuit,
370 1154 493 1189 praeliis,
511 1154 772 1190 oppugnationibus,
790 1153 933 1180 navalibus
944 1162 996 1188 pu-

204 1193 279 1228 gnis,
302 1192 437 1227 totiusque
449 1191 514 1217 belli
525 1192 701 1218 instrumento
712 1195 737 1217 et
751 1196 878 1225 apparatu
887 1211 893 1222 ,
910 1195 939 1217 ut
950 1190 995 1216 ille

205 1238 252 1256 rex
271 1234 331 1264 post
346 1229 528 1255 Alexandrum
545 1229 680 1255 maximus
696 1228 768 1254 hunc
784 1237 798 1254 a
814 1237 842 1254 se
868 1228 995 1254 maiorem

204 1266 301 1293 ducem
312 1267 458 1301 cognitum,
467 1274 548 1301 quam
559 1274 832 1301 quemquameorum,
840 1274 907 1300 quos
915 1264 997 1301 legis-

204 1308 252 1334 set.
270 1303 405 1330 fateretur.
446 1304 475 1330 In
490 1303 583 1329 eodem
595 1308 664 1330 tanta
676 1302 818 1337 prudentia
830 1302 881 1329 suit
892 1303 918 1329 in
933 1311 997 1329 con—

204 1340 348 1367 stituendis
369 1340 604 1375 temperandisque
625 1340 794 1371 civitatibus,
817 1344 887 1366 tanta
903 1340 997 1375 aequi·

204 1383 257 1408 tas,
279 1382 309 1404 ut
323 1377 402 1404 hodie
417 1382 468 1404 stet
477 1377 541 1404 Asia
552 1377 659 1404 Luculli
676 1378 805 1404 institutis
820 1377 961 1404 servandis
971 1381 998 1403 et

203 1416 281 1450 quasi
303 1415 426 1450 vestigiis
437 1415 642 1450 persequendis.
683 1414 749 1446 Sed.
767 1415 817 1441 etsi
828 1422 996 1450 magnacum

203 1452 317 1479 utilitate
337 1452 516 1487 reipublicae,
542 1457 631 1479 tamen
649 1452 767 1483 diutius,
789 1460 871 1487 quam
887 1451 994 1482 vellem,

203 1494 275 1516 tanta
295 1490 337 1515 vis
353 1490 460 1516 virtutis
475 1494 555 1525 atque
570 1490 674 1525 ingenii
686 1490 853 1525 peregrinata
865 1489 952 1516 abfuit
963 1488 996 1515 ab

202 1526 289 1554 oculis
309 1531 335 1553 et
350 1525 399 1553 fori
415 1531 440 1553 et
454 1528 554 1553 curiae.
594 1527 665 1559 Quin
683 1527 772 1557 etiam,
787 1535 873 1562 quum
888 1527 973 1553 victor
983 1534 997 1552 a

203 1563 383 1591 Mithridatico
398 1563 469 1591 bello
484 1564 650 1595 revertisset,
674 1564 846 1590 inimicorum
861 1563 997 1590 calumnia

204 1601 319 1628 triennio
334 1601 447 1633 tardius,
465 1610 546 1637 quain
558 1601 697 1632 debuerat,
714 1601 902 1636 triumphavit.
941 1601 996 1627 Nos

202 1639 276 1665 enim
291 1637 416 1665 consules
431 1638 632 1666 introduximus
642 1646 727 1674 paene
738 1639 765 1665 in
775 1638 874 1665 Urbem
886 1646 996 1665 currum

203 1675 348 1702 clarissimi
371 1675 441 1702 viri:
473 1677 552 1702 euius
571 1676 639 1702 mihi
654 1675 799 1702 consilium
814 1681 840 1702 et
854 1676 996 1703 auctoritas

203 1712 270 1748 quid
284 1717 341 1739 tum
353 1713 380 1739 in
391 1713 519 1740 maximis
528 1713 610 1740 rebus
620 1712 778 1748 profuisset,
795 1713 911 1740 dicerem
920 1734 926 1744 ,
943 1713 997 1739 nisi

203 1749 237 1776 de
252 1758 295 1776 me
310 1750 370 1784 ipso
385 1749 532 1777 dicendum
547 1755 630 1777 esset:
657 1749 730 1785 quod
745 1750 796 1776 hoc
810 1755 929 1785 tempore
944 1759 996 1777 non

204 1792 244 1814 est
254 1795 372 1813 necesse.
403 1788 495 1822 Itaque
506 1787 619 1823 privabo
630 1786 708 1814 illum
718 1787 809 1822 potius
820 1787 910 1814 debito
920 1787 997 1814 testi-

204 1824 303 1855 monio,
316 1832 398 1859 quam
412 1825 439 1850 id
453 1833 515 1851 cum
527 1833 585 1851 mea
597 1824 675 1851 laude
686 1825 894 1851 communicem.

259 1861 293 1888 ΙΙ,
318 1862 343 1888 4.
361 1861 428 1893 Sed,
444 1870 514 1897 quae
530 1861 654 1897 populari
668 1861 753 1897 gloria
768 1861 888 1888 decorari
903 1862 932 1888 in
942 1861 997 1888 Lu-

204 1896 276 1924 cullo
294 1897 460 1930 debuerunt,
477 1907 508 1925 ea
521 1898 576 1925 fere
586 1903 685 1925 suntet
696 1898 806 1925 Graecis
820 1899 916 1926 litteris
925 1898 997 1925 cele—

205 1935 279 1961 brata
293 1939 319 1961 et
332 1935 444 1962 Latinis.
475 1936 529 1962 Nos
540 1941 629 1962 autem
640 1935 686 1962 illa
697 1940 806 1962 externa
817 1945 880 1962 cum
891 1935 994 1967 multis,

204 1972 270 1998 haec
285 1973 410 1998 interiora
423 1981 486 1999 cum
496 1974 590 2007 paucis
601 1981 635 1999 ex
645 1973 704 2007 ipso
714 1981 794 2008 saepe
807 1974 995 2009 eognovimus.

204 2009 302 2036 Maiore
321 2009 393 2035 enim
410 2009 499 2036 studio
514 2009 644 2036 Lucullus
658 2018 744 2044 quum
759 2011 832 2037 omni
849 2011 996 2037 litterarum

203 2046 310 2081 generi,
333 2050 391 2072 tum
411 2046 598 2081 philosophiae
617 2047 726 2074 deditus
744 2046 808 2079 fuit,
831 2056 926 2082 quam,
948 2049 995 2082 qui

204 2082 283 2110 illum
305 2083 474 2118 ignorabant,
493 2084 699 2111 arbitrabantur.
738 2085 792 2110 Nec
808 2093 871 2111 vero
886 2085 996 2111 ineunte

205 2124 289 2147 aetate
300 2119 396 2151 solum,
409 2121 457 2147 sed
468 2125 493 2147 et
503 2130 551 2156 pro
561 2126 701 2156 quaestore
713 2121 815 2156 aliquot
826 2130 918 2153 annos,
932 2123 995 2148 etin

205 2158 265 2192 ipso
285 2157 369 2183 bello:
392 2158 420 2184 in
435 2166 489 2193 quo
504 2159 540 2185 ita
554 2166 650 2194 magna
661 2159 699 2184 rei
709 2158 835 2186 militaris
845 2167 904 2186 esse
915 2168 996 2186 occu—

204 2195 276 2229 patio
286 2193 362 2225 solet,
379 2199 408 2221 ut
419 2203 471 2221 non
483 2195 598 2222 multum
610 2196 763 2230 imperatori
774 2196 826 2222 sub
837 2197 905 2231 ipsis
915 2196 996 2232 pelli-

203 2232 256 2258 bus
276 2232 324 2258 otii
338 2231 514 2267 relinquatur.
535 2232 625 2265 Quum
640 2237 728 2259 autem
744 2241 758 2259 e
771 2233 942 2268 philosophis
953 2234 996 2260 in-

203 2269 283 2305 genio
294 2268 460 2304 scientiaque
471 2275 609 2304 putaretur
618 2270 776 2301 Antiochus.
784 2270 906 2297 Philonis
917 2271 996 2298 audi-

203 2310 257 2337 tor,
274 2305 414 2338 excellere,
432 2315 494 2333 eum
505 2315 598 2338 secum
608 2312 634 2334 et
643 2312 768 2342 quaestor
779 2307 874 2334 habuit
888 2313 922 2339 et,
935 2311 996 2343 post

204 2342 307 2378 aliquot
321 2351 418 2375 annOS,
434 2345 591 2379 imperator:
612 2353 753 2380 quumque
768 2350 839 2372 esset
851 2353 882 2372 ea
893 2353 995 2372 memo-

204 2380 251 2410 ria,
260 2388 342 2415 quam
353 2385 412 2407 ante
423 2380 529 2412 dixi,ea
540 2390 619 2416 saepe
630 2381 765 2408 audiendo
775 2381 852 2409 facile
858 2383 992 2418 cognovit,

203 2425 273 2451 quae
284 2417 327 2443 vel
338 2417 421 2445 semel
435 2418 525 2446 audita
536 2419 693 2445 meminisse
703 2420 845 2453 potuisset.
875 2419 995 2446 Delecta-

203 2453 282 2480 batur
301 2459 390 2482 autem
410 2455 523 2482 mirifice
545 2455 657 2483 lectione
677 2455 821 2488 librorum,
843 2456 877 2484 de
891 2457 994 2492 quibus

204 2490 339 2518 audiebat.

259 2528 284 2553 5.
305 2528 343 2554 Ac
363 2537 454 2556 vereor
473 2529 623 2560 interdum,
644 2538 678 2556 ne
695 2529 791 2556 talium
807 2538 991 2565 personarum,

203 2571 290 2598 quum
314 2565 477 2599 amplificare
502 2567 598 2598 velim,
625 2567 746 2593 minuam
769 2568 849 2594 etiam
868 2568 992 2603 gloriam.

204 2600 274 2627 Sunt
288 2601 360 2627 enim
372 2602 464 2634 multi,
481 2605 529 2638 qui
540 2604 649 2631 omnino
660 2604 775 2631 Graecas
785 2613 838 2631 non
849 2610 939 2632 ament
950 2604 994 2632 lit-

204 2641 287 2664 teras:
318 2637 423 2672 plures,
445 2641 492 2675 qui
513 2638 727 2677 philosophiam:
753 2641 865 2677 reliqui,
887 2643 993 2670 etiamsi

1047 863 1115 884 mus,
1130 863 1180 880 non
1194 854 1272 880 modo
1281 863 1389 889 operam
1402 861 1516 882 nostram
1529 865 1676 891 numquam
1688 866 1701 882 a
1714 857 1836 891 populari

1045 896 1121 917 coetu
1134 900 1312 922 removemus,
1328 893 1375 919 sed
1387 902 1419 919 ne
1430 893 1542 919 litteram
1554 894 1664 928 quidem
1678 894 1758 920 ullam
1772 894 1837 920 faci-

1047 937 1116 959 mus,
1131 929 1182 955 uisi
1196 929 1340 956 forensem:
1356 931 1419 965 quis
1432 931 1834 964 reprehendetnostrumotium.

1046 967 1093 1001 qni
1111 967 1136 992 in
1148 975 1179 992 eo
1191 976 1241 993 non
1257 967 1334 993 modo
1346 968 1523 1002 nosmetipsos
1535 968 1678 994 hebescere
1689 974 1713 994 et
1727 968 1837 1003 langue-

1016 1011 1024 1026 11
1047 1013 1074 1029 re
1096 1003 1234 1034 nolimus.
1257 1004 1318 1035 sed,
1337 1010 1365 1031 ut
1381 1005 1506 1039 plurimis
1523 1006 1670 1039 prosimus,
1692 1005 1838 1031 enitimur?

1047 1040 1165 1067 Gloriam
1182 1049 1243 1067 vcro
1259 1050 1310 1068 non
1325 1042 1403 1068 modo
1415 1050 1466 1068 non
1478 1043 1577 1073 minui,
1595 1043 1641 1069 sed
1653 1044 1732 1069 etiam
1744 1044 1836 1078 augeri

1047 1079 1207 1104 arbitramur
1217 1087 1323 1110 eorum,
1341 1088 1456 1114 quorum
1467 1079 1500 1106 ad
1511 1079 1652 1115 populares
1665 1080 1838 1116 illustresque

1048 1115 1150 1146 laudes,
1169 1115 1217 1141 has
1231 1117 1311 1142 etiam
1323 1118 1412 1142 minus
1425 1121 1498 1143 notas
1511 1118 1655 1152 minusque
1666 1117 1837 1154 pervulgatas

1047 1152 1232 1188 adiungimus.
1262 1154 1288 1180 7.
1310 1153 1378 1180 Sunt
1388 1154 1481 1184 etiam,
1499 1155 1546 1189 qui
1559 1160 1668 1190 negent.
1682 1156 1709 1181 in
1720 1155 1771 1185 his,
1788 1156 1836 1190 qui

1047 1190 1074 1215 in
1091 1190 1187 1216 nostris
1205 1190 1281 1217 libris
1295 1190 1446 1226 disputent.
1469 1190 1553 1218 fuisse
1568 1200 1661 1218 earum
1679 1201 1781 1222 rerum,
1803 1192 1838 1219 de

1047 1227 1148 1262 quibus
1173 1226 1340 1262 disputatur,
1362 1229 1512 1255 scientiam.
1552 1228 1604 1261 Qui
1624 1229 1692 1256 mihi
1712 1229 1838 1256 videntur

1048 1273 1100 1291 uon
1111 1263 1199 1291 solum
1211 1266 1293 1297 vivis,
1305 1265 1353 1292 sed
1364 1266 1444 1292 etiam
1456 1266 1567 1293 mortuis
1579 1266 1709 1293 invidere.
1731 1268 1774 1294 ΙΙΙ.
1787 1267 1838 1294 Re—

1048 1306 1099 1328 stat
1112 1309 1197 1328 unum
1212 1311 1300 1338 genus
1316 1303 1550 1338 reprehensorum.
1565 1303 1667 1338 quibus
1677 1304 1838 1331 Academiae

1049 1339 1114 1365 ratio
1126 1348 1177 1365 non
1188 1340 1326 1374 probatur.
1357 1340 1433 1373 Quod
1444 1341 1556 1376 gravius
1569 1340 1710 1373 fen-emus,
1723 1342 1746 1368 si
1760 1342 1838 1377 quis-

1048 1385 1130 1411 quam
1141 1376 1226 1404 ullam
1237 1377 1413 1412 disciplinam
1427 1377 1614 1413 philosophiae
1619 1378 1752 1413 probaret,
1760 1387 1838 1414 prae-

1048 1418 1087 1440 ter
1097 1422 1166 1445 eam,
1179 1422 1261 1449 quam
1272 1415 1330 1450 ipse
1343 1420 1511 1450 sequeretur.
1532 1416 1586 1442 Nos
1599 1421 1697 1447 autem,
1709 1417 1837 1451 quoniam

1047 1456 1138 1478 contra
1147 1459 1242 1478 omnes
1252 1451 1351 1483 dicere,
1363 1453 1411 1487 qui
1421 1453 1490 1479 scire
1501 1452 1555 1479 sibi
1561 1452 1695 1484 videntur.
1708 1453 1835 1485 solemus.

1047 1497 1100 1515 non
1110 1497 1264 1524 possumus,
1277 1490 1345 1525 quin
1356 1490 1402 1516 alii
1413 1497 1428 1516 a
1439 1490 1517 1516 nobis
1527 1489 1694 1522 dissentiant,
1703 1499 1836 1517 recusare.

1047 1525 1217 1561 Quamquam
1231 1532 1319 1553 nostra
1330 1527 1440 1562 quidem
1451 1535 1546 1554 caussa
1557 1526 1660 1554 facilior
1670 1532 1719 1559 est,
1732 1528 1781 1563 qui
1791 1536 1838 1554 ve-

1048 1571 1108 1589 rum
1124 1564 1246 1590 invenire
1261 1565 1319 1590 sine
1337 1564 1392 1591 ulla
1410 1565 1578 1591 contentione
1593 1564 1732 1599 volumus;
1755 1565 1839 1601 idque

1047 1608 1154 1627 summa
1164 1608 1228 1628 cura
1238 1601 1383 1637 studioque
1393 1602 1589 1637 conquirimus.
1630 1602 1686 1629 Etsi
1696 1603 1768 1629 enim
1779 1611 1838 1629 om-

1048 1638 1090 1664 nis
1101 1639 1218 1674 cognitio
1229 1638 1322 1665 multis
1333 1643 1373 1665 est
1383 1639 1518 1665 obstructa
1529 1638 1744 1671 difficultatibus,
1752 1647 1838 1675 eaque

1047 1680 1088 1701 est
1107 1679 1134 1702 et
1148 1676 1176 1702 in
1191 1676 1259 1711 ipsis
1275 1675 1356 1702 rebus
1369 1676 1520 1702 obscuritas
1534 1681 1560 1702 et
1575 1677 1603 1703 in
1618 1675 1728 1703 iudiciis
1739 1677 1837 1703 nostris

1048 1712 1205 1743 infirmitas,
1223 1717 1253 1739 ut
1267 1721 1319 1739 non
1334 1714 1393 1740 sine
1407 1721 1503 1740 caussa
1518 1718 1544 1740 et
1558 1713 1742 1748 antiquissimi
1753 1719 1779 1740 et
1788 1713 1838 1741 do-

1047 1750 1162 1776 ctissimi
1173 1750 1294 1776 invenire
1305 1758 1334 1776 se
1345 1758 1433 1785 posse,
1445 1749 1518 1786 quod
1528 1755 1664 1785 cuperent.
1677 1750 1835 1778 disfisisint:

1048 1791 1136 1813 tamen
1151 1795 1201 1813 nec
1212 1786 1252 1813 illi
1264 1786 1432 1818 defecerunt.
1449 1796 1538 1823 neque
1548 1796 1597 1814 nos
1607 1787 1729 1814 studium
1739 1789 1838 1823 exqui-

1048 1823 1125 1850 rendi
1140 1823 1279 1860 defatigati
1294 1824 1489 1859 relinquimus:
1523 1833 1611 1859 neque
1626 1830 1731 1852 nostrae
1741 1825 1838 1860 dispu-

1047 1862 1160 1888 tationes
1174 1861 1324 1896 quidquam
1339 1861 1414 1888 aliud
1424 1866 1521 1897 agunt,
1537 1862 1592 1888 nisi
1601 1867 1643 1893 ut.
1657 1863 1685 1889 in
1696 1867 1838 1898 utramque

1046 1903 1150 1933 partem
1164 1898 1291 1930 dicendo,
1309 1898 1417 1926 eliciant
1433 1904 1460 1926 et
1475 1904 1612 1934 tamquam
1626 1900 1778 1934 exprimant
1787 1900 1838 1927 ali-

1047 1935 1128 1971 quid,
1145 1935 1218 1970 quod
1234 1940 1279 1962 aut
1293 1944 1388 1962 verum
1403 1937 1450 1967 sit,
1467 1941 1514 1963 aut
1527 1936 1561 1963 ad
1574 1936 1603 1963 id
1615 1945 1698 1972 quam
1714 1938 1837 1972 proxime

1047 1972 1165 1999 accedat.
1205 1974 1230 1999 8.
1246 1973 1339 2008 Neque
1354 1974 1423 2000 inter
1437 1982 1486 2001 nos
1500 1978 1527 2001 et
1541 1982 1600 2004 eos,
1616 1975 1665 2009 qui
1675 1982 1704 2000 se
1714 1975 1783 2001 seire
1794 1983 1838 2001 ar-

1046 2010 1194 2042 bitrantur,
1211 2010 1362 2046 quidquam
1377 2011 1500 2042 interest,
1517 2011 1570 2037 nisi
1584 2010 1657 2046 quod
1671 2011 1712 2038 illi
1723 2020 1775 2038 nou
1783 2011 1838 2038 du-

1047 2047 1146 2078 bitant,
1163 2048 1231 2082 quin
1245 2056 1276 2074 ea
1289 2056 1352 2074 vera
1363 2048 1430 2080 sint,
1450 2056 1519 2083 quae
1533 2047 1693 2075 defendunt:
1716 2057 1764 2075 nos

1047 2084 1148 2111 habilia
1164 2084 1248 2111 multa
1263 2085 1409 2117 habemus,
1426 2093 1496 2120 quae
1505 2086 1583 2120 sequi
1595 2085 1685 2117 facile,
1703 2085 1836 2113 affirmare

1047 2122 1094 2148 vix
1113 2130 1269 2156 possumus.
1308 2123 1363 2149 Hoc
1382 2127 1471 2149 autem
1491 2122 1630 2149 liberiores
1649 2127 1677 2149 et
1695 2122 1836 2150 solutiores

1046 2167 1150 2190 sumus,
1163 2159 1236 2194 quod
1247 2159 1758 2195 integranohisestiudicandipotestas:
1775 2168 1833 2191 nec,

1046 2200 1076 2222 ut
1085 2196 1184 2227 omnia,
1195 2204 1265 2232 quae
1274 2197 1438 2232 praescripta
1449 2201 1475 2224 et
1484 2197 1563 2232 quasi
1573 2197 1702 2232 imperata
1712 2197 1775 2228 sint,
1787 2197 1836 2224 de-

1046 2232 1197 2265 fendamus,
1210 2235 1367 2261 necessitate
1377 2233 1432 2261 ulla
1442 2235 1575 2270 cogimur.
1607 2235 1674 2261 Nam
1687 2235 1768 2261 oeten-i
1777 2235 1835 2269 pri-

1047 2278 1122 2296 mum
1137 2275 1198 2297 ante
1212 2275 1337 2298 tenentur
1351 2272 1467 2303 astricti,
1483 2280 1580 2307 quam,
1597 2271 1664 2306 quid
1678 2276 1750 2298 esset
1762 2272 1834 2306 opti-

1046 2316 1121 2333 mum
1129 2328 1135 2338 ,
1148 2308 1267 2335 iudicare
1277 2313 1436 2343 potuerunt:
1462 2307 1560 2335 deinde
1570 2308 1755 2335 infirmissimo
1766 2312 1835 2335 tem-

1044 2353 1108 2379 pore
1124 2346 1217 2372 aetatis
1233 2350 1278 2372 aut
1292 2345 1414 2373 obsecuti
1424 2346 1510 2373 amieo
1523 2346 1651 2380 cuipiam,
1663 2349 1709 2372 aut
1719 2353 1772 2372 una
1783 2345 1834 2372 ali-

1044 2382 1132 2413 cuius,
1145 2390 1227 2417 quem
1238 2383 1357 2417 primum
1367 2383 1519 2414 audierunt,
1533 2383 1651 2409 oratione
1664 2383 1743 2417 capti,
1751 2382 1784 2409 de
1791 2391 1834 2409 re-

1044 2418 1096 2445 bus
1110 2419 1254 2455 incognitis
1270 2419 1403 2451 iudicant,
1416 2425 1450 2451 et,
1463 2419 1497 2447 ad
1506 2427 1706 2455 quamcumque
1716 2425 1780 2446 sunt
1790 2419 1834 2446 di-

1044 2456 1187 2491 sciplinam
1197 2457 1276 2492 quasi
1287 2462 1443 2492 tempestate
1453 2456 1533 2483 delati
1541 2477 1547 2488 ‚
1564 2456 1598 2483 ad
1608 2465 1668 2482 eam
1675 2477 1681 2486 .
1695 2461 1832 2492 tamquam

1045 2493 1078 2519 ad
1088 2502 1194 2525 saxum,
1207 2494 1411 2521 adhaerescunt.
1431 2494 1541 2524 9.Nam‚
1554 2493 1626 2529 quod
1637 2493 1731 2520 dicunt
1740 2495 1831 2521 omnia

1044 2539 1073 2556 se
1091 2531 1199 2558 credere
1209 2532 1244 2562 ei,
1261 2540 1344 2566 quem
1354 2531 1475 2558 iudicent
1488 2529 1573 2557 fuisse
1588 2531 1751 2565 sapientem:
1768 2539 1832 2566 pro-

1044 2567 1149 2599 barem,
1167 2569 1192 2595 si
1202 2569 1230 2595 id
1241 2570 1332 2604 ipsum
1342 2567 1423 2595 rudes
1438 2572 1464 2594 et
1478 2567 1579 2594 indocti
1593 2567 1712 2594 iudicare
1727 2569 1831 2603 potuis-

1043 2610 1116 2632 sent:
1140 2605 1266 2640 (statuere
1276 2606 1358 2637 enim,
1370 2605 1420 2640 qui
1429 2605 1465 2632 sit
1473 2605 1591 2639 sapiens,
1604 2604 1647 2631 vel
1658 2606 1776 2632 maxime
1787 2606 1831 2632 vi-

1043 2642 1121 2670 detur
1134 2651 1194 2670 esse
1208 2642 1348 2679 sapientis)
1361 2641 1410 2669 sed
1419 2645 1478 2674 aut,
1490 2646 1521 2669 ut
1529 2646 1687 2678 potuerunt,
1702 2642 1831 2670 omnibus
