1941 3052
219 120 282 144 lssll‘ss
779 117 833 140 130.
869 114 904 139 M.
938 114 968 139 T.

215 188 286 223 quod
303 196 394 213 earum
411 186 605 212 administratio
622 185 749 211 latissime
767 190 853 219 pateat
868 184 900 210 ad
923 183 1009 218 pluri-

217 234 328 259 mosque
345 226 485 259 pertinent⁴
505 232 562 247 ess·-
579 228 666 247 autem
684 223 773 254 magui
790 222 873 248 animi
885 227 911 248 et
925 221 1009 247 fuisse

217 263 314 288 inultm
326 263 403 287 etiam
419 263 443 286 iu
458 261 508 285 vita
520 261 616 287 otiosa.
634 259 681 293 qui
698 265 742 284 mit
758 260 950 293 investigarent
965 264 1010 285 aut

215 304 373 325 enimn-ntur
389 306 482 328 magna
499 296 644 330 quaedam.
663 305 776 330 seseque
792 305 902 322 suarum
919 305 1008 322 rerum

216 337 315 362 linibus
326 336 500 362 cautim-rent.
517 339 561 359 aut
575 334 705 359 interiecti
719 334 787 359 inter
798 333 973 368 philosophos
985 338 1010 359 et

214 383 272 400 eos.
291 373 337 406 qui
355 371 547 405 rempublicam
565 370 796 400 administrarent.
814 371 1009 397 delectarentur

216 420 241 436 re
253 419 299 435 suu
314 409 450 435 saiuiiliari.
474 417 524 433 uon
537 417 594 433 eam
607 408 717 441 quidem
728 409 802 434 omni
815 409 915 434 ratione
927 417 1008 443 exag-

214 452 344 479 geranti-s.
354 454 440 479 neque
451 445 625 471 excludentes
637 445 670 471 ab
681 446 740 471 eius
753 454 803 471 usu
815 454 891 475 suos.
905 446 1008 480 potius-

1003 113 1286 139 CICERONIS

1063 193 1137 210 nnus:
1151 189 1190 214 at.
1204 184 1282 210 Atreo
1293 183 1413 214 dicente.
1431 183 1543 219 plausus
1554 186 1717 213 excitantur:
1734 192 1774 214 est
1784 189 1857 214 enim

1062 221 1143 255 digna
1156 230 1268 255 persona
1279 223 1372 248 oratio.
1407 221 1459 248 Sed
1472 227 1572 256 poetae.
1585 223 1651 257 quid
1662 233 1799 259 quemque
1810 225 1857 252 de—

1061 263 1127 287 ceat.
1140 267 1173 284 ex
1186 267 1296 292 persona
1311 258 1478 285 iudicabunt.
1520 260 1602 286 Nobis
1614 266 1702 287 autem
1715 271 1856 296 personam

1063 296 1191 329 imposuit
1209 297 1265 330 ipsa
1282 301 1389 325 natura.
1413 305 1508 331 magna
1529 305 1591 323 cum
1606 298 1764 325 excellentia
1782 308 1858 333 prae-

1061 333 1212 367 stantiaque
1237 334 1415 359 animantium
1441 333 1616 368 reliquarum.
1661 337 1702 361 98.
1728 338 1857 368 Quocirca

1061 374 1152 404 poetae
1166 371 1191 396 in
1205 379 1300 403 magna
1312 371 1438 397 varietate
1450 379 1640 405 personarum.
1655 374 1735 399 etiam
1754 375 1858 400 vitiosis

1061 407 1127 441 quid
1138 408 1279 433 conveniat
1289 413 1314 433 et
1325 407 1392 442 quid
1403 408 1503 437 deceat.
1519 408 1662 436 videbunt.
1677 411 1754 436 nobis
1768 417 1857 437 autem

1030 443 1031 483 ᾗ
1061 453 1146 479 quum
1161 453 1174 470 a
1187 449 1280 470 natura
1291 446 1469 474 constantiae.
1487 445 1692 476 moderationis.
1706 453 1858 483 temperan-

213 494 264 519 «μιν
277 489 300 509 et
313 483 406 508 amieis
421 483 602 516 impertientes
619 487 644 508 ct
660 482 838 516 reipublicae.
862 483 885 508 si
901 483 1009 517 quando
1030 498 1031 518 3

214 530 278 547 usus
292 525 370 545 esset.
399 521 471 551 Qmu·
485 520 601 554 primum
615 519 682 545 bene
695 525 766 553 partu
778 522 821 548 sit.
836 519 910 546 nullo
922 529 1008 554 neque

213 558 282 592 turpi
297 562 410 592 quaestu
423 566 510 590 neque
521 557 626 586 odioso;
642 562 697 583 tum
708 566 789 591 quam
802 557 936 592 plurimi&
951 566 1008 583 mo-

211 595 245 621 ‹lo
257 595 356 627 dignis.
370 604 398 619 se
411 594 502 620 utilem
516 594 652 628 praebent:
676 594 773 620 deinde
788 599 918 629 augeatur
929 595 1008 620 ratio-

213 642 257 661 ne,
276 632 428 665 diligentia.
448 632 623 665 parsimonia.
643 640 690 658 nec
707 631 814 658 libidini
827 631 1008 666 potiusluxu-

212 670 334 704 riaeque,
357 677 438 703 quam
467 668 618 695 liberalitati
642 673 667 694 et
688 668 888 695 beneficientiae
910 673 1005 703 pateat.

211 708 279 733 llaec
296 707 455 741 praescripta
470 710 621 732 servantem
638 706 699 732 licet
713 706 868 741 magnifice,
890 707 1008 740 graviter

211 745 385 778 animoseque
397 752 502 773 vivere.
520 748 599 778 atque
610 744 689 769 etiam
702 743 875 778 simpliciter.
895 740 1008 770 iideliter
1028 755 1029 759 ¹

211 783 335 815 vitaeque
348 781 488 807 hominum
501 781 595 807 amice.

265 818 372 844 xxvu.
395 820 436 844 93.
459 818 596 853 Sequitur,
611 823 639 844 ut
649 818 682 844 de
695 827 746 844 una
758 817 862 853 reliqua
874 823 947 853 parte
959 818 1007 845 bo-

211 857 320 882 nestatis
332 855 478 882 dicendum
490 857 532 885 sit.
543 856 568 881 in
580 864 633 890 qua
644 858 805 885 verecundia,
818 861 843 882 et
853 857 933 890 quasi
944 856 1007 890 qui-

210 893 271 919 dam
287 898 396 919 ornatus
408 894 491 923 vitae.
520 896 687 926 temperantia
706 898 728 918 el
742 896 864 919 modestia
877 896 1007 926 omnisque

208 933 306 957 sedatio
314 933 534 963 perturbationum
545 933 633 960 animi,
649 935 671 956 el
682 939 768 956 rerum
780 933 867 956 modus
877 931 1004 957 cernitur.

209 968 263 994 Hoc
279 967 334 993 loco
349 968 500 994 continetur
512 967 553 998 id,
570 967 642 1002 quod
657 967 711 994 dici
724 968 816 994 Latine
830 971 948 994 decorum
959 977 1007 1002 po-

211 1010 273 1031 test:
296 1005 396 1031 Graece
411 1005 483 1031 enirn
499 1006 600 1039 πρέπον
613 1005 722 1031 dicitur.
763 1005 850 1031 Huius
861 1006 902 1031 vis
913 1013 943 1032 ea
955 1010 1004 1036 est,

209 1047 239 1069 ut
249 1043 281 1068 ab
295 1042 404 1068 honesto
417 1051 468 1068 non
485 1047 566 1076 queat
580 1044 708 1077 separari.

208 1079 297 1109 decet.
317 1080 457 1106 honestum
475 1085 527 1105 est:
545 1085 583 1109 et,

207 1116 300 1149 Qualis
313 1122 400 1143 autem
413 1116 561 1143 differentia
573 1118 608 1143 sit
619 1117 722 1144 honesti
735 1122 760 1144 et
776 1117 880 1148 decori,
898 1117 1005 1144 facilius

207 1153 333 1189 intelligi.
347 1163 428 1189 quani
440 1154 578 1188 explanari
590 1160 685 1189 potest.
718 1154 858 1190 Quidquid
869 1160 910 1181 est
920 1156 1002 1186 enim.

207 1191 280 1226 quod
292 1191 392 1221 deceat.
407 1191 432 1218 id
446 1196 501 1217 tum
514 1197 631 1226 apparet.
643 1201 728 1226 quum
741 1197 894 1227 antegressa
905 1197 946 1219 est
956 1193 1005 1219 ho-

207 1234 305 1255 nestas.
347 1230 437 1263 ltaque
450 1237 501 1255 non
512 1228 600 1255 solum
613 1230 639 1255 in
653 1230 701 1255 hac
714 1234 786 1264 parte
801 1230 957 1261 honestatis,
971 1230 1004 1256 de

205 1275 258 1301 qua
272 1266 321 1292 hoc
331 1265 387 1292 loco
398 1266 586 1292 disserendum
601 1272 654 1297 est,
667 1267 715 1293 sed
727 1267 806 1293 etiam
820 1268 847 1294 in
859 1267 946 1294 tribus
957 1277 1005 1294 su-

206 1303 368 1338 perioribus,
381 1303 447 1338 quid
459 1303 561 1334 deceat,
575 1309 693 1339 apparet.
734 1305 801 1330 Nam
816 1309 842 1331 et
852 1305 953 1332 ratione
964 1305 1003 1331 uti

205 1346 285 1376 atque
296 1341 413 1367 oratione
425 1341 579 1376 prudenter,
594 1346 618 1368 et
629 1350 717 1377 agere,
734 1342 807 1377 quod
819 1350 896 1378 agas,
914 1343 1004 1369 consi-

204 1378 304 1409 derate.
313 1379 442 1413 omnique
454 1379 480 1404 in
493 1387 529 1409 re,
538 1378 605 1413 quid
617 1380 653 1405 sit
665 1380 729 1409 veri.
740 1379 831 1405 videre
843 1381 943 1406 ettueri
955 1380 1003 1406 de-

205 1421 259 1442 cet:
273 1421 417 1450 contraque
429 1415 499 1446 falli.
513 1424 614 1447 errare,
631 1416 699 1447 labi,
713 1416 803 1452 decipi
816 1422 869 1443 tam
880 1417 1000 1447 dedecet.

204 1461 287 1488 quam
303 1452 416 1479 delirare
433 1458 458 1480 et
474 1458 562 1480 mente
576 1462 635 1480 esse
646 1459 768 1489 captum:
786 1459 812 1480 et
828 1455 897 1481 iusta
912 1456 1002 1481 omnia

204 1491 299 1517 deeora
314 1495 389 1523 suntg
408 1491 506 1517 iniusta
523 1496 626 1521 contra,
647 1497 676 1518 ut
692 1492 792 1526 turpia,
811 1492 850 1518 sic
866 1492 1001 1519 indecora.

204 1528 309 1554 Similis
330 1533 370 1554 est
390 1528 456 1554 ratio
477 1527 653 1555 fortitudinis.
693 1528 770 1561 Quod
791 1530 864 1555 enim
887 1529 1003 1556 viriliter

203 1566 347 1600 animoque
360 1574 456 1600 magno
468 1565 505 1595 fit,
519 1565 545 1591 id
555 1565 669 1601 dignum
681 1567 739 1592 viro
750 1571 775 1592 et
785 1566 913 1593 decorum
926 1567 1003 1593 vide-

203 1608 259 1629 tur:
274 1602 347 1637 quod
358 1607 457 1631 contra.
467 1602 504 1633 id,
514 1607 543 1629 ut
555 1608 640 1638 turpe,
649 1604 688 1630 sic
699 1603 867 1631 indecorum.
880 1605 922 1631 95.
930 1604 1003 1636 Qua-

204 1648 231 1666 re
242 1641 357 1675 pertinet
367 1640 478 1674 quidem
493 1639 526 1666 ad
541 1649 648 1667 omnem
665 1641 830 1668 honestatem
847 1642 911 1672 hoc,
929 1641 1002 1676 quod

203 1677 420 1709 dic0,decorum;
433 1682 459 1704 et
470 1678 503 1704 ita
511 1679 634 1712 pertinet.
644 1683 730 1705 utnon
742 1679 1001 1714 reconditaquadam
1023 1691 1025 1706 φ

1023 1721 1024 1729 ’
1053 1724 1122 1751 quae
1133 1720 1174 1742 est
1185 1715 1251 1750 ὁρμή
1263 1715 1363 1742 Graece
1371 1736 1377 1746 ,
1400 1723 1470 1750 quae
1485 1715 1622 1741 hominem
1634 1715 1687 1741 huc
1698 1721 1723 1742 et
1734 1715 1800 1742 illuc
1811 1725 1854 1742 ra-

203 1715 304 1741 ratione
315 1719 448 1745 cernatur.
462 1715 509 1741 sed
520 1716 555 1741 sit
566 1716 593 1741 in
605 1721 741 1750 promptu.
777 1717 825 1742 Est
835 1717 907 1743 enirn
919 1716 1002 1751 quid-

202 1751 274 1781 dam,
288 1751 370 1786 idque
382 1751 543 1787 intelligitur
557 1753 584 1778 in
595 1754 669 1779 omni
681 1754 794 1784 virtute,
809 1753 883 1788 quod
893 1754 999 1780 deceat:

201 1788 275 1824 quod
287 1789 446 1825 cogitatione
463 1790 549 1825 magis
565 1798 578 1816 a
594 1791 692 1816 virtute
703 1794 802 1825 potest.
818 1799 901 1825 quam
914 1800 942 1817 re
957 1800 1002 1817 se-

201 1827 300 1861 parari.
341 1826 374 1852 Ut
390 1832 516 1853 venustas
531 1831 557 1853 et
571 1827 745 1861 pulchritudo
763 1829 882 1862 corporis
897 1828 1001 1854 secerni

202 1872 254 1890 non
270 1868 356 1898 potest
371 1872 386 1889 a
402 1863 570 1890 valetudine:
596 1865 636 1890 sic
652 1864 715 1895 hoc,
733 1864 766 1891 de
781 1874 836 1900 quo
852 1865 998 1900 loquimur.

202 1900 343 1931 decorum.
361 1905 444 1927 totum
459 1900 528 1927 illud
541 1901 654 1936 quidem
668 1906 709 1928 est
719 1910 781 1928 cum
795 1903 894 1929 virtute
905 1902 1002 1929 consu—

202 1946 277 1968 sum,
295 1937 343 1964 sed
355 1943 443 1964 mente
454 1943 480 1964 et
489 1939 650 1973 cogitatione
661 1938 849 1974 distinguitur.
890 1941 931 1966 96.
953 1940 1002 1966 Est

202 1980 291 2001 autem
303 1975 362 2001 eius
373 1974 519 2009 descriptio
530 1975 641 2010 duplex.
662 1976 729 2002 Nam
741 1981 767 2003 et
776 1976 902 2012 generale
913 1977 1001 2012 quod-

201 2012 264 2039 dam
280 2012 407 2038 decorum
424 2012 616 2048 intelligimus.
639 2013 712 2048 quod
728 2014 755 2040 in
771 2015 844 2040 omni
862 2014 1000 2041 honestate

201 2054 337 2080 versatur,
360 2054 386 2076 et
400 2049 474 2075 aliud
491 2049 554 2076 huic
569 2050 736 2081 subiectum,
753 2051 826 2085 quod
839 2053 956 2086 pertinet
966 2052 1000 2078 ad

201 2086 323 2122 singulas
338 2090 426 2121 partes
442 2086 600 2114 honestatis.

201 2124 255 2150 sere
266 2123 373 2150 definiri
385 2123 464 2150 solet:
486 2125 638 2151 Decorum
654 2125 681 2152 id
697 2134 770 2156 esse,
786 2128 854 2159 quod
865 2131 1000 2153 consenta-

199 2170 274 2188 neum
283 2165 317 2187 stt
327 2163 435 2187 hominis
445 2163 611 2188 eaecellenuae
621 2165 648 2188 in
658 2172 698 2192 eo,
714 2166 741 2189 ιἰι
751 2172 801 2196 quo
811 2168 907 2190 natura
918 2167 972 2190 eius
982 2174 999 2191 α

199 2201 307 2233 reliquis
323 2200 497 2225 animantibus
511 2201 624 2232 differat.
663 2199 736 2232 Quae
753 2205 841 2227 autem
855 2209 918 2235 pars
931 2201 999 2228 sub-

199 2237 266 2263 iecta
278 2236 371 2271 generi
382 2240 430 2267 est,
445 2244 504 2262 eam
516 2236 555 2262 sic
566 2236 706 2268 definiunt,
715 2242 745 2264 ut
756 2237 784 2264 id
795 2240 940 2265 decorum
951 2248 999 2265 ve—

200 2273 250 2300 lint
260 2282 333 2304 esse,
355 2275 423 2307 quod
434 2275 470 2299 ita
483 2278 594 2300 naturae
608 2280 803 2301 consentaneum
817 2278 864 2306 sit,
885 2281 913 2302 ut
928 2279 955 2302 in
970 2286 998 2303 eo

198 2313 340 2337 moderatio
355 2315 378 2336 et
394 2314 562 2344 temperantia
577 2317 703 2345 appareat
718 2321 775 2338 cum
788 2315 870 2345 specie
885 2316 998 2346 quadam

199 2350 307 2374 liberali.
347 2347 467 2374 XXVIII.
490 2349 532 2374 97.
554 2349 624 2375 Haec
644 2349 679 2375 ita
698 2349 827 2385 intelligi,
849 2359 996 2384 possumus

198 2385 352 2412 existimare
362 2394 396 2411 ex
408 2393 439 2411 eo
454 2385 563 2416 decoro,
584 2386 657 2421 quod
673 2391 765 2421 poetae
780 2392 945 2422 sequuntur:
963 2388 996 2415 de

197 2430 251 2456 quo
262 2422 314 2449 alio
326 2422 382 2449 loco
392 2422 468 2457 plura
481 2422 536 2449 dici
547 2422 643 2450 solent.
675 2423 728 2450 Sed
740 2429 797 2450 tum
807 2433 915 2452 servare
927 2425 996 2452 illud

198 2464 297 2493 poetas,
313 2460 386 2494 quod
397 2459 497 2491 deceat.
511 2459 638 2491 dicimus,
651 2469 738 2496 quum
750 2461 787 2493 id,
802 2463 875 2496 quod
887 2471 995 2498 quaque

198 2504 310 2529 persona
321 2496 434 2532 dignum
450 2501 504 2528 est,
522 2502 547 2524 et
562 2497 590 2524 fit
605 2502 631 2524 et
643 2497 752 2525 dicitur.
793 2499 838 2531 Ut,
856 2501 880 2526 si
890 2501 995 2527 Aeacus

198 2537 243 2559 aut
254 2533 339 2559 Minos
350 2535 459 2565 diceret,

272 2569 390 2600 Ὀάει-ἰιιι,
402 2573 461 2597 dam
471 2575 597 2598 metuant.-
611 2587 625 2592 -
635 2588 648 2592 —
658 2588 672 2592 -
685 2577 738 2604 aut.

271 2621 308 2626 -
318 2621 354 2626 -—
365 2610 432 2634 natis
445 2610 562 2641 sepulcro
573 2612 626 2642 ipse
636 2613 672 2636 e'st
680 2619 790 2643 paretis:

197 2643 354 2671 indecorum
370 2644 518 2677 videretur.
535 2646 607 2681 quo'd
623 2655 669 2674 eos
684 2647 770 2675 fuisse
786 2648 872 2675 iustos
887 2650 995 2684 accepi-

749 1043 790 1068 94.
804 1043 871 1068 Nam
883 1048 917 1073 et.
933 1043 1005 1077 quod
1027 1061 1028 1068 ,

599 1079 672 1115 quod
690 1080 832 1106 honestum
847 1085 900 1111 est.
918 1079 1004 1107 decet.
1026 1104 1028 1114 ,

1026 1117 1027 1122 ’
1057 1118 1175 1144 Iustitiae
1187 1122 1275 1152 partes
1286 1122 1362 1147 sunt,
1381 1126 1433 1144 non
1449 1118 1549 1144 violare
1564 1118 1701 1145 homines:
1724 1128 1856 1146 verecun—

639 2088 727 2123 Atque
743 2088 812 2114 illud
822 2090 950 2123 superius
960 2090 1000 2116 sic
1020 2097 1022 2099 ·

1061 482 1124 511 tiae.
1145 481 1321 508 verecundiae
1334 487 1421 517 partes
1432 482 1508 508 datae
1524 483 1591 513 sint,
1608 493 1748 519 quumque
1763 485 1856 512 eadem

1062 524 1153 545 natura
1165 519 1267 549 doceat.
1282 529 1333 546 non
1346 519 1496 555 negligere.
1510 521 1738 555 quemadmodum
1751 531 1799 548 nos
1810 523 1856 549 ad-

1062 565 1155 582 versus
1168 556 1290 583 homines
1301 566 1440 592 geramus,
1462 557 1592 588 eflicitur.
1610 564 1638 584 ut
1649 564 1674 585 et
1687 559 1767 589 illud.
1784 560 1856 595 quod

1036 602 1037 610 ¹
1060 593 1092 619 ad
1105 602 1211 620 omnem
1225 594 1389 620 honestatem
1404 595 1532 629 pertinet.
1548 594 1690 626 decorum.
1707 605 1789 631 quam
1807 597 1857 624 late

1060 630 1151 657 susum
1168 632 1215 661 sit.
1234 636 1372 666 appareat.
1397 636 1422 658 et
1438 631 1500 661 boc,
1523 633 1595 666 quod
1611 638 1746 667 spectatur
1762 634 1789 660 in
1804 643 1858 661 uno

1059 677 1167 703 quoque
1179 677 1276 703 genere
1288 670 1406 696 virtutis.
1448 669 1479 696 Ut
1494 671 1566 696 enim
1578 670 1752 704 pulchritudo
1762 680 1857 706 corpo-

1059 707 1096 732 ris
1107 711 1165 740 apta
1178 707 1370 741 compositione
1383 706 1564 733 membrorum
1577 713 1665 734 movet
1675 708 1799 735 oculoset
1809 708 1856 735 de-

1060 743 1136 770 lectat
1149 744 1197 769 boc
1211 744 1282 778 ipso,
1305 743 1378 779 quod
1396 745 1464 770 inter
1474 752 1502 770 se
1513 753 1605 771 omnes
1617 751 1704 779 partes
1715 754 1777 772 cum
1789 754 1857 781 quo-

1035 776 1037 786 ’
1058 781 1119 807 dani
1133 780 1221 815 lepore
1233 782 1416 808 consentiunt:
1430 782 1469 807 sic
1482 781 1530 808 boc
1541 781 1758 818 decorum.quod
1769 783 1857 810 elucet

1058 818 1086 844 in
1099 819 1166 848 vita.
1182 823 1269 845 movet
1281 818 1500 853 approbationem
1513 827 1619 850 eorum,
1636 820 1802 854 quibuscum
1815 822 1856 847 vi-

1058 856 1143 886 vitur.
1166 855 1259 882 ordine
1274 861 1299 882 et
1314 857 1461 882 constantia
1478 861 1504 883 et
1522 857 1703 884 moderatione
1721 858 1854 885 dictorum

1057 894 1179 919 omnium
1201 898 1280 928 atque
1295 893 1436 920 sactorum.
1477 895 1519 920 99.
1541 894 1702 921 Adhibenda
1718 901 1757 922 est
1774 896 1857 931 igitur

1057 930 1190 965 quaedam
1203 932 1348 957 reverentia
1361 930 1492 957 adversus
1505 931 1643 962 homines.
1661 938 1687 959 et
1701 934 1796 967 optimi
1807 941 1855 959 cu-

1058 969 1155 1002 iusque
1171 973 1197 994 et
1218 968 1394 1003 reliquorum.
1435 969 1501 994 Nam
1518 968 1670 1005 negligere.
1693 969 1759 1004 quid
1778 970 1811 996 de
1827 980 1855 996 se

1057 1006 1174 1040 quisque
1185 1006 1292 1036 sentiat.
1309 1014 1361 1032 non
1372 1005 1460 1032 solum
1473 1008 1620 1042 arrogantis
1632 1012 1680 1037 est.
1693 1007 1739 1033 sed
1754 1006 1854 1043 [etiarn]

1057 1043 1167 1069 omnino
1177 1042 1312 1069 dissoluti.
1353 1043 1399 1069 Est
1410 1048 1499 1069 autem
1515 1043 1587 1078 quod
1603 1044 1707 1070 differat
1725 1045 1750 1071 in
1768 1045 1856 1071 homi—

1057 1089 1122 1106 num
1135 1080 1235 1106 ratione
1253 1080 1375 1107 habenda
1392 1081 1460 1107 inter
1471 1081 1602 1107 iustitiam
1613 1086 1639 1108 et
1652 1082 1853 1108 verecundiam.

1056 1155 1130 1185 diae.
1149 1163 1201 1181 non
1215 1154 1362 1181 offendere:
1386 1155 1413 1181 in
1429 1163 1484 1189 quo
1504 1156 1621 1182 maxime
1635 1156 1798 1191 perspicitur
1813 1157 1856 1183 vis

1056 1192 1156 1218 decori.
1197 1192 1244 1218 His
1256 1193 1339 1227 igitur
1350 1193 1490 1227 expositis,
1503 1192 1582 1227 quale
1594 1193 1629 1219 sit
1640 1192 1676 1222 id.
1691 1193 1764 1228 quod
1776 1193 1855 1220 dece-

1056 1238 1083 1256 re
1094 1229 1222 1259 dicimus.
1239 1229 1404 1256 intellectum
1417 1235 1491 1264 puto.

1114 1268 1170 1293 ⁴00.
1192 1266 1319 1293 Officium
1335 1272 1439 1298 autem,
1462 1266 1535 1302 quod
1550 1266 1584 1293 ab
1600 1275 1630 1293 eo
1645 1266 1768 1299 ducitur,
1787 1268 1855 1295 hanc

1055 1305 1174 1339 primum
1187 1304 1267 1330 habet
1280 1305 1364 1334 viam.
1381 1312 1451 1339 quae
1467 1304 1578 1331 deducit
1593 1304 1626 1330 ad
1639 1306 1854 1332 convenientiam

1056 1342 1342 1377 conservationemque
1353 1346 1474 1368 naturae.
1513 1341 1600 1374 Quam
1611 1343 1635 1368 si
1646 1351 1793 1378 sequemur
1802 1342 1856 1370 du-

1055 1388 1128 1410 cem,
1146 1388 1296 1414 numquam
1310 1379 1510 1409 aberrabimus,
1528 1387 1759 1415 assequemurque
1775 1385 1800 1407 et
1815 1380 1852 1411 id.

1055 1416 1128 1452 quod
1140 1421 1248 1443 acutum
1260 1422 1285 1443 et
1297 1417 1440 1451 perspicax
1455 1421 1547 1443 natura
1563 1421 1615 1446 est.
1633 1421 1659 1443 et
1674 1417 1715 1447 id,
1733 1417 1805 1452 quod
1820 1417 1855 1444 ad

1055 1454 1197 1481 hominum
1209 1455 1434 1481 consociationem
1445 1454 1685 1485 accommodatum.
1698 1460 1725 1481 et
1736 1454 1772 1484 id.
1781 1455 1854 1490 quod

1055 1492 1202 1518 vehemens
1214 1496 1293 1526 atque
1305 1491 1382 1518 sorte.
1415 1491 1468 1518 Sed
1480 1492 1597 1518 maxima
1611 1493 1652 1518 vis
1663 1491 1753 1518 decori
1765 1493 1793 1519 in
1803 1492 1855 1519 hac

1055 1530 1124 1556 inest
1135 1534 1209 1564 parte
1218 1549 1224 1560 ,
1241 1529 1274 1555 de
1289 1537 1343 1564 qua
1355 1528 1538 1563 disputamus.
1578 1529 1671 1564 Neque
1682 1530 1755 1556 enim
1766 1529 1855 1556 solum

1054 1567 1186 1601 corporis,
1203 1567 1253 1601 qui
1268 1566 1301 1592 ad
1317 1571 1439 1593 naturam
1454 1567 1510 1601 apti
1525 1571 1601 1597 sunt.
1618 1566 1667 1593 sed
1678 1566 1763 1594 multo
1773 1567 1854 1594 etiam

1055 1605 1140 1639 magis
1152 1604 1235 1630 animi
1247 1608 1336 1630 motus
1347 1603 1488 1638 probandi.
1496 1604 1544 1638 qui
1557 1605 1620 1630 item
1632 1604 1665 1630 ad
1677 1609 1799 1631 naturam
1809 1613 1855 1631 ac-

1053 1641 1215 1668 commodati
1234 1646 1308 1667 sunt.
1351 1643 1408 1668 tot.
1429 1641 1536 1676 Duplex
1548 1646 1590 1667 est
1603 1642 1677 1668 enim
1693 1642 1735 1668 vis
1749 1642 1854 1668 animo-

1054 1687 1113 1705 rum
1134 1683 1214 1713 atque
1235 1683 1343 1704 natura:
1366 1687 1420 1705 una
1437 1686 1499 1713 pars
1517 1678 1545 1704 in
1563 1679 1683 1713 appetitu
1699 1680 1785 1713 posita
1801 1684 1852 1709 est,

1053 1754 1105 1788 pit:
1119 1753 1200 1780 altera
1212 1753 1240 1779 in
1251 1753 1363 1782 ratione,
1375 1760 1445 1787 quae
1457 1752 1534 1779 docet
1545 1757 1570 1778 et
1581 1752 1720 1787 explanat.
1733 1753 1801 1788 quid
1813 1753 1854 1780 fa·

1051 1790 1179 1817 ciendum
1201 1789 1398 1825 fugiendumve
1418 1790 1461 1816 sit.
1501 1790 1537 1816 Ita
1555 1789 1596 1819 fit,
1613 1795 1643 1816 ut
1660 1791 1726 1817 ratio
1741 1792 1850 1825 praesit,

1053 1828 1188 1862 appetitus
1212 1827 1388 1862 obtemperet.
1428 1826 1530 1853 XXIX.
1553 1826 1648 1853 Omnis
1672 1832 1762 1854 autem
1786 1830 1853 1855 ratio

1054 1873 1147 1891 vacare
1158 1864 1238 1891 debet
1249 1865 1397 1891 temeritate
1408 1869 1435 1891 et
1444 1864 1622 1900 negligentia,
1639 1873 1688 1891 nec
1700 1873 1762 1891 vero
1773 1873 1853 1901 agere

1052 1901 1301 1937 quidquam‚cuius
1314 1910 1366 1928 non
1377 1902 1464 1936 possit
1473 1910 1599 1928 caussam
1610 1901 1779 1936 probabilem
1790 1902 1853 1929 red-

1051 1940 1124 1966 dere.
1168 1940 1223 1965 ⁴02.
1246 1939 1315 1967 Haec
1328 1944 1369 1965 est
1379 1939 1452 1965 enim
1464 1938 1518 1965 fere
1528 1939 1675 1974 descriptio
1684 1939 1779 1966 officii.
1805 1939 1854 1966 Es-

1052 1976 1198 2003 ficiendum
1213 1981 1303 2003 autem
1319 1981 1373 2007 est.
1395 1980 1425 2003 ut
1439 1976 1576 2011 appetitus
1596 1977 1693 2003 rationi
1713 1976 1850 2009 obediant,

1051 2022 1164 2049 eamque
1175 2022 1264 2049 neque
1276 2018 1462 2049 praecurrant,
1479 2022 1528 2040 nec
1538 2018 1647 2049 propter
1656 2015 1795 2050 pigritiam
1805 2019 1853 2042 aut

1051 2052 1189 2087 ignaviam
1200 2051 1333 2082 deserant,
1342 2051 1451 2086 sintque
1462 2051 1602 2086 tranquilli
1613 2055 1694 2086 atque
1704 2053 1779 2078 omni
1789 2060 1852 2087 per-

1051 2089 1202 2116 turbatione
1221 2089 1305 2115 animi
1325 2093 1440 2115 careant.
1479 2088 1523 2115 Ex
1541 2096 1596 2124 quo
1619 2088 1738 2115 elucebit
1761 2090 1851 2116 omnis

1050 2127 1198 2153 constantia
1213 2127 1357 2161 omnisque
1373 2125 1529 2152 moderatio.
1570 2126 1638 2152 Nam
1653 2127 1701 2161 qui
1715 2128 1850 2162 appetitus

1051 2163 1159 2199 longius
1177 2168 1326 2199 evagantur
1341 2167 1367 2189 et
1380 2168 1519 2198 tamquam
1537 2162 1703 2190 exsultantes
1722 2164 1782 2190 sive
1801 2172 1850 2190 cu-

1050 2201 1150 2236 piendo
1159 2202 1219 2227 sive
1230 2200 1360 2236 fugiendo
1370 2209 1424 2227 non
1435 2201 1500 2227 satis
1511 2209 1526 2227 a
1537 2201 1638 2227 ratione
1649 2201 1807 2231 retinentur.
1819 2201 1849 2227 hi

1049 2239 1109 2265 sine
1123 2238 1208 2265 dubio
1224 2238 1306 2264 finem
1321 2243 1348 2265 et
1367 2237 1478 2265 modum
1493 2242 1642 2265 transeunt.
1682 2237 1850 2273 Relinquunt

1049 2277 1122 2302 enim
1133 2281 1160 2302 et
1169 2276 1303 2302 abiiciunt
1313 2275 1495 2302 obedientiam
1507 2283 1556 2301 nec
1567 2275 1663 2302 rationi
1673 2280 1782 2310 parent,
1802 2277 1847 2302 cui

1048 2318 1113 2340 sunt
1123 2313 1240 2340 subiecti
1251 2312 1309 2348 lege
1321 2318 1445 2339 naturae:
1468 2322 1482 2339 a
1496 2312 1598 2347 quibus
1610 2321 1662 2339 non
1673 2312 1753 2339 modo
1763 2313 1848 2339 animi

1048 2350 1240 2385 perturbantur
1247 2371 1253 2381 ,
1268 2350 1317 2376 sed
1327 2351 1409 2376 etiam
1419 2358 1539 2385 corpora.
1579 2350 1654 2376 Licet
1663 2358 1708 2376 ora
1719 2350 1778 2384 ipsa
1789 2358 1847 2376 cer-

1048 2397 1110 2414 nere
1126 2389 1256 2414 iratorum
1271 2393 1316 2414 aut
1330 2396 1438 2418 eorum,
1459 2387 1508 2422 qui
1518 2391 1565 2413 aut
1575 2386 1690 2413 libidine
1699 2386 1790 2421 aliqua
1801 2392 1848 2414 aut

1048 2430 1120 2452 metu
1141 2425 1268 2452 commoti
1287 2429 1364 2455 sunt.
1387 2429 1433 2451 aut
1451 2424 1588 2459 voluptate
1609 2424 1692 2450 nimia
1710 2425 1845 2459 gestiunt:

1046 2471 1163 2497 quorum
1173 2463 1296 2489 omnium
1307 2461 1414 2492 vultus,
1427 2470 1520 2492 voces,
1536 2465 1624 2487 motus
1634 2465 1774 2496 statusque
1785 2470 1847 2488 mu-

1046 2505 1145 2527 tantur.
1169 2502 1226 2527 ⁴03.
1241 2500 1283 2526 Ex
1291 2499 1393 2535 quibus
1405 2498 1474 2525 illud
1485 2497 1653 2533 intelligitur,
1669 2498 1709 2533 (ut
1719 2498 1752 2524 ad
1762 2498 1846 2525 officii

1047 2537 1160 2564 formam
1175 2537 1364 2572 revertamur.)
1383 2536 1518 2571 appetitus
1537 2543 1631 2562 omues
1648 2535 1845 2562 contrahendos

1046 2574 1234 2610 sedandosque
1245 2583 1305 2601 esse
1316 2572 1541 2607 excitandamque
1550 2571 1813 2599 animadversionem
1818 2577 1845 2600 et

1045 2611 1225 2648 diligentiam,
1238 2617 1268 2639 ut
1278 2620 1312 2638 ne
1322 2610 1390 2647 quid
1401 2615 1501 2637 temere
1511 2618 1542 2636 ac
1552 2608 1673 2640 fortuitu,
1690 2610 1844 2637 inconside-

1045 2654 1100 2676 rate
1115 2649 1339 2685 negligenterque
1353 2656 1477 2684 agamus.
1516 2647 1610 2683 Neque
1625 2647 1699 2674 enim
1715 2648 1750 2675 ita
1760 2655 1844 2684 gene-
