1941 3052
224 130 271 154 82ss
798 127 840 151 91.
871 125 906 151 M.
937 125 968 150 T.

222 199 302 225 etiam
315 197 462 224 Aristotelia
477 197 611 231 pigmenta
623 196 802 230 consumpsit,
819 203 900 229 quem
913 199 939 220 tu
952 194 1016 220 Cor-

223 244 314 264 cvrae,
334 240 361 260 ut
373 235 438 260 milii
451 234 510 259 aliis
524 233 616 258 litu-ris
628 233 779 265 significas,
796 233 908 258 strictim
926 232 1016 264 attigi-

223 265 266 302 sti,
281 277 339 306 post
351 277 448 300 unu-m,
459 276 486 296 ut
496 270 616 299 arbitror,
626 268 768 295 atlossinio
779 270 920 303 accepisti,
934 277 1014 303 quein

224 309 272 336 tibi
289 318 338 341 ego
354 317 404 334 non
421 316 506 332 essu-m
525 315 607 331 aursus
624 307 741 336 mittere,
759 306 810 332 nisi
826 314 887 331 eum
907 306 974 331 lente
986 314 1016 331 ac

224 346 360 372 fastidiose
381 345 574 378 probnvissem.
616 345 640 369 Ξ.
667 344 836 377 Quamquam
857 343 890 368 ad
912 351 953 368 mc
975 351 1016 368 re-

223 383 330 416 scripsit
344 383 393 407 iam
409 380 673 410 llliodoPosidonius,
687 389 724 409 se,
739 385 858 406 nostrum
872 379 937 406 illud
950 379 1014 406 ὑπό-

222 431 308 454 μνημα
320 427 403 452 :pium
418 418 524 450 legeret,
538 417 608 452 ιμιοιΙ
621 426 670 451 ego
681 417 713 442 ad
726 426 797 447 eum,
815 422 843 443 ut
853 417 973 443 ornatius
983 416 1016 442 de

225 456 319 482 iisdem
336 456 415 481 rebus
427 455 564 483 scriberet,
578 455 712 485 miseram,
727 463 777 480 non
791 454 869 480 modo
881 463 932 480 non
943 454 1016 480 exci-
1045 457 1046 466 ¹

1046 514 1047 519 ,
1068 491 1144 523 Quod
1155 491 1188 516 de
1199 492 1302 524 agraria
1315 491 1372 526 lege
1383 492 1505 526 quaeris,
1523 500 1586 518 sane
1602 492 1653 517 iarn
1667 491 1774 518 videtur
1785 492 1862 519 refri—

224 498 306 519 tntum
319 492 419 517 esst-ad
431 491 619 521 scribendum,
637 491 684 517 sed
701 492 780 517 etiam
798 491 875 526 plane
891 491 1017 526 perterri-

225 535 290 556 tum.
331 529 400 560 Quid
414 528 540 563 quaeris‘.>
553 529 711 555 conturbavi
724 529 852 555 Graecam
871 529 1014 555 nationem.

224 568 258 593 lta
273 566 352 599 vulgo
364 567 410 600 qui
424 566 566 595 instabant,
581 570 609 592 ut
620 566 710 592 darem
723 566 785 596 sibi,
799 566 871 600 quod
882 570 1014 595 ornarent,

225 605 276 630 iam
288 603 416 629 exhibere
429 603 494 629 milii
508 603 656 629 molestiam
668 603 836 629 destiterunt.
870 603 919 633 Tu,
933 603 956 628 si
969 602 1016 628 tibi

225 641 354 675 placuerit
367 640 442 669 liber,
456 641 572 670 curabiS,
588 645 651 666 utet
664 640 774 666 Athenis
786 641 833 670 sit,
847 645 872 666 et
884 641 909 666 in
922 640 1017 665 ceteris

223 677 330 712 oppidis
343 678 478 704 Gran-ciac.
511 677 621 703 Videtur
631 678 703 703 enim
715 686 793 712 posse
805 677 907 712 aliquid
921 677 1017 703 nostris

225 715 304 741 rebus
317 714 384 740 lucis
396 715 498 741 affierre.
539 716 563 741 3.
585 714 774 740 Oratiunculas
789 719 891 745 autem,
909 719 934 740 et
949 722 1017 748 quas

224 751 353 787 postulas,
363 757 387 778 et
399 752 490 786 plures
502 752 580 777 etiam
594 752 705 781 mittam,
714 752 841 786 quoniam
853 751 964 786 quidem
976 760 1015 781 ca,

223 797 292 824 quae
305 798 351 815 nos
363 789 508 815 scribimus
521 788 780 815 adolescentulorum
793 789 890 815 studiis
897 789 1015 818 excitati,

225 831 248 853 tc
260 827 340 852 etiam
351 826 492 853 delectant.
518 827 578 852 Fuit
589 827 660 852 enim
673 826 739 852 milii
751 826 932 857 commodum,
945 825 1017 860 quod

224 864 252 890 in
263 864 302 889 eis
314 864 492 894 orationibus,
511 872 578 898 quae
592 864 746 896 Philippicae
759 864 944 893 nominantur,
960 863 1018 888 eni-

224 905 309 927 tuerat
320 901 388 926 civis
402 900 445 926 ille
459 905 520 926 tuus
533 901 736 931 Demosthenes,
754 905 779 927 et
793 900 865 935 quod
884 909 912 926 se
923 899 957 926 ab
969 900 1018 926 boc

211 937 404 969 ‚refractariolo
421 937 541 964 iudiciali
557 937 664 964 dicendi
680 946 777 973 genere
793 938 966 968 abiunxerat,
990 942 1018 963 ut

225 974 381 1010 σεμνόιερός
392 985 428 1005 τις
441 976 483 1001 καὶ
496 975 690 1010 antummum,-
702 975 850 1005 videretur,
868 984 974 1005 curare,
990 979 1018 1000 ut

225 1020 298 1038 meae
313 1021 421 1047 quoque
436 1017 526 1038 essent
536 1013 754 1047 orationes‚quae
769 1013 921 1039 Consulares
931 1012 1019 1038 nomi-

225 1054 360 1076 narentur.
401 1049 518 1081 Quarum
532 1058 583 1076 una
595 1050 672 1076 estin
684 1054 777 1076 senatu
787 1049 844 1076 Kal.
858 1050 923 1080 lan.,
937 1049 1018 1075 altera

225 1087 257 1113 ad
269 1086 400 1121 populum
414 1087 447 1113 (le
460 1087 516 1122 lege
528 1087 630 1122 agraria
639 1108 644 1117 ,
663 1087 737 1113 tertia
750 1087 782 1113 de
794 1087 897 1113 Othone
906 1108 911 1117 ,
924 1091 1018 1122 quarta

224 1132 272 1160 pro
279 1124 394 1156 Rabirio,
403 1125 495 1160 quinta
502 1124 534 1151 de
541 1125 751 1160 proscriptorum
759 1124 832 1156 filiis,
840 1129 924 1156 sexta,
932 1133 1018 1159 quum

224 1163 390 1197 provinciam
402 1163 428 1188 in
440 1164 566 1189 concione
578 1163 705 1197 deposui,
721 1164 848 1197 septima,
861 1172 914 1198 qua
925 1161 1020 1189 Catili-

225 1208 286 1226 nam
297 1200 384 1229 emisi,
398 1205 498 1231 octava,
507 1200 678 1234 quamhabui
691 1200 724 1226 ad
736 1200 866 1235 populum
877 1200 1016 1235 postridie,

224 1245 305 1272 quam
318 1237 430 1263 Catilina
443 1237 569 1273 profugit,
584 1246 651 1263 nona
664 1238 690 1263 in
702 1238 839 1269 concione,
852 1246 906 1273 quo
917 1237 961 1264 die
973 1237 1020 1263 Al-

225 1273 347 1310 lobroges
365 1274 552 1310 invulgarunt,
570 1274 674 1300 decima
695 1275 721 1301 in
740 1280 848 1306 senatu,
870 1276 953 1301 Nonis
969 1275 1019 1300 De—

224 1311 312 1338 cemb.
352 1311 419 1338 Sunt
430 1317 564 1346 praeterea
581 1311 649 1338 duae
665 1312 775 1343 breves,
797 1313 876 1347 quasi
893 1312 1017 1339 ἀποσπα-

224 1348 320 1384 σμάτια
333 1348 400 1384 legis
412 1350 541 1384 agrariae.
573 1349 626 1375 lloc
638 1354 721 1376 totum
733 1352 809 1385 σῶμα
820 1349 920 1376 curabo
932 1354 960 1376 ut
971 1349 1020 1375 ha-

224 1385 298 1412 beas.
328 1386 361 1412 Et
372 1387 499 1421 quoniam
511 1391 535 1412 te
546 1395 631 1421 quum
642 1387 750 1421 scripta,
764 1391 820 1414 tum
833 1396 874 1413 res
886 1395 960 1413 meae
971 1386 1019 1413 de-

224 1422 329 1454 lectant,
344 1423 440 1449 iisdem
453 1432 487 1450 ex
498 1423 575 1449 libris
586 1425 744 1458 perspicies,
760 1429 785 1451 et
796 1433 864 1459 quae
875 1425 1016 1460 gesserim,

223 1464 250 1487 et
260 1469 328 1495 quae
339 1460 469 1494 dixerim,
483 1465 529 1487 aut
540 1469 572 1487 ne
583 1462 766 1496 poposcisscs:
780 1470 829 1497 ego
840 1463 912 1488 enim
921 1462 1019 1488 tibime

223 1506 276 1524 non
291 1497 445 1524 offerebam.
486 1499 510 1524 4.
532 1498 608 1530 Quod
625 1499 746 1533 quaeris,
764 1499 831 1534 quid
845 1500 894 1530 sit,
910 1499 983 1534 quod
995 1504 1018 1526 te

223 1543 366 1566 arcessam,
380 1543 410 1561 ac
420 1534 502 1562 simul
526 1535 688 1570 impeditum
700 1540 724 1563 te
736 1537 852 1572 negotiis
863 1545 922 1563 esse
931 1537 1020 1572 signi-

224 1572 300 1603 ficas,
315 1581 401 1607 neque
413 1581 534 1604 recusas,
547 1573 613 1608 quin
622 1594 628 1604 ,
642 1582 694 1600 non
706 1573 784 1600 modo
796 1575 818 1600 si
830 1582 899 1608 opus
910 1574 957 1605 sit,
971 1573 1018 1600 sed

223 1609 304 1636 etiam
315 1610 338 1636 si
350 1609 446 1641 velim,
464 1618 601 1636 accurras:
620 1610 688 1637 nihil
704 1619 768 1637 sane
780 1616 820 1637 est
831 1619 953 1637 necesse:
972 1619 1019 1637 ve-

223 1651 374 1673 rumtamen
399 1647 526 1674 videbare
558 1647 626 1673 mihi
651 1652 769 1682 tempora
795 1649 1019 1684 peregrinationis

223 1684 392 1710 commodius
406 1693 484 1719 posse
495 1684 658 1711 describere.
698 1685 786 1711 Nimis
797 1685 861 1711 abes
871 1685 928 1716 diu,
941 1694 1019 1720 prae—

222 1722 315 1747 sertim
336 1730 421 1756 quum
442 1722 481 1748 sis
502 1722 528 1748 in
549 1723 710 1757 propinquis
726 1722 803 1755 locis,
827 1731 914 1757 neque
931 1732 979 1749 nos
994 1728 1018 1749 te

223 1757 340 1784 fruimur
359 1763 385 1785 et
400 1763 427 1785 tu
444 1759 522 1785 uobis
538 1767 622 1785 cares.
663 1759 700 1785 Ac
719 1768 790 1786 nunc
805 1760 917 1794 quidem
932 1761 1018 1787 otium

223 1799 275 1827 est,
289 1795 346 1824 sed,
360 1796 383 1821 si
395 1795 485 1830 paullo
496 1796 558 1830 plus
569 1796 1016 1832 furorPulchelliprogrediposset,

223 1832 301 1858 valde
317 1841 366 1868 ego
382 1837 406 1859 te
422 1833 501 1859 istinc
515 1834 670 1860 excitarem.
710 1834 806 1860 Verum
817 1834 951 1868 praeclare
963 1835 1019 1861 Me-

223 1869 303 1896 tellus
316 1869 438 1904 impedit,
451 1874 476 1896 et
487 1870 626 1905 impediet.
653 1870 724 1902 Quid
734 1871 861 1906 quaeris‘?
873 1877 913 1898 est
923 1871 1017 1898 consul

223 1906 378 1942 φιλόπατρις
398 1911 432 1937 et,
446 1911 476 1933 ut
486 1915 593 1942 semper
603 1907 732 1938 iudicavi,
749 1913 840 1934 natura
854 1908 950 1935 bonus.
991 1911 1016 1935 5.

222 1943 270 1970 llle
282 1947 370 1970 autem
383 1952 434 1970 non
445 1943 569 1975 simulat,
585 1944 632 1970 sed
644 1944 722 1979 plane
734 1945 860 1972 tribunus
871 1946 959 1980 plebis
971 1946 1018 1972 fie-

223 1981 246 2007 ri
257 1980 340 2015 cupit.
380 1980 437 2012 Qua
452 1980 485 2006 de
500 1990 527 2007 re
543 1990 628 2016 quum
645 1982 671 2007 in
686 1987 779 2008 senatu
795 1988 931 2018 ageretur,
951 1983 1018 2019 fregi

223 2017 360 2044 hominem
376 2022 402 2044 et
415 2018 620 2044 inconstantiam
636 2019 695 2045 eius
711 2019 885 2054 reprehendi,
902 2022 950 2055 qui
967 2021 1018 2047 Ito-
1040 2019 1041 2024 ¹

223 2063 282 2081 mae
293 2055 459 2081 tribunatum
471 2055 559 2089 plebis
571 2060 684 2090 peteret,
701 2065 786 2091 quum
803 2058 829 2083 in
840 2057 932 2084 Sicilia
943 2058 1018 2084 aedi—

223 2091 324 2118 litatem
340 2100 420 2126 saepe
440 2092 598 2119 dictitasset.
640 2093 692 2119 Sed
713 2102 800 2128 neque
821 2103 918 2130 magno
938 2104 1017 2130 opere

222 2129 280 2156 dixi
291 2138 350 2155 esse
362 2129 439 2155 nobis
452 2129 635 2161 laborandum,
644 2130 716 2164 quod
729 2131 814 2157 nihilo
825 2133 911 2168 magis
922 2133 946 2158 ei
959 2132 1018 2159 lici-

223 2171 314 2193 turum
329 2171 400 2192 esset
415 2166 520 2201 plebeio
537 2167 732 2202 rempublicam
743 2168 868 2203 perdere,
886 2178 968 2204 quam
979 2170 1018 2196 si-

222 2203 335 2230 milibus
346 2204 414 2234 eius,
428 2213 470 2230 me
481 2204 600 2235 consule,
609 2205 728 2239 patriciis
739 2211 810 2232 esset
821 2206 935 2233 licitum.
951 2207 1015 2238 lam,

222 2249 308 2276 quum
323 2249 351 2267 se
367 2241 411 2267 ille
426 2242 541 2276 septimo
557 2242 600 2267 die
617 2243 726 2268 venisse
741 2251 754 2269 a
768 2242 846 2275 freto,
864 2252 952 2279 neque
962 2244 1018 2271 sibi

221 2278 330 2305 obviam
345 2286 510 2313 quemquam
527 2279 634 2313 prodire
649 2281 769 2314 potuisse
790 2285 816 2307 et
836 2286 914 2307 noctu
930 2290 959 2308 se
974 2282 1018 2308 in-

222 2315 317 2342 troisse
328 2315 455 2346 dixisset,
469 2316 496 2342 in
507 2324 591 2350 eoque
602 2325 630 2342 se
643 2317 670 2343 in
681 2318 809 2344 concione
820 2319 957 2349 iactasset,
974 2319 1018 2345 ni—

222 2352 261 2379 hil
277 2353 302 2378 ei
317 2353 380 2379 novi
396 2352 454 2379 dixi
470 2353 615 2380 accidisse:
633 2362 667 2380 ex
678 2354 770 2380 Sicilia
784 2356 899 2390 septimo
909 2355 953 2382 die
965 2356 1018 2382 Ro-

223 2398 307 2422 mam,
321 2390 407 2416 tribus
419 2390 492 2416 horis
503 2391 584 2417 Roma
597 2392 788 2418 Interamnam:
802 2397 881 2419 noctu
892 2393 1016 2419 introisse

223 2426 287 2452 item
303 2431 376 2453 ante:
399 2435 450 2453 non
467 2436 526 2453 esse
542 2428 609 2454 itum
628 2428 750 2460 obviam,
772 2438 805 2456 ne
822 2434 878 2456 tum
893 2430 1014 2465 quidem,

223 2471 307 2497 quum
326 2464 359 2489 iri
375 2465 492 2490 maxime
506 2464 610 2491 debuit.
651 2465 722 2497 Quid
737 2466 864 2501 quaeris?
879 2467 1015 2493 hominem

223 2500 386 2533 petulantem
397 2501 549 2528 modestum
560 2502 650 2533 reddo,
659 2511 711 2529 non
717 2503 805 2529 solum
816 2509 944 2539 perpetua
955 2513 1016 2540 gra-

224 2537 304 2562 vitate
314 2538 449 2569 orationis,
462 2538 511 2565 sed
521 2539 601 2565 etiam
613 2539 663 2566 hoc
672 2548 769 2575 genere
781 2540 924 2568 dictorum.
964 2543 1018 2568 lta-

224 2580 277 2614 que
293 2573 346 2599 iam
362 2573 528 2602 familiariter
537 2584 599 2602 cum
611 2577 670 2611 ipso
680 2577 792 2603 cavillor
802 2579 881 2604 etiam
892 2587 922 2604 ac
934 2579 1014 2605 iocor.

224 2609 295 2641 Quin
306 2610 385 2636 etiam
396 2619 481 2645 quum
496 2613 668 2640 candidatum
684 2613 894 2645 deduceremus,
911 2616 1017 2650 quaerit

224 2654 258 2672 ex
268 2654 324 2678 me,
345 2655 409 2673 num
425 2656 597 2677 consuessem
607 2650 706 2677 Siculis
722 2650 810 2678 locum
820 2651 1016 2687 gladiatoribus

1002 125 1273 151 (llssEliosts

1067 194 1148 221 dare?
1169 195 1280 228 Negavi.
1322 196 1353 221 At
1364 204 1422 228 υμο,
1437 196 1532 230 inquit,
1547 204 1632 222 novun
1644 201 1770 231 patronus
1783 196 1860 223 insti-

1067 237 1167 258 stuam:
1182 232 1229 257 sed
1241 241 1327 261 soror,
1345 241 1413 266 quae
1428 237 1529 258 tanturn
1546 233 1640 259 habeat
1655 233 1805 259 consularis
1822 233 1861 260 lo-

1067 270 1106 299 ci,
1125 277 1208 294 unum
1222 269 1288 294 mibi
1301 269 1387 294 solum
1400 269 1495 303 pedem
1510 269 1564 296 dat.
1606 270 1678 299 Noli,
1694 271 1813 305 inquam,
1826 270 1860 298 de

1069 305 1195 340 unopede
1205 307 1304 332 sororia
1315 306 1405 340 queri:
1424 306 1786 333 licctetinmalterumtollas.
1804 308 1860 334 Non

1067 342 1217 373 consulare,
1232 343 1347 377 inquies,
1361 342 1478 373 dictum,
1498 343 1594 370 fatuos-1
1612 344 1659 370 sed
1670 353 1720 380 ego
1731 345 1804 370 illam
1815 344 1860 371 odi

1069 380 1136 406 male
1151 380 1332 406 consularem:
1351 389 1380 405 ea
1391 385 1430 406 est
1441 381 1514 406 enim
1526 381 1665 412 sedidem
1683 390 1713 406 en
1729 390 1791 408 cum
1805 383 1862 408 viro

1069 417 1170 442 bellum
1181 418 1258 452 gerit,
1269 426 1354 452 neque
1361 417 1448 443 solum
1459 426 1520 443 cum
1529 417 1641 447 Meu-llo,
1650 418 1696 444 sed
1707 419 1787 444 etiarn
1799 427 1860 445 cum

1070 455 1165 483 Fabio,
1188 454 1259 488 quod
1276 463 1320 480 eos
1337 454 1403 480 mihi
1419 463 1478 480 esse
1494 455 1593 480 amicos
1610 455 1719 480 moleste
1736 455 1794 482 fert.
1835 458 1860 481 6.

1070 530 1151 555 xisse.
1174 528 1250 560 Quod
1264 538 1305 554 mr·
1316 528 1433 563 quodam
1446 528 1524 555 modo
1534 544 1570 548 —
1582 528 1655 554 molli
1668 529 1817 555 bracliio—
1828 529 1862 555 de

1070 567 1188 600 l’ompeii
1205 565 1383 592 familiaritate
1398 566 1540 601 obiurgas,
1563 565 1644 592 nolim
1663 566 1695 592 ita
1711 567 1861 597 existimes,

1070 612 1111 629 me
1133 604 1185 629 mei
1207 603 1334 638 praesidii
1349 612 1443 629 caussa
1459 612 1520 629 cum
1538 602 1584 629 illo
1598 603 1771 629 coniunctum
1787 612 1860 636 εικῆ

1068 640 1116 666 sed
1130 642 1163 666 ita
1175 650 1217 666 res
1229 645 1284 666 erat
1296 641 1428 669 instituta,
1447 645 1488 669 ut,
1506 641 1529 666 si
1546 641 1614 666 inter
1629 649 1676 666 nos
1691 645 1761 666 esset
1772 640 1863 675 aliqu·

1070 677 1134 704 forte
1145 678 1293 707 dissensio,
1310 678 1442 704 maximas
1455 679 1480 704 in
1492 677 1630 712 republica
1642 677 1790 704 discordias
1803 686 1863 704 ver-

1069 715 1121 741 sari
1137 720 1207 741 esset
1223 724 1342 741 necesse.
1382 714 1459 747 Quod
1473 723 1486 740 a
1499 724 1541 740 me
1554 715 1587 740 ita
1600 720 1771 749 praecautum
1783 720 1864 750 atque

1070 753 1103 778 ita
1116 753 1255 787 provisum
1270 757 1323 779 est.
1337 761 1388 778 non
1402 757 1430 778 ut
1441 761 1491 787 ego
1501 752 1534 778 de
1545 752 1645 786 optima
1658 752 1701 778 illa
1715 761 1771 778 mea
1784 753 1864 778 ratio-

1070 799 1102 815 ne
1117 789 1290 819 decederem,
1307 789 1354 815 aed
1372 794 1400 815 ut
1416 789 1461 815 ille
1472 794 1542 815 esset
1554 789 1661 818 melior,
1679 794 1705 815 et
1715 789 1819 824 aliquid
1830 788 1864 816 de

1069 827 1192 861 populari
1205 827 1310 853 levitate
1322 827 1479 861 deponeret:
1498 835 1579 861 quern
1594 826 1627 852 de
1639 827 1707 852 meis
1723 826 1817 856 rebus,
1835 826 1863 852 in

1069 873 1136 898 quas
1156 873 1218 890 eum
1241 863 1318 890 multi
1341 864 1495 893 incitarant,
1517 863 1600 890 multo
1621 864 1688 890 scito
1707 864 1861 898 gloriosius,

1069 910 1149 936 quam
1161 901 1193 927 de
1206 902 1264 927 suis
1277 901 1439 936 praedicare.
1466 901 1524 927 Sibi
1536 901 1608 926 enirn
1621 901 1688 927 bene
1699 906 1799 936 gestae,
1812 901 1863 927 mi-

1070 939 1096 964 hi
1108 943 1278 965 conservatae
1291 938 1455 973 reipublicae
1465 938 1510 964 dat
1521 939 1715 964 testimonium.
1756 938 1809 964 iloe
1825 937 1864 964 fa-

1069 985 1128 1002 cere
1140 976 1226 1006 illum,
1236 975 1302 1001 milii
1314 984 1395 1010 quam
1408 976 1500 1010 prosit,
1514 976 1616 1006 nescim
1631 974 1796 1010 reipublicae
1806 983 1864 1002 cer-

1070 1018 1094 1040 te
1106 1013 1223 1048 prodest.
1243 1013 1323 1045 Quid,
1337 1014 1359 1038 si
1372 1014 1451 1039 etiam
1463 1013 1613 1042 Caesarem,
1626 1014 1704 1038 cuius
1715 1021 1786 1039 nunc
1798 1021 1864 1039 ven-

1071 1051 1089 1076 ti
1101 1050 1178 1077 valde
1190 1055 1253 1077 sunt
1263 1050 1389 1080 secundi,
1412 1049 1494 1076 reddo
1510 1049 1661 1079 meliorem,
1679 1058 1744 1075 num
1761 1054 1863 1076 tantum

1069 1088 1165 1114 obsum
1178 1086 1362 1122 reipublicae?
1385 1088 1410 1113 7.
1427 1087 1497 1119 Quin
1509 1088 1599 1117 etiam,
1615 1088 1638 1113 si
1655 1087 1721 1112 mihi
1734 1095 1812 1113 nemo
1823 1087 1864 1113 in-

1071 1125 1186 1157 videret;
1209 1125 1232 1151 si
1243 1133 1350 1154 omnes,
1369 1130 1397 1150 ut
1408 1129 1463 1150 erat
1473 1133 1604 1158 aequum,
1626 1123 1757 1150 faverent:
1776 1129 1864 1150 tamen

1071 1171 1122 1189 non
1135 1163 1226 1188 minus
1237 1167 1307 1189 esset
1318 1161 1454 1198 probanda
1466 1161 1614 1193 medicina,
1628 1170 1697 1198 quae
1707 1166 1812 1189 sanaret
1822 1161 1865 1188 vi-

1071 1203 1152 1228 tiosas
1163 1206 1251 1236 partes
1263 1200 1438 1235 reipublicae,
1447 1209 1528 1235 quam
1540 1209 1608 1235 quae
1619 1204 1765 1226 exsecaret.
1787 1200 1865 1226 Nunc

1070 1248 1141 1269 vero,
1154 1247 1239 1273 quum
1251 1239 1387 1273 equitatus
1398 1237 1452 1268 ille,
1465 1246 1546 1272 quem
1557 1246 1606 1273 ego
1618 1238 1644 1264 in
1655 1237 1726 1264 clivo
1737 1236 1865 1272 Capitoli-

1070 1285 1103 1302 no
1111 1297 1117 1306 ,
1131 1281 1156 1302 te
1167 1275 1297 1311 signifero
1307 1284 1338 1301 ac
1349 1276 1484 1310 principe,
1497 1274 1655 1301 collocaram
1663 1296 1669 1305 ,
1683 1279 1806 1301 senatum
1817 1273 1865 1300 de-

1069 1314 1197 1343 seruerit,
1215 1313 1297 1339 nostri
1313 1318 1402 1339 autem
1414 1313 1551 1347 principes
1562 1312 1648 1348 digito
1658 1320 1686 1338 se
1697 1311 1801 1338 caelum
1813 1319 1865 1346 pu-

1070 1355 1125 1377 tent
1135 1351 1274 1386 attingere,
1288 1351 1312 1376 si
1323 1350 1402 1376 mulli
1414 1350 1516 1376 barbati
1530 1350 1556 1376 in
1568 1350 1682 1384 piscinis
1692 1350 1760 1380 sint,
1772 1349 1820 1384 qui
1831 1348 1865 1375 ad

1071 1397 1181 1414 manum
1201 1387 1342 1418 accedant,
1364 1387 1416 1413 alia
1437 1392 1527 1414 autem
1542 1387 1692 1422 negligant:
1711 1395 1798 1413 nonne
1815 1385 1865 1412 tibi

1070 1426 1135 1452 satis
1147 1425 1273 1460 prodesse
1285 1425 1386 1455 videor,
1400 1425 1423 1451 si
1435 1424 1552 1459 perficio,
1565 1429 1593 1450 ut
1605 1424 1688 1450 nolint
1700 1424 1804 1454 obesse,
1817 1423 1865 1458 qui

1070 1461 1201 1498 possunt‘?
1216 1464 1240 1489 8.
1254 1463 1320 1489 Nam
1333 1462 1458 1489 Catonern
1471 1466 1591 1488 nostrum
1604 1470 1655 1488 non
1667 1466 1694 1487 tu
1706 1470 1780 1487 amas
1791 1460 1863 1496 plus,

1070 1509 1152 1535 quarn
1163 1508 1226 1536 ego:
1239 1499 1287 1526 sed
1299 1505 1387 1526 tamen
1400 1499 1742 1534 ille,optimoanimoutens
1753 1503 1779 1524 et
1789 1506 1866 1524 sum—

1070 1546 1113 1564 ma
1126 1537 1186 1568 fide,
1200 1542 1276 1564 nocet
1287 1536 1422 1563 interdum
1435 1536 1609 1572 reipublicae.
1635 1536 1704 1562 Dicit
1713 1536 1785 1562 enim
1797 1540 1866 1561 tam-

1070 1584 1152 1610 quam
1168 1576 1195 1601 in
1213 1574 1329 1600 Platonis
1344 1575 1472 1608 πολιτείᾳ,
1494 1582 1546 1600 non
1562 1578 1698 1608 tamquam
1715 1573 1741 1599 in
1759 1571 1865 1598 Romuli

1070 1612 1152 1643 faece,
1170 1612 1340 1638 sententiam.
1380 1611 1451 1643 Quid
1468 1612 1573 1642 verius,
1589 1619 1671 1645 quam
1688 1611 1714 1636 in
1732 1609 1864 1636 iudicium

1071 1650 1176 1680 venire,
1194 1649 1241 1683 qui
1257 1648 1291 1675 ob
1303 1657 1359 1675 rem
1378 1648 1550 1674 iudicandam
1562 1648 1705 1683 pecuniam
1717 1645 1866 1682 acceperit?

1070 1686 1181 1713 Censuit
1197 1686 1247 1712 hoc
1261 1685 1338 1712 Cato:
1358 1686 1474 1712 assensit
1488 1690 1607 1712 senatus.
1648 1685 1760 1719 Equites
1774 1684 1865 1710 curiae

1070 1723 1182 1754 bellum,
1195 1731 1248 1749 non
1259 1723 1341 1749 mihi:
1355 1731 1416 1749 nam
1428 1731 1478 1757 ego
1487 1722 1616 1748 dissensi.
1637 1721 1708 1754 Quid
1721 1720 1865 1755 impuden-

1071 1762 1124 1787 tius
1135 1760 1290 1795 publicanis
1301 1759 1538 1786 renuntiantibus?
1547 1759 1609 1785 Fuit
1620 1763 1718 1788 tamen,
1732 1757 1865 1784 retinendi

1069 1797 1173 1824 ordinis
1184 1805 1293 1828 caussa,
1311 1796 1432 1823 facienda
1448 1797 1558 1823 iactura.
1598 1797 1705 1822 Restitit
1714 1800 1740 1821 et
1750 1795 1866 1830 pervicit

1070 1835 1142 1862 Cato.
1183 1835 1274 1869 ltaque
1286 1842 1366 1865 nunc,
1379 1833 1528 1860 consulein
1540 1842 1645 1860 carcere
1657 1832 1771 1863 incluso,
1784 1840 1864 1867 saepe

1070 1873 1133 1899 item
1145 1872 1276 1898 seditione
1287 1876 1417 1898 commota
1425 1892 1431 1902 ,
1444 1871 1574 1906 aspiravit
1585 1878 1663 1897 nemo
1673 1878 1766 1896 eorum
1774 1890 1780 1900 ,
1796 1878 1865 1904 quo—

1070 1919 1130 1937 rum
1141 1918 1191 1945 ego
1201 1917 1333 1936 concursu
1342 1929 1348 1940 ,
1366 1909 1484 1943 itemque
1496 1909 1515 1934 ii
1530 1907 1669 1938 consules,
1685 1907 1735 1942 qui
1749 1911 1810 1941 post
1821 1914 1865 1933 me

1070 1947 1187 1978 fuerunt,
1204 1945 1400 1981 rempublicam
1411 1945 1557 1971 defendere
1567 1945 1699 1972 solebant.
1739 1943 1811 1976 Quid
1821 1952 1866 1970 er—

1069 1983 1121 2020 go‘?
1140 1985 1219 2015 istos,
1241 1984 1363 2018 inquies,
1385 1982 1509 2009 mercede
1524 1982 1670 2008 conductos
1685 1979 1866 2008 habebimus?

1069 2021 1140 2054 Quid
1157 2021 1301 2051 faciemus,
1318 2021 1342 2046 si
1356 2019 1432 2046 aliter
1443 2028 1495 2046 non
1508 2018 1670 2054 possumus?
1685 2027 1718 2045 an
1731 2018 1864 2045 libertinis

1069 2064 1148 2094 atque
1169 2059 1250 2085 etiam
1269 2058 1355 2084 servis
1375 2055 1544 2083 serviemus?
1563 2056 1624 2087 sed,
1647 2061 1676 2082 ut
1690 2061 1718 2082 tu
1733 2056 1787 2086 ais,
1809 2055 1866 2085 ἃλις
1906 2058 1912 2068 ’

1069 2095 1192 2130 σπουδῆς.
1231 2097 1257 2122 9.
1279 2095 1414 2122 Favonius
1429 2103 1516 2120 meam
1528 2093 1628 2120 tribum
1640 2092 1701 2119 tulit
1713 2092 1862 2123 honestius,

1068 2142 1150 2168 quam
1162 2141 1253 2164 suam,
1270 2132 1379 2159 Lucceii
1389 2131 1521 2166 perdidit:
1539 2131 1675 2157 accusavit
1686 2130 1810 2156 Nasicam
1821 2129 1864 2156 in-

1069 2170 1189 2201 honeste,
1204 2179 1235 2196 ac
1246 2169 1365 2196 modeste
1376 2173 1464 2195 tamen
1475 2168 1555 2194 dicit:
1573 2168 1608 2194 ita
1621 2172 1650 2194 ut
1660 2166 1747 2193 Rhodi
1758 2165 1864 2192 videre-

1069 2213 1112 2234 tur
1123 2207 1202 2234 molis
1213 2208 1312 2242 potius,
1325 2215 1408 2241 quam
1414 2205 1637 2240 Moloni,operam
1648 2203 1769 2231 dedisse:
1783 2203 1861 2234 mihi,

1068 2245 1140 2280 quod
1155 2244 1353 2274 defendissem,
1372 2243 1466 2269 leviter
1481 2242 1646 2268 succensuit.
1686 2242 1764 2267 Nunc
1774 2245 1863 2267 tamen

1068 2283 1135 2317 petit
1145 2283 1242 2308 iterum
1254 2280 1420 2316 reipublicae
1433 2287 1540 2306 caussa.
1571 2278 1702 2305 Lucceius
1712 2277 1780 2313 quid
1791 2282 1861 2313 agat,

1067 2319 1184 2345 scribam
1196 2319 1229 2345 ad
1241 2324 1279 2349 te,
1295 2326 1380 2353 quum
1391 2317 1531 2344 Caesarem
1542 2316 1648 2346 videro,
1661 2315 1710 2350 qui
1723 2315 1810 2341 aderit
1820 2314 1864 2341 bi·
1886 2341 1889 2348 Α

1068 2356 1131 2383 duo.
1169 2358 1208 2382 ⁴0.
1223 2355 1300 2388 Quod
1311 2354 1431 2390 Sicyonii
1441 2359 1465 2380 te
1477 2353 1594 2383 laedunt,
1607 2352 1700 2380 Catoni
1711 2352 1807 2378 eteius
1817 2359 1864 2378 ae-

1068 2393 1193 2420 mulatori
1203 2393 1328 2419 attribuis
1339 2391 1465 2418 Servilio.
1499 2389 1589 2423 Quid?
1599 2398 1628 2416 ea
1641 2389 1718 2425 plaga
1730 2397 1818 2415 nonne
1828 2387 1863 2415 ad

1068 2431 1167 2457 multos
1178 2430 1262 2457 bonos
1273 2430 1346 2455 viros
1356 2427 1489 2463 pertinet?
1507 2427 1574 2458 Sed,
1587 2427 1610 2453 si
1623 2428 1658 2452 ita
1670 2426 1785 2461 placuit,
1803 2425 1861 2452 lau·

1067 2468 1177 2500 demus;
1200 2467 1298 2493 deinde
1314 2467 1342 2492 in
1356 2464 1572 2492 dissensionibus
1591 2463 1641 2490 soli
1661 2462 1859 2498 relinquamur!
1887 2478 1889 2483 ·

1070 2507 1109 2531 Η.
1130 2504 1270 2531 Amalthea
1281 2512 1339 2530 mea
1351 2508 1375 2529 te
1386 2506 1522 2537 exspectat
1532 2506 1557 2527 et
1568 2501 1672 2536 indiget
1683 2501 1732 2527 tui.
1756 2500 1862 2526 Tuscu-

1069 2541 1160 2568 lanum
1170 2546 1196 2568 et
1206 2541 1399 2576 Pompeianum
1411 2539 1489 2565 valde
1503 2547 1545 2564 me
1560 2538 1705 2568 delectant,
1723 2537 1777 2563 nisi
1787 2535 1860 2572 quod

1067 2588 1123 2610 me,
1140 2578 1218 2605 illum
1234 2579 1326 2613 ipsum
1337 2576 1473 2603 vindicem
1484 2576 1554 2602 aeris
1565 2575 1660 2606 alieni,
1677 2582 1736 2600 aere
1747 2582 1800 2600 non
1810 2573 1862 2600 Co-

1067 2616 1166 2642 rinthio
1174 2636 1180 2647 ,
1193 2615 1242 2642 sed
1253 2616 1303 2642 hoc
1313 2612 1524 2641 circumforaneo
1534 2613 1692 2639 obruerunt.
1731 2612 1761 2637 In
1773 2609 1861 2638 Gallia

1066 2661 1206 2688 speramus
1217 2661 1277 2679 esse
1287 2652 1382 2679 otium.
1422 2650 1586 2684 Prognostica
1597 2657 1656 2676 mea
1669 2656 1732 2675 cum
1743 2651 1861 2675 oratiun-
