1941 3052
479 139 528 165 DE
563 138 875 165 DtHNATiONE
908 139 987 164 LIB.

82 220 143 238 raus
155 211 310 240 etTiresias,
325 218 377 236 non
389 209 507 235 humiles
518 214 544 236 et
553 209 671 240 obscuri,
685 217 772 244 neque
783 218 875 236 eorum

82 248 193 278 similes,
210 252 240 274 ut
250 247 321 282 apud
333 247 451 273 Ennium
463 252 511 277 est,

119 288 164 319 qui
172 288 214 311 sui
224 290 343 318 quaestus
358 287 449 310 emissa
460 286 533 317 fictas
543 287 669 310 suscitant
679 287 824 313 sententias,

81 323 128 350 sed
139 322 204 349 clari
215 327 241 348 et
251 326 416 357 praestantes
428 322 493 352 viri,
515 322 563 356 qui
578 321 675 347 avibus
691 326 717 347 et
731 322 818 357 signis
830 321 877 348 ad-

81 361 176 387 moniti
188 359 276 386 futura
287 359 422 385 dicebant.
444 359 564 391 Quorum
578 359 611 385 de
622 359 703 385 altero
713 359 793 385 etiam
805 358 876 393 apud

81 397 180 424 inferos
191 398 321 423 Homerus
333 398 377 427 ait,
391 396 479 422 solum
491 405 593 431 sapere,
606 401 707 422 ceteros
720 396 875 422 umbrarum

82 435 172 471 vagari
185 434 273 461 niodo.
300 434 494 468 Amphiaraum
506 438 594 460 autem
606 434 646 460 sic
656 433 797 460 honoravit
808 433 876 459 sama

80 473 216 502 Graeciae,
230 472 298 498 deus
309 477 339 498 ut
350 471 506 502 haberetur,
520 476 600 506 atque
611 476 640 497 ut
651 471 683 497 ab
695 472 753 497 eius
765 471 834 501 solo,
848 471 876 497 in

78 519 133 545 quo
144 515 184 536 est
196 510 331 540 humatus,
346 509 452 535 oracula
464 513 626 543 peterentur.
644 510 685 534 89.
698 507 788 540 Quid?
798 508 876 534 Asiae

79 556 127 574 rex
137 548 259 573 Priamus
276 556 362 573 nonne
377 551 402 573 et
418 546 547 572 Helenum
565 546 651 572 silium
663 550 688 572 et
700 545 875 572 Cassandram

79 584 162 611 tiliam
175 585 328 611 divinantes
340 584 468 615 habebat,
487 583 600 610 alterum
612 584 748 619 auguriis,
767 583 875 609 alteram

79 623 177 648 mentis
189 623 342 648 incitatione
353 627 378 647 et
390 622 554 656 permotione
565 620 676 647 divina‘?
687 620 745 652 Quo
756 622 782 647 in
794 629 876 656 gene-

78 668 106 686 re
122 660 233 686 Marcios
248 659 381 694 quosdam
398 659 505 690 fratres,
522 658 607 685 nobili
624 658 679 685 loco
695 662 783 688 natos,
804 657 875 692 apud

79 698 192 723 maiores
204 702 307 723 nostros
319 696 403 723 fuisse
414 697 545 731 scriptum
557 696 692 722 videmus.
727 694 816 727 Quid‘?
826 696 876 721 Po-

79 734 182 770 lyidum
195 734 364 761 Corinthium
381 743 468 760 nonne
481 735 610 760 Homerus
626 738 651 759 et
662 733 723 759 aliis
736 732 832 763 multa,
851 737 876 759 et

78 772 134 798 tilio
145 772 178 798 ad
191 773 296 798 Troiam
308 772 487 806 proficiscenti
501 776 611 798 mortem
623 770 791 805 praedixisse
802 778 875 795 com-

77 809 224 836 memorat‘?
237 809 353 835 Omnino
364 810 437 843 apud
449 814 560 838 veteres,
574 809 622 843 qui
633 816 722 834 rerum
735 807 875 842 potieban-

78 852 129 877 tur,
145 847 227 873 iidem
237 847 350 882 auguria
362 846 497 872 tenebant.
529 846 562 872 Ut
575 846 647 871 enim
659 853 766 879 sapere,
781 845 820 870 sic
831 844 875 870 di-

78 885 169 911 vinare
181 884 269 920 regale
280 883 424 910 ducebant.
466 884 552 909 Testis
563 887 603 909 est
614 887 702 909 nostra
719 883 828 912 civitas,
848 883 874 908 in

76 930 128 957 qua
141 926 167 948 et
177 930 253 957 reges
265 929 390 956 augures,
399 925 424 947 et
435 926 525 955 postea
537 921 636 955 privati
647 920 740 946 eodem
751 920 875 946 sacerdo-

77 960 113 986 tio
122 959 237 994 praediti
249 958 445 993 rempublicam
457 958 620 993 religionum
631 960 787 984 auctoritate
798 966 875 983 rexe-

76 1002 147 1023 runt.
188 996 257 1022 XLI.
277 997 318 1022 90.
338 996 430 1031 anue
441 995 640 1022 divinationum
652 996 718 1021 ratio
729 1003 762 1021 ne
774 996 800 1021 in
813 995 874 1020 bar-

75 1034 148 1060 baris
164 1034 275 1069 quidem
290 1033 418 1069 gentibus
434 1033 555 1069 neglecta
570 1038 623 1059 est:
647 1033 670 1059 si
686 1032 798 1067 quidem
810 1033 873 1058 etin

75 1071 163 1098 Gallia
183 1071 299 1097 Druidae
319 1075 395 1101 sunt,
418 1079 432 1097 e
452 1071 554 1106 quibus
569 1071 627 1105 ipse
642 1071 805 1096 Divitiacum
823 1070 874 1096 Ae-

75 1109 174 1139 duum,
193 1109 326 1143 hospitem
339 1113 415 1134 tuum
428 1108 662 1142 laudatoremque,
680 1108 808 1143 cognovi:
826 1108 874 1142 qui

75 1152 100 1173 et
115 1151 223 1173 naturae
240 1147 383 1176 rationem,
406 1154 487 1180 quam
504 1145 703 1181 physiologiam
715 1146 810 1172 Graeci
827 1154 874 1179 ap-

75 1184 185 1219 pellant,
199 1188 287 1210 notam
299 1192 357 1209 esse
369 1183 422 1209 sibi
434 1183 622 1218 profitebatur,
638 1188 664 1209 et
678 1184 774 1217 partim
787 1191 875 1218 augu-

74 1223 136 1252 riis,
152 1222 249 1256 partim
265 1222 431 1251 coniectura,
450 1229 519 1255 quae
534 1225 624 1246 essent
636 1220 738 1251 futura,
756 1220 873 1252 dicebat;

74 1264 100 1286 et
112 1259 138 1285 in
152 1259 238 1285 Persis
249 1262 416 1294 augurantur
427 1262 452 1284 et
463 1258 587 1284 divinant
597 1258 682 1293 Magi,
699 1259 746 1293 qui
762 1266 875 1293 congre-

73 1301 172 1332 gantur
191 1297 218 1322 in
244 1296 304 1323 fano
320 1295 519 1322 commentandi
539 1304 634 1322 caussa
660 1300 739 1330 atque
757 1296 825 1321 inter
845 1303 873 1321 se

73 1333 259 1368 colloquendi:
283 1333 355 1368 quod
376 1334 456 1359 etiam
478 1333 551 1359 idem
571 1341 618 1359 vos
634 1333 771 1368 quondam
789 1332 874 1359 facere

74 1372 157 1397 Nonis
169 1371 306 1397 solebatis.
328 1372 370 1396 91.
390 1371 444 1397 Nec
455 1371 601 1406 quisquam
614 1379 661 1397 rex
673 1371 813 1396 Persarum
826 1379 874 1405 po-

73 1413 125 1435 test
140 1417 213 1440 esse,
236 1409 284 1443 qui
303 1416 354 1434 non
370 1413 429 1434 ante
446 1416 586 1444 magorum
598 1407 773 1442 disciplinam
785 1408 874 1434 scien-

74 1447 193 1481 tiamque
214 1446 372 1481 perceperit.
414 1446 488 1472 Licet
508 1451 597 1472 autem
618 1446 709 1471 videre
730 1451 756 1472 et
775 1454 873 1481 genera

73 1483 205 1519 quaedam
218 1488 243 1510 et
255 1483 374 1510 nationes
386 1483 450 1509 huic
461 1483 588 1509 scientiae
603 1483 718 1509 deditas.
753 1483 874 1509 Telmes-

73 1530 121 1547 sus
134 1522 159 1547 in
172 1520 248 1547 Caria
260 1525 313 1547 est:
336 1529 388 1555 qua
405 1521 432 1546 in
445 1520 511 1547 urbe
522 1520 631 1547 excellit
643 1520 818 1555 haruspicum
831 1520 873 1546 di-

73 1558 198 1593 sciplina.
240 1559 359 1593 Itemque
371 1557 427 1584 Elis
442 1558 468 1584 in
484 1558 666 1593 Peloponneso
678 1557 793 1584 familias
805 1558 872 1584 duas

73 1601 158 1622 certas
170 1595 263 1626 habet,
281 1595 443 1622 Iamidarum
459 1604 554 1626 unam,
572 1595 681 1622 alteram
693 1596 870 1631 Clytidaruin,

74 1633 265 1668 haruspicinae
280 1632 418 1659 nobilitate
438 1638 611 1667 praestantes.
653 1634 681 1659 In
698 1633 775 1669 Syria
792 1632 873 1659 Chal-

73 1671 133 1697 daei
148 1671 301 1706 cognitione
313 1675 444 1697 astrorum
457 1670 630 1705 sollertiaque
642 1671 813 1706 ingeniorum
825 1679 873 1696 an-

52 1729 55 1733 ,
73 1707 209 1735 tecellunt.
251 1709 292 1734 92.
314 1708 420 1734 Etruria
436 1713 525 1734 autem
542 1707 575 1734 de
586 1707 659 1734 caelo
671 1713 737 1735 tacta
747 1709 873 1735 scientis-

73 1746 141 1772 sime
166 1745 369 1772 animadvertit:
401 1745 550 1780 eademque
575 1745 778 1780 interpretatur,
805 1745 872 1780 quid

72 1783 228 1818 quibusque
238 1782 393 1810 ostendatur
404 1784 531 1810 monstris
543 1787 622 1818 atque
637 1784 774 1818 portentis.
800 1783 873 1815 Quo-

72 1822 142 1847 circa
154 1821 222 1846 bene
236 1820 307 1855 apud
319 1821 433 1847 maiores
446 1825 549 1847 nostros
560 1825 683 1852 senatus,
701 1826 757 1847 tum
766 1841 772 1852 ,
786 1829 871 1856 quum

73 1857 182 1884 florebat
194 1858 348 1893 imperium,
362 1857 490 1889 decrevit,
499 1862 528 1884 ut
538 1857 572 1884 de
582 1858 737 1893 principum
751 1858 813 1885 filiis
824 1867 872 1884 sex

73 1895 190 1930 singulis
202 1895 323 1921 Etruriae
339 1895 447 1929 populis
464 1896 491 1921 in
507 1895 681 1930 disciplinam
693 1896 870 1925 traderentur,

74 1941 106 1958 ne
118 1941 160 1958 ars
172 1937 241 1959 tanta
257 1937 364 1966 propter
375 1933 532 1958 tenuitatem
549 1932 689 1959 hominum
704 1942 718 1959 a
733 1933 872 1969 religionis

73 1969 228 1996 auctoritate
240 1968 418 1995 abduceretur
429 1969 462 1995 ad
473 1969 624 1996 mercedem
631 1975 711 2005 atque
718 1975 870 2006 quaestum

73 2007 193 2050 Phryges
209 2011 297 2033 autem
313 2010 339 2033 et
354 2006 460 2033 Pisidae
477 2011 502 2033 et
517 2006 614 2033 Cilices
629 2011 655 2033 et
666 2008 784 2034 Arabum
802 2009 873 2034 natio

73 2045 166 2071 avium
178 2043 423 2079 significationibus
434 2043 582 2078 plurimum
589 2044 788 2079 obtemperant:
800 2046 872 2080 quod

74 2082 145 2109 idem
158 2081 306 2108 factitatum
319 2081 344 2107 in
358 2081 467 2107 Umbria
479 2082 644 2116 accepimus.

128 2119 208 2145 XLII.
230 2120 272 2145 93.
294 2118 331 2145 Ac
347 2118 415 2145 mihi
431 2118 543 2153 quidem
561 2119 687 2145 videntur
698 2128 711 2145 e
725 2118 789 2145 locis
805 2128 872 2154 quo-

73 2166 126 2192 que
142 2157 223 2191 ipsis,
242 2156 289 2191 qui
305 2165 319 2182 a
336 2155 493 2191 quibusque
511 2156 708 2187 incolebantur,
727 2156 873 2183 divinatio—

73 2203 139 2221 num
153 2193 364 2228 opportunitates
376 2188 435 2219 esse
447 2193 552 2220 ductae.
592 2194 698 2220 Etenim
710 2194 836 2230 Aegyptii
848 2199 873 2221 ct

72 2231 228 2267 Babylonii,
248 2231 273 2257 in
289 2238 445 2265 camporum
458 2231 605 2265 patentium
618 2231 782 2266 aequoribus
795 2231 872 2258 habi-

73 2273 168 2299 tantes,
180 2277 266 2303 quum
278 2276 311 2294 ex
324 2272 390 2294 terra
403 2267 470 2294 nihil
482 2268 619 2299 emineret.
628 2268 872 2304 quodcontempla-

73 2307 139 2334 tioni
150 2305 217 2332 caeli
231 2305 338 2332 officere
356 2309 458 2339 posset,
475 2314 582 2331 omnem
599 2314 690 2332 curam
709 2307 734 2332 in
751 2306 870 2333 siderum

72 2344 224 2380 cognitione
236 2346 396 2377 posuerunt·
419 2343 524 2368 Etrusci
536 2347 639 2374 alitem.
656 2343 729 2378 quod
741 2343 871 2379 religione

74 2381 172 2408 imbuti
184 2380 333 2407 studiosius
345 2384 370 2406 et
380 2379 502 2406 crebrius
515 2379 615 2406 hostias
628 2380 810 2411 immolabant
824 2391 837 2407 ι
842 2391 871 2407 x—

73 2424 161 2445 torum
180 2417 327 2460 cognitioni
347 2426 376 2443 se
398 2417 515 2443 maxime
539 2417 714 2444 dediderunt:
743 2418 871 2453 quodque

74 2460 181 2490 propter
196 2455 264 2482 aeris
279 2454 486 2481 crassitudinem
503 2454 535 2480 de
551 2453 624 2481 caelo
639 2455 711 2489 apud
726 2464 771 2482 eos
787 2455 869 2482 multa

73 2492 185 2523 fiebant,
208 2496 234 2519 et
248 2492 319 2527 quod
334 2492 368 2518 ob
379 2491 501 2518 eanulem
513 2500 636 2518 caussam
650 2492 732 2518 multa
745 2493 869 2519 inusitata

73 2530 169 2564 partim
191 2538 205 2556 e
225 2529 310 2560 caelo,
333 2529 384 2555 alia
405 2538 438 2556 ex
460 2534 526 2555 terra
546 2529 714 2560 oriebantur,
737 2530 869 2565 quaedum

72 2567 153 2594 etiam
168 2575 202 2593 ex
218 2567 357 2594 hominum
374 2566 545 2602 pecudumve
560 2571 690 2601 conceptu
702 2571 727 2593 et
738 2572 870 2602 satu,por-

73 2609 206 2631 tentorum
216 2604 432 2631 exercitatissimi
444 2604 601 2638 interpretes
612 2603 780 2630 exstiterunt.
797 2606 870 2637 Quo-

74 2650 132 2668 rum
143 2641 254 2677 quidem
266 2642 335 2672 vim.
355 2646 383 2668 ut
394 2647 421 2668 tu
433 2641 503 2668 soles
513 2641 616 2671 dicere,
635 2641 714 2667 verba
732 2643 789 2676 ipsa
804 2650 869 2677 pru-
890 2642 892 2650 '

73 2679 167 2706 denter
177 2687 191 2705 a
202 2678 350 2706 maioribus
361 2679 447 2714 posita
458 2679 602 2705 declarant.
625 2678 692 2711 Quia
700 2679 772 2705 enim
779 2684 868 2706 osten-

1020 139 1038 164 I.
1066 139 1117 165 CA
1130 139 1157 164 Ρ.
1181 140 1211 165 36
1232 154 1267 158 —
1294 140 1329 165 ili.
1660 143 1721 168 ΗΠ

928 209 1008 240 dunt,
1030 209 1204 244 portendunt,
1227 215 1388 241 monstrant,
1411 210 1582 245 praedicunt3
1609 216 1721 243 ostenta,

928 252 1061 281 portenta,
1086 252 1216 278 monstra,
1239 248 1361 283 prodigia
1381 248 1518 274 dicuntur.
1559 249 1600 274 94.
1622 249 1723 275 Arabes

929 289 1017 310 autem
1030 290 1054 311 et
1066 284 1185 320 Phryges
1196 285 1332 315 etCilices,
1346 285 1417 320 quod
1430 290 1507 319 pastu
1519 285 1654 321 pecudum
1668 295 1724 312 ma-

929 322 1001 348 xime
1013 327 1133 353 utuntur,
1147 331 1256 356 campos
1267 327 1293 349 et
1304 327 1407 349 montes
1419 323 1507 348 hieme
1519 328 1544 349 et
1554 328 1651 349 aestate
1663 331 1724 358 per-

929 364 1064 394 agrantes,
1084 364 1221 394 propterea
1238 359 1344 386 facilius
1359 365 1453 386 cantus
1469 360 1561 387 avium
1577 365 1603 387 et
1620 360 1724 387 volatus

929 402 1096 423 notaverunt.
1114 397 1268 431 Eademque
1280 402 1305 424 et
1316 397 1433 423 Pisidiae
1443 406 1538 423 caussa
1551 398 1610 429 fuit,
1624 403 1649 424 et
1661 398 1724 424 huie

929 439 1032 460 nostrae
1044 434 1179 460 Umbriae.
1214 435 1282 460 Tum
1293 435 1368 461 Caria
1380 440 1441 465 tota,
1455 436 1653 470 praecipueque
1664 436 1725 461 Tel-

928 480 1044 501 messes,
1060 480 1128 506 quos
1141 477 1200 498 ante
1211 472 1283 502 dixi,
1301 472 1373 507 quod
1386 481 1463 507 agros
1475 472 1627 499 uberrimos
1638 474 1725 499 maxi—

929 517 1025 544 meque
1041 508 1142 535 fertiles
1157 509 1290 539 incolunt,
1314 510 1340 535 in
1356 510 1458 544 quibus
1474 510 1556 536 multa
1569 515 1676 545 propter
1687 510 1726 536 fe—

928 546 1091 573 cunditatem
1105 546 1169 582 fingi
1181 547 1312 582 gignique
1319 552 1440 581 possunt,
1452 547 1726 574 inostentisanimad-

929 584 1065 610 vertendis
1077 584 1221 619 diligentes
1236 584 1354 610 suerunt.

984 621 1074 647 XLIII.
1093 623 1134 647 95.
1154 621 1221 653 Quis
1233 630 1295 647 vero
1308 630 1358 648 non
1371 622 1452 648 videt.
1468 623 1494 648 in
1505 623 1605 657 optima
1617 631 1725 657 quaque

928 658 1065 693 republica
1083 659 1231 693 plurimum
1243 660 1363 694 auspicia
1375 659 1513 694 etreliqua
1524 659 1666 686 divinandi
1677 668 1726 695 ge-

927 705 989 722 nera
1001 696 1137 722 valuisse‘?
1156 696 1223 728 Quis
1238 705 1285 723 rex
1296 705 1426 731 umquam
1439 696 1502 727 suit,
1520 698 1582 732 quis
1595 697 1722 732 populus.

927 734 974 768 qui
987 742 1038 759 non
1051 739 1169 760 uteretur
1181 734 1361 768 praedictione
1374 734 1485 760 divina‘?
1499 743 1586 769 neque
1598 735 1685 760 solum
1697 736 1724 760 in

927 780 1006 805 pace,
1020 771 1066 797 sed
1079 772 1105 797 in
1119 771 1189 797 bello
1201 771 1285 797 multo
1297 773 1377 797 etiam
1390 772 1489 806 magis.
1506 780 1560 806 quo
1572 773 1659 798 maius
1671 777 1724 798 erat

927 813 1060 834 certamen
1076 813 1101 834 et
1117 808 1263 834 discrimen
1280 808 1385 834 salutis.
1426 809 1525 835 Omitto
1542 814 1658 839 nostros,
1678 811 1724 844 qui

927 845 995 871 nihil
1008 847 1034 871 in
1047 846 1117 872 bello
1128 847 1186 872 sine
1198 848 1267 872 extis
1279 851 1371 881 agunt,
1386 846 1453 871 nihil
1466 847 1524 871 sine
1536 847 1666 880 auspiciis
1677 846 1726 872 do—

927 884 964 909 mi
976 883 1075 909 habent
1127 882 1275 919 [Auspicia]
1289 888 1396 909 externa
1411 883 1561 909 videamus.
1603 884 1725 919 Namque

926 925 951 947 et
962 921 1141 947 Athenienses
1156 921 1285 947 omnibus
1299 929 1406 955 semper
1421 920 1540 955 publicis
1551 921 1673 947 consiliis
1684 921 1726 947 di-

928 959 1004 984 vinos
1016 958 1146 993 quosdam
1160 958 1319 988 sacerdotes,
1336 967 1404 993 quos
1414 957 1517 993 μάντεις
1530 963 1633 987 vocant,
1647 958 1726 985 adhi—

903 998 904 1004 ¹
927 996 1056 1022 buerunt:
1079 1000 1104 1022 et
1116 995 1322 1022 Lacedaemonii
1340 995 1450 1031 regibus
1467 996 1524 1021 suis
1540 1004 1670 1031 augurem
1683 1006 1725 1022 as-

926 1042 1058 1059 sessorem
1070 1033 1214 1065 dederunt,
1239 1035 1358 1068 itemque
1369 1033 1481 1059 senibus
1493 1034 1542 1067 (sic
1553 1034 1624 1059 enim
1637 1035 1727 1060 consi-

927 1071 993 1097 lium
1014 1071 1156 1106 publicum
1177 1070 1324 1106 appellant)
1338 1079 1469 1106 augurem
1487 1071 1616 1096 interesse
1633 1071 1728 1097 volue-

926 1113 1001 1135 runt.-
1026 1108 1164 1143 iidemque
1179 1108 1212 1134 de
1229 1109 1310 1134 rebus
1327 1108 1475 1134 maioribus
1491 1116 1598 1143 semper
1609 1114 1655 1134 aut
1666 1108 1727 1134 Del-

926 1146 989 1180 phis
1004 1146 1158 1177 oraculum,
1181 1151 1226 1172 aut
1244 1146 1278 1172 ab
1294 1146 1424 1172 Ammone
1441 1150 1486 1172 aut
1500 1154 1513 1171 a
1529 1145 1635 1172 Dodona
1653 1151 1727 1180 pete-

927 1185 999 1210 bant.
1041 1185 1082 1209 96.
1107 1184 1246 1219 Lycurgus
1257 1183 1379 1218 quidem,
1393 1184 1439 1218 qui
1454 1183 1547 1209 Laced
1549 1184 1725 1209 iemoniorum

926 1221 1123 1256 rempublicam
1135 1222 1302 1256 temperavit
1319 1220 1391 1254 leges
1403 1230 1466 1247 suas
1478 1221 1633 1247 auctoritate
1645 1222 1727 1256 Apol-

928 1259 990 1285 linis
1002 1258 1124 1293 Delphici
1136 1259 1315 1285 confirmavit.
1349 1258 1421 1290 Quas
1433 1267 1517 1293 quun)
1531 1258 1612 1284 vellet
1624 1259 1661 1285 Lv
1664 1267 1727 1285 san-

926 1297 972 1322 der
983 1301 1161 1327 commutare,
1178 1296 1271 1322 eadem
1282 1301 1322 1322 est
1334 1295 1486 1330 prohibitus
1499 1295 1574 1329 reli<
1558 1304 1638 1322 ione.
1679 1296 1726 1322 At-

925 1342 978 1369 que
989 1334 1079 1364 etiam,
1093 1334 1141 1368 qui
1152 1339 1291 1368 praeerant
1304 1333 1530 1363 Lacedaemoniis,
1545 1343 1595 1359 non
1608 1334 1725 1359 contenti

926 1371 1104 1406 vigilantibus
1115 1372 1197 1398 curis.
1214 1372 1239 1397 in
1252 1371 1398 1405 Pasiphaae
1411 1370 1480 1400 fano,
1489 1370 1560 1405 quod
1573 1376 1612 1397 est
1625 1371 1651 1397 in
1663 1380 1726 1406 agro

925 1413 1033 1443 propter
1048 1409 1157 1438 urbem,
1180 1409 1334 1435 somniandi
1352 1417 1446 1434 caussa
1463 1408 1640 1437 incubabant,
1661 1409 1726 1443 quia

926 1455 986 1472 vera
1008 1447 1108 1481 quietis
1128 1446 1235 1472 oracula
1257 1446 1400 1472 ducebant.
1442 1447 1484 1471 217.
1507 1445 1545 1471 Ad
1568 1450 1656 1472 nostra
1673 1446 1724 1471 iam

925 1484 1013 1510 redeo.
1055 1484 1166 1515 Quoties
1177 1488 1286 1510 senatus
1298 1483 1466 1509 decemviros
1476 1482 1509 1508 ad
1521 1482 1604 1509 libros
1619 1483 1656 1509 ire
1670 1484 1726 1509 ius-

925 1522 972 1547 sit!
989 1522 1098 1556 quantis
1111 1522 1136 1547 in
1149 1521 1240 1551 rebus,
1254 1529 1392 1556 quamque
1403 1529 1483 1555 saepe
1495 1521 1632 1554 responsis
1645 1520 1726 1546 haru-

925 1559 1030 1593 spicum
1043 1559 1145 1593 paruit!
1164 1559 1230 1584 Nam
1243 1563 1269 1584 et
1279 1567 1364 1592 quum
1377 1558 1431 1584 duo
1443 1558 1495 1583 visi
1507 1558 1577 1583 soles
1588 1563 1686 1588 essent,
1701 1563 1726 1584 ct

924 1605 1009 1631 quum
1023 1601 1074 1622 tres
1087 1596 1174 1626 lunae,
1188 1601 1213 1622 et
1224 1604 1309 1631 quum
1323 1595 1401 1624 faces,
1411 1600 1436 1621 et
1447 1603 1532 1630 quum
1545 1595 1582 1621 sol
1597 1601 1671 1621 nocte
1685 1597 1726 1621 vi-

924 1643 971 1660 sus
983 1638 1066 1663 esset,
1083 1638 1108 1659 ct
1120 1642 1204 1668 (pium
1217 1642 1230 1659 e
1242 1633 1315 1659 caclo
1329 1632 1450 1659 fremitus
1463 1633 1585 1661 auditus,
1603 1638 1628 1659 et
1640 1641 1724 1667 quum

924 1671 1028 1697 caelum
1046 1671 1206 1697 discessisse
1219 1671 1308 1696 visum
1321 1675 1360 1696 est
1371 1676 1450 1705 atque
1463 1671 1489 1696 in
1501 1678 1532 1696 eo
1543 1670 1724 1696 animadversi

925 1709 1009 1743 globi.
1051 1708 1139 1734 Delata
1155 1708 1280 1734 etiamad
1294 1713 1416 1734 senatum
1431 1707 1503 1733 labes
1515 1708 1571 1743 agri
1586 1709 1726 1734 Priverna-

926 1748 973 1776 tis,
991 1755 1076 1781 quum
1093 1746 1126 1772 ad
1144 1746 1276 1772 infinitam
1295 1745 1464 1772 altitudinem
1482 1750 1549 1771 terra
1564 1745 1722 1773 desedisset.

924 1784 1078 1819 Apuliaque
1090 1784 1217 1810 maximis
1229 1789 1312 1809 terrae
1325 1783 1443 1809 motibus
1454 1788 1631 1818 conquassata
1639 1788 1722 1809 esset:

924 1821 1026 1856 quibus
1043 1822 1172 1856 portentis
1189 1829 1284 1856 magna
1303 1820 1402 1855 populo
1418 1821 1536 1846 Romano
1551 1820 1619 1846 bella
1635 1821 1725 1855 perni-

924 1860 1068 1893 ciosaeque
1079 1859 1225 1885 seditiones
1237 1858 1475 1884 denuntiabantur.
1493 1859 1575 1892 Inque
1583 1857 1625 1883 his
1637 1859 1726 1883 omni-

925 1897 976 1923 bus
989 1905 1116 1931 responsa
1129 1896 1305 1930 haruspicum
1317 1904 1378 1921 cum
1392 1895 1512 1931 Sibyllae
1525 1895 1650 1921 versibus
1661 1904 1726 1922 con-

924 1934 1066 1969 gruebant.
1108 1936 1149 1960 98.
1171 1933 1262 1965 Quid‘?
1281 1942 1366 1968 quim]
1383 1933 1476 1959 Cumis
1493 1933 1587 1967 Apollo
1605 1932 1722 1960 sudavit,

924 1973 1031 2006 Capuae
1043 1970 1176 1998 Victoria?
1187 1971 1272 2006 quid'?
1282 1975 1357 1997 ortus
1368 1970 1537 2006 androgyni?
1548 1979 1634 1996 nonne
1648 1969 1725 1996 fatale

924 2009 1060 2044 quoddam
1074 2013 1222 2035 monstrum
1237 2008 1304 2034 suit‘?
1314 2008 1499 2043 omar-quum
1513 2007 1613 2034 fluvius
1625 2013 1725 2034 atratus

924 2048 1057 2082 sanguine
1069 2045 1166 2073 fluxit?
1175 2046 1262 2081 quid'?
1276 2054 1362 2080 quum
1374 2054 1454 2080 saepe
1468 2045 1598 2080 lapidum,
1612 2045 1725 2080 sangui-

925 2085 967 2109 nis
983 2092 1202 2118 nonnumquam,
1219 2088 1303 2109 terrae
1319 2083 1468 2112 interdum.
1492 2083 1628 2118 querulam
1644 2084 1723 2108 etiam

927 2120 1001 2146 lactis
1014 2121 1100 2147 imber
1114 2120 1246 2147 defluxit?
1265 2120 1352 2155 quid?
1371 2129 1456 2155 quum
1473 2121 1500 2146 in
1512 2120 1644 2155 Capitolio
1656 2121 1724 2145 ictus

924 2158 1073 2184 Centaurus
1085 2166 1099 2183 o
1110 2157 1184 2183 caelo
1195 2162 1248 2187 est,
1263 2158 1288 2183 in
1302 2158 1434 2183 Aventino
1445 2162 1535 2192 portae
1546 2162 1571 2184 et
1584 2157 1724 2183 homines?

924 2195 1034 2221 Tusculi
1047 2195 1127 2220 aedes
1138 2195 1255 2220 Castoris
1267 2199 1291 2220 et
1305 2194 1422 2220 l'ollucis
1435 2195 1586 2229 llomaeque
1599 2194 1725 2220 Pietatis?

925 2241 1011 2258 nonne
1023 2237 1048 2258 et
1061 2232 1218 2266 haruspices
1229 2240 1258 2257 ea
1271 2231 1475 2265 responderunt,
1484 2241 1553 2267 quae
1565 2236 1721 2261 evenerunt,

924 2275 949 2295 et
972 2270 997 2295 in
1015 2269 1135 2304 sibyllae
1158 2269 1235 2295 libris
1255 2269 1365 2294 caedem
1387 2274 1506 2303 repertae
1528 2269 1723 2303 praedictiones

923 2306 1004 2333 sunt?
1049 2307 1140 2332 XLIV.
1165 2308 1206 2332 99.
1232 2306 1363 2332 Caeciliae
1382 2307 1413 2338 Q.
1435 2306 1505 2332 tiliae
1520 2307 1624 2332 somnio
1645 2305 1723 2331 modo

893 2346 895 2351 ⁸
924 2345 1036 2370 Marsico
1052 2343 1122 2370 bello
1138 2343 1268 2378 templum
1284 2348 1324 2369 est
1343 2353 1356 2369 ιι
1378 2348 1471 2369 sciuitu
1491 2344 1585 2370 Iunoni
1602 2344 1723 2378 Sospitae

923 2382 1087 2408 restitutum.
1128 2381 1204 2413 Quod
1221 2380 1332 2415 quidun
1348 2381 1484 2407 somnium
1501 2381 1614 2406 Sisenna
1636 2389 1722 2415 «pium

922 2419 1118 2453 disputavisset
1134 2418 1246 2444 mirilico
1262 2417 1294 2444 ad
1312 2418 1424 2443 urbam
1437 2427 1450 2443 ‹
1454 2426 1498 2443 ιιιιι
1513 2426 1538 2443 rc
1549 2418 1720 2445 νὀιιιῡιιίεει.

923 2461 1010 2482 tamen
1027 2455 1184 2485 insolente-,i
1203 2455 1282 2481 (redo
1293 2455 1356 2481 nbla
1361 2456 1403 2489 pi‹
1407 2455 1571 2489 ιιιιιιιιΙιιμιο
1583 2455 1719 2484 ιιιι1ιιιιιι5,

922 2493 1042 2528 disputat
1066 2494 1179 2519 somniis
1199 2493 1271 2519 credi
1296 2501 1347 2519 non
1367 2498 1496 2527 oportere.
1539 2492 1610 2518 Idem
1631 2498 1721 2519 contra

921 2535 1022 2557 ostenta
1036 2530 1103 2557 nihil
1115 2530 1236 2566 disputat
1246 2531 1411 2564 exponitque
1424 2530 1499 2556 initio
1512 2529 1721 2556 belliMnrsiciet

921 2568 1033 2594 deorum
1049 2567 1193 2594 simulacra
1209 2567 1365 2595 sudavisse.
1388 2572 1413 2593 et
1424 2567 1584 2602 sanguinem
1597 2566 1718 2597 fluxisse,

921 2610 946 2631 ct
956 2605 1115 2632 discessisse
1121 2605 1235 2635 caelum,
1244 2610 1268 2631 et
1280 2614 1312 2631 ex
1327 2605 1431 2630 οιϊιιΙιιι
1442 2604 1547 2631 auditas
1558 2614 1617 2632 csse
1630 2614 1718 2633 voces,

921 2651 990 2677 ιμιιιο
1011 2642 1129 2677 pericula
1150 2643 1215 2669 belli
1232 2643 1399 2672 nuntiarent,
1423 2647 1447 2668 ct
1464 2642 1578 2669 Lanuvii
1599 2642 1718 2678 clypeos,

920 2679 993 2715 quod
1006 2680 1197 2715 haruspicibus
1209 2680 1395 2707 tristissimum
1408 2680 1498 2706 visum
1508 2685 1592 2711 esset,
1609 2689 1622 2706 a
1635 2681 1720 2707 tnuri-

1441 2730 1485 2753 tu
1503 2728 1513 2738 “
