1941 3052
392 159 440 185 IN
471 159 672 185 VERREM
704 158 858 185 ACT.11.

55 230 116 256 bem
135 233 263 256 terrarum
282 229 446 260 distributis,
467 238 560 256 omnes
579 234 672 265 gentes
685 238 714 255 ac
728 229 848 255 nationes

55 267 135 293 vestri
159 267 287 302 religione
309 267 429 293 numinis
452 267 634 293 continentur:
662 271 762 293 ceteros
784 267 847 292 item

54 304 118 330 deos
131 304 248 339 deasque
262 312 354 330 omnes
368 304 482 338 imploro
495 309 575 339 atque
589 304 717 334 obtestor.
733 312 846 338 quorum

55 340 164 376 templis
178 346 203 367 et
217 341 393 377 religionibus
407 342 465 372 iste,
483 342 584 368 nefario
596 341 713 376 quodam
725 341 813 367 furore
824 345 850 367 et

54 378 163 405 audacia
181 379 337 409 instinctus,
366 379 468 405 bellum
487 379 648 414 sacrilegum
670 387 776 413 semper
797 378 849 404 im-

54 417 185 451 piumque
199 416 294 442 habuit
306 416 452 442 indictum:
468 421 510 446 ut,
527 417 551 442 si
565 417 592 442 in
607 416 656 442 hoc
670 424 715 442 reo
728 420 807 450 atque
821 415 848 441 in

55 453 104 479 hac
117 461 212 479 caussa
226 453 315 479 omnia
330 462 388 479 mea
403 454 514 480 consilia
529 453 561 479 ad
576 453 689 479 salutem
703 453 846 483 sociorum,

54 490 211 526 dignitatem
232 490 326 525 populi
348 491 472 521 Romani,
498 491 577 517 fidem
601 499 688 516 meam
711 494 849 525 spectave-

54 531 129 559 runt,
150 528 173 554 si
188 527 290 554 nullam
305 527 337 554 ad
352 537 420 559 rem,
437 528 489 554 nisi
503 528 536 554 ad
550 527 668 554 officium
683 532 709 554 et
722 528 847 553 virtutem

54 573 148 592 omnes
166 573 240 592 meae
253 573 345 597 curae,
366 565 475 602 vigiliae
488 565 715 602 cogitationesque
729 564 849 591 elabora-

892 157 1031 184 LIB.V.
1066 157 1163 184 CAP.
1197 157 1348 183 70—72.
1642 159 1690 184 349

900 233 969 259 runt,
985 236 1055 263 quae
1068 236 1126 253 mea
1140 236 1216 253 mens
1231 227 1258 253 in
1268 226 1440 262 suscipienda
1449 235 1543 253 caussa
1554 226 1613 257 fuit,
1626 227 1692 254 fides

900 266 926 291 in
941 265 1055 301 agenda,
1079 264 1171 291 eadem
1186 269 1288 296 vestra,
1307 264 1424 295 iudices,
1444 264 1473 290 in
1486 264 1628 291 iudicanda
1642 266 1690 291 sit:

902 305 958 328 ⁴89.
978 303 1094 337 denique
1109 302 1148 328 uti
1163 301 1191 329 C.
1207 302 1328 332 Verrem,
1350 301 1373 328 si
1391 302 1450 328 eius
1467 302 1557 328 omnia
1575 306 1638 328 sunt
1651 303 1693 328 in-

900 340 989 366 audita
1003 344 1029 366 et
1041 339 1188 375 singularia
1202 339 1317 366 facinora
1330 338 1447 370 sceleris,
1463 339 1597 370 audaciae,
1613 339 1694 374 perfi—

900 377 972 408 diae,
990 377 1124 407 libidinis,
1141 377 1278 407 avaritiae,
1294 375 1474 407 crudelitatis,
1490 376 1590 412 dignus
1604 376 1693 403 exitus

900 414 1033 441 eiusmodi
1047 415 1101 440 vita
1115 418 1195 448 atque
1212 413 1301 444 factis,
1321 417 1411 440 vestro
1427 413 1528 440 iudicio
1546 422 1695 449 cousequa-

899 456 956 478 tur:
977 456 1060 486 utque
1078 451 1230 486 respublica
1248 459 1362 486 meaque
1375 450 1442 477 fides
1456 459 1508 477 una
1522 450 1571 477 hac
1585 459 1695 477 aecusa-

900 489 970 515 tione
989 497 1047 515 mea
1065 493 1186 515 contenta
1204 489 1251 519 sit.
1276 488 1398 523 mihique
1417 488 1528 523 posthac
1544 488 1628 515 bonos
1646 496 1695 523 po-

900 527 954 552 tius
972 525 1116 553 defendere
1135 525 1225 558 liceat,
1249 534 1332 561 quam
1349 525 1486 561 improbos
1505 533 1630 553 accusare
1647 533 1695 552 ne-

899 571 974 590 cesse
987 568 1031 590 Sit.

761 712 988 729 ἤφιεν-

847 936 892 963 25.

544 1012 579 1041 Μ.
627 1012 827 1042 TULLII
875 1012 1202 1043 CICERONIS

834 1106 921 1127 PRO

567 1179 601 1228 F
695 1180 730 1230 Ο
827 1182 866 1231 Ν
959 1183 998 1232 Τ
1093 1182 1128 1231 Ε
1224 1179 1368 1230 10

663 1287 1071 1327 ORATIO.

376 1179 433 1228 M.

587 1481 799 1509 NOTITIA
832 1482 1157 1511 LITTERARIA.

160 1565 195 1586 M.
207 1564 380 1592 (autMam'm,
390 1569 419 1587 ut
430 1565 511 1586 Unino
519 1567 599 1594 placet
607 1571 631 1588 et
645 1567 766 1594 Schiitzio)
777 1567 886 1589 Fonteius
894 1571 989 1596 praecor
1000 1568 1103 1590 Gauium
1113 1568 1212 1590 obtinere
1227 1571 1333 1595 coeperat
1342 1566 1367 1587 L.
1380 1565 1476 1588 onan-'o
1488 1565 1511 1587 C.
1523 1565 1617 1586 Aurelio
1629 1564 1696 1586 Cocta

53 1608 110 1622 con.
126 1603 160 1628 (a.
179 1600 203 1621 U.
219 1602 287 1626 679.).
317 1600 427 1622 Triennio
440 1606 521 1623 exacto
535 1602 634 1623 Romam
649 1603 780 1624 revertitur.
806 1604 922 1627 Quattuor
933 1603 989 1632 fere
1007 1605 1076 1625 annia
1093 1608 1146 1632 pout
1165 1603 1265 1624 reditum
1284 1603 1464 1630 repetundorum
1482 1601 1625 1629 remfnctun
1639 1604 1696 1622 etta

55 1637 129 1658 Gallie
142 1637 168 1658 ιἰι
180 1635 308 1665 primique
321 1636 483 1658 Indutiomaro
499 1637 645 1659 Trevirorum
660 1639 725 1659 duce.
748 1639 877 1659 Accusator
885 1638 943 1667 fuit
956 1640 990 1660 M.
1002 1640 1147 1665 Placentiae,
1162 1638 1306 1666 subscriptor
1315 1637 1350 1658 M.
1362 1636 1456 1658 Fabium
1480 1637 1570 1664 Magna
1578 1644 1635 1665 pan
1645 1644 1696 1657 om-

53 1672 122 1694 n'om'a
139 1671 266 1694 intercidit.
289 1671 326 1692 Aa
343 1672 490 1700 auperti-'tem
508 1679 559 1694 vere
577 1672 625 1694 eius
637 1677 742 1701 partem,
759 1678 852 1701 praeter
870 1675 968 1702 Aquilae
987 1679 1010 1697 et
1031 1674 1188 1699 Quinctilium
1202 1674 1305 1702 parvula
1320 1673 1446 1700 quaedum,
1461 1675 1607 1693 “creuerunt
1621 1671 1696 1692 mm'u-

51 1707 118 1728 scula
132 1707 174 1728 illa
183 1706 337 1735 fragmenta,
351 1715 366 1728 a
379 1706 503 1728 Niehuhn'o
523 1715 534 1728 ε
550 1707 626 1729 cedite
639 1708 786 1730 bibliothecae
802 1709 928 1731 Vaticanus
942 1710 1053 1738 rescripto
1067 1718 1089 1731 u.
1105 1713 1164 1731 1820.
1178 1714 1200 1731 et
1218 1716 1245 1730 es
1258 1708 1342 1735 Angrli
1354 1707 1416 1728 Maii
1431 1707 1454 1728 C.
1470 1707 1531 1727 Iulio
1544 1706 1632 1727 ricem
1645 1709 1661 1727 1.
1670 1713 1694 1734 p.

51 1743 86 1763 ⁴³.
99 1741 203 1770 primum
217 1741 246 1762 αὸ
261 1741 344 1763 oratio
353 1743 386 1769 (a.
399 1743 471 1768 1826.)
486 1742 565 1764 ceter-iu
579 1743 673 1770 addita,
688 1752 703 1765 a
717 1752 750 1766 ηιε
766 1751 811 1766 mm
825 1745 850 1766 in
866 1745 972 1774 cupitum
985 1745 1087 1767 ordinem
1101 1746 1189 1771 retum,
1204 1746 1242 1766 nd
1256 1744 1281 1765 in
1297 1746 1324 1770 §s
1340 1746 1365 1765 10
1379 1743 1468 1768 divim,
1482 1742 1516 1763 ito
1527 1745 1554 1763 ut
1564 1743 1576 1767 ς
1586 1741 1639 1762 olim
1650 1741 1695 1768 pri-

52 1783 87 1798 ιιιι
97 1783 159 1798 nune
166 1776 197 1798 n'e
206 1776 322 1799 undecim
331 1780 374 1799 ecc.

105 1913 123 1932 Δ
131 1912 182 1933 Ro.
212 1911 254 1933 Hi·
265 1912 375 1934 orationis
384 1913 488 1941 reliquii·
499 1913 544 1935 trit
553 1917 637 1936 tantum
650 1915 741 1936 Fonteii
755 1915 848 1937 erimina

51 1946 204 1968 eontinentur:
223 1947 328 1975 primum.
348 1949 405 1975 quod
424 1949 522 1970 anili-m
541 1956 592 1971 aere
610 1949 684 1972 alieno
702 1951 847 1978 oppres-erit,

51 1981 132 2003 deindo
151 1983 208 2009 quud
226 1985 341 2009 quse-tum
359 1990 388 2004 ex
402 1983 511 2012 imperata
524 1985 609 2006 viarum
623 1985 746 2007 munitione
761 1986 847 2011 feeerit,

50 2016 147 2044 deniquo
160 2017 217 2044 quod
232 2018 353 2045 portorium
369 2018 417 2040 vini
431 2019 565 2040 instituerit.
595 2020 669 2041 Gallis
683 2027 735 2041 vern
745 2028 788 2041 nun
799 2028 849 2042 ene

51 2052 114 2072 nutem
125 2052 245 2073 liuhand-m
256 2053 330 2077 ducet.
342 2053 396 2075 hane
406 2054 430 2075 in
440 2061 497 2079 reni,
508 2058 533 2075 ut
542 2054 641 2080 videtur.
656 2055 704 2076 vita
713 2055 746 2076 rei
755 2055 779 2076 in
790 2056 848 2082 frag-

51 2086 132 2108 mentin
143 2086 260 2108 vatic-ni·
271 2091 380 2109 enarrata.

269 2151 373 2186 (Oratio
386 2154 418 2180 ab
432 2155 506 2181 initio
518 2155 631 2189 mutila.)

315 2205 582 2232 FRAGMENTA.

96 2252 124 2274 Α.
144 2254 273 2279 Fragment·
283 2261 295 2275 e
305 2255 352 2276 eod.
363 2255 436 2276 Vatic.
447 2255 557 2284 rescripto
568 2263 580 2277 ι
589 2256 714 2278 meant-rio
726 2257 796 2278 edita:

106 2291 127 2317 1.
150 2292 174 2318 l.
196 2290 208 2304 ⁴¹
220 2291 231 2304 ³
242 2290 255 2305 ⁴¹
266 2291 430 2326 oportuisse;
451 2301 484 2319 an
497 2292 534 2319 ita
548 2292 686 2325 dissolvit,
706 2298 737 2320 ut
753 2302 847 2321 omnes

51 2326 96 2355 alii
109 2327 301 2355 dissolverint?
323 2329 389 2356 Nam
404 2330 440 2356 ita
453 2338 503 2366 ego
516 2329 630 2357 defendo
643 2331 678 2358 M.
694 2331 845 2363 Fonteium,

50 2363 162 2397 iudices,
179 2365 269 2401 itaque
283 2366 422 2398 contendo,
438 2371 499 2402 post
513 2367 599 2404 legem
610 2367 740 2395 Valeriam
756 2368 844 2400 latam.

50 2410 68 2428 o
85 2402 119 2429 M.
138 2403 246 2429 Fonteio
262 2408 404 2439 quaestore
421 2413 510 2440 usque
532 2404 564 2431 ad
583 2405 672 2432 Titum
691 2405 846 2441 Crispinum

50 2443 219 2474 quaestorem
237 2440 313 2468 aliter
330 2442 465 2468 neminem
484 2441 611 2469 solvisse:
640 2442 712 2469 hunc
724 2444 846 2470 omnium

50 2477 230 2512 superiorum,
246 2477 329 2505 huius
343 2483 431 2506 autem
446 2488 552 2511 omneS.
568 2480 615 2515 qui
631 2484 721 2515 postea
736 2480 844 2512 fuerint,

51 2513 232 2542 auctoritatem
246 2515 307 2543 dico
320 2521 435 2543 secutos.
475 2516 546 2550 Quid
565 2517 694 2544 accusas?
718 2517 785 2553 quid
805 2526 847 2544 re-

51 2550 210 2585 prebendis?

105 2589 131 2615 2.
152 2589 219 2616 Nam
233 2588 306 2624 quod
319 2590 347 2616 in
362 2590 462 2617 tabulis
476 2590 654 2618 dodrantariis
668 2596 694 2618 et
710 2591 846 2627 quadran-

50 2623 133 2656 tat-iis,
148 2633 216 2661 quas
227 2627 263 2653 ait
273 2627 307 2653 ab
317 2627 447 2654 Hirtuleio
457 2627 602 2659 institutas.
615 2628 716 2655 Fonteii
727 2629 845 2656 osticium

50 2659 197 2694 desiderat,
213 2671 266 2690 non
280 2672 391 2698 possum
406 2665 572 2696 existimare,
589 2670 679 2692 utrum
694 2667 752 2701 ipse
766 2671 842 2697 erret.

50 2705 84 2725 an
97 2707 145 2726 vos
158 2699 186 2727 in
199 2708 313 2728 errorem
326 2701 424 2728 ducere
438 2702 512 2729 velit.
544 2702 648 2735 Quaero
661 2703 734 2730 enim
747 2703 795 2730 abs
810 2708 843 2736 te,

899 1919 935 1946 Μ.
954 1917 1082 1951 Plaetori,
1106 1917 1227 1954 possitne
1244 1916 1294 1944 tibi
1316 1916 1370 1952 ipsi
1393 1915 1502 1952 probata
1525 1922 1585 1941 esse
1607 1918 1697 1941 nostra

899 1965 1009 1988 caussa,
1030 1956 1067 1988 si,
1087 1964 1141 1991 qua
1159 1956 1187 1982 in
1206 1964 1234 1982 re
1251 1955 1299 1982 abs
1314 1959 1339 1981 te
1353 1955 1388 1981 M.
1405 1953 1530 1981 Fonteius
1545 1957 1694 1983 accusatur,

899 1998 1032 2021 auctorem
1047 1993 1127 2020 habet
1139 2001 1216 2024 eum,
1236 2001 1317 2028 quem
1331 1997 1360 2019 tu
1374 1991 1491 2018 maxime
1511 1989 1617 2020 laudas.
1637 1989 1698 2016 Hir-

899 2031 1028 2058 tuleium:
1044 2039 1098 2066 qua
1112 2031 1141 2057 in
1154 2039 1183 2057 re
1197 2034 1285 2057 autem
1302 2029 1395 2056 laudas
1409 2027 1584 2058 Hirtuleium,
1601 2027 1697 2053 Fonte-

899 2070 943 2096 ius
961 2068 1033 2095 idem
1052 2068 1148 2095 fecisse
1166 2068 1306 2103 reperitur.
1347 2065 1532 2102 Reprehendis
1555 2064 1696 2091 solutionis

899 2115 999 2143 genus:
1024 2105 1118 2133 eodem
1132 2105 1212 2133 modo
1225 2104 1386 2131 Hirtuleium
1400 2102 1559 2130 dissolvisse
1574 2101 1697 2137 publicae

899 2143 1006 2171 tabulae
1020 2147 1178 2179 coarguunt.
1205 2142 1310 2169 Laudas
1324 2141 1411 2172 illum,
1427 2140 1500 2176 quod
1514 2139 1696 2166 dodrantarias

900 2181 1005 2208 tabulas
1019 2180 1179 2207 instituerit:
1200 2179 1307 2206 easdem
1322 2179 1449 2206 Fonteius
1463 2177 1594 2208 instituit,
1614 2181 1639 2202 et
1653 2184 1697 2203 co—

899 2218 960 2245 dem
974 2226 1071 2255 genere
1085 2217 1225 2253 pecuniae.
1267 2217 1333 2243 Nam
1347 2224 1382 2243 ne
1395 2215 1461 2242 sorte
1475 2215 1513 2241 sis
1528 2214 1649 2244 nescius,
1671 2218 1698 2239 et

898 2255 963 2282 istas
978 2255 1084 2282 tabulas
1098 2255 1237 2282 existimes
1250 2253 1286 2280 od
1297 2256 1425 2280 diversam
1434 2252 1527 2279 veteris
1537 2251 1605 2278 aeris
1615 2250 1696 2276 alieni

899 2293 1027 2320 rationem
1043 2293 1188 2327 pertinere;
1213 2291 1248 2318 ob
1265 2299 1346 2317 unam
1365 2298 1488 2317 caussam
1503 2293 1528 2315 ct
1542 2289 1569 2315 in
1583 2296 1637 2314 uno
1650 2295 1697 2351 ge-

899 2338 960 2356 nere
974 2334 1038 2357 sunt
1051 2330 1198 2356 institutae.
1233 2329 1299 2355 Nam
1313 2336 1375 2355 cum
1391 2326 1552 2363 publicanis.
1567 2326 1615 2360 qui
1626 2326 1646 2351 Α
1660 2325 1696 2351 ri-

897 2375 966 2398 cam,
981 2367 1029 2402 qui
1040 2366 1198 2402 Aquiliense
1211 2368 1354 2400 portorium
1369 2367 1493 2392 conducat
1503 2364 1628 2389 habebant
1639 2362 1651 2375 ⁸
1661 2361 1672 2374 ‘
1684 2361 1695 2374 ·

955 2406 979 2431 3.
1002 2404 1014 2417 ‘
1025 2402 1037 2417 ‘
1049 2403 1061 2417 *
1074 2404 1155 2430 recito
1170 2402 1181 2416 ·
1194 2403 1205 2416 ‘
1216 2403 1227 2416 ‘
1242 2403 1334 2434 Nemo.
1350 2410 1430 2428 nemo
1443 2401 1563 2435 inquam,
1581 2399 1694 2430 iudices.

898 2442 1059 2477 reperietur,
1083 2441 1131 2476 qui
1154 2448 1239 2467 unum
1262 2448 1291 2466 se
1314 2441 1341 2466 in
1363 2443 1507 2475 quaestura
1532 2438 1566 2464 M.
1587 2437 1696 2464 Fonteio

898 2487 1040 2506 nummum
1055 2478 1172 2508 dedisse.
1188 2482 1234 2504 aut
1248 2477 1325 2503 illum
1340 2486 1372 2503 ex
1387 2485 1416 2503 ea
1430 2476 1552 2511 pecunia.
1568 2482 1638 2510 quae
1648 2483 1696 2509 pro

897 2517 998 2543 aerario
1011 2516 1168 2545 solveretur.
1184 2515 1334 2541 detraxisse
1348 2514 1431 2540 dicat:
1458 2512 1560 2539 nullius
1575 2513 1602 2539 in
1617 2512 1696 2538 tabu-

899 2554 931 2580 lis
946 2553 1000 2580 ulla
1015 2553 1098 2579 huius
1113 2552 1176 2579 furti
1191 2552 1363 2587 significatio,
1385 2550 1492 2578 nullum
1509 2550 1536 2576 in
1555 2550 1589 2576 iis
1608 2550 1694 2576 nomi-

897 2591 978 2618 nibus
994 2590 1179 2617 intertrimenti
1194 2594 1240 2616 aut
1253 2589 1447 2616 deminutionis
1458 2587 1603 2623 vestigium
1618 2595 1695 2621 repe-

897 2628 989 2655 rietur.
1014 2628 1096 2663 Atqui
1109 2635 1203 2654 omnes
1218 2627 1246 2657 ii.
1261 2635 1330 2662 quos
1344 2627 1371 2653 in
1387 2626 1435 2652 hoc
1448 2633 1545 2661 genere
1558 2625 1694 2660 quaestio-

897 2666 939 2692 nis
962 2669 1099 2692 accusatos
1121 2668 1147 2691 et
1169 2664 1346 2699 reprehensos
1368 2663 1506 2693 videmus.
1536 2666 1694 2697 premuntur

897 2703 1026 2730 testibus:
1042 2701 1152 2729 difficile
1166 2706 1207 2728 est
1221 2702 1303 2733 enim,
1319 2710 1390 2733 eum.
1406 2701 1454 2737 qui
1468 2699 1634 2736 magistratui
1647 2707 1694 2733 pe-
