1941 3052
235 144 296 169 ¹:150
788 141 846 165 283.

232 214 336 242 lunius,
358 213 459 238 exitum
480 211 628 236 videamus.
669 209 719 236 Ubi
743 210 837 243 optimi
859 207 1023 242 reipublicae

231 251 467 277 administratori-s,
482 256 528 273 seu
542 249 631 273 vni-ius
643 251 774 281 part-ntor«.
789 245 1023 280 MiltiadesAEplii-

231 288 311 317 ultus,
327 289 414 314 (limov
432 285 637 314 't'tn-mistoolcs,
657 283 804 310 Aristiden?
821 284 955 314 Quantum
970 282 1023 308 illia

233 325 307 353 tulos,
321 325 429 351 caritas,
448 323 596 353 integritus,
610 321 756 346 coristantia
769 321 871 354 peperit
883 319 1024 345 miseriae?

233 367 322 388 utnon
337 360 413 385 modo
426 359 571 384 bonoribus
580 378 585 388 ,
598 358 740 392 dignitate.
759 358 913 383 uuctoritatc
924 356 1024 391 spolia-

233 400 274 427 rit.
288 397 333 423 sml
346 397 423 422 etium
438 396 462 421 in
475 395 601 421 exsilium
616 396 727 420 miserit.
758 394 833 426 Quod
845 399 934 420 contra
945 403 1024 428 opor-

233 435 315 461 tebat:
340 434 409 458 viros
421 433 535 466 optimos
547 434 700 467 patriaeque
715 432 914 457 amantissimos
927 432 1023 457 honore

233 472 311 500 nl'livi,
326 471 352 496 in
364 470 450 496 oculis
463 469 534 495 terri.
571 470 661 503 Scipio
673 468 814 495 Africanus
825 468 895 503 apud
909 473 1021 498 nostros„

231 509 358 543 optimum
371 516 493 532 caussam
506 506 661 541 amplexus,
676 514 822 548 paucorum
835 505 1023 531 immoderatae

233 545 338 571 libidini
352 553 435 578 rcpuff.
429 552 517 573 nans.
536 552 612 569 mnne
628 548 748 569 mortuus
763 545 788 569 in
803 543 868 569 lecto
878 547 917 568 est
930 543 1024 568 inven-

231 588 286 608 tus:
311 590 358 607 ncc
370 581 455 607 abfuit
466 581 598 615 auspicio,
616 581 682 615 quin
699 580 732 606 ab
748 588 843 610 uxore,
861 588 930 622 quae
941 579 1024 606 Grac·
1044 575 1047 610 Ι

231 619 342 645 eliorum
355 627 428 644 soror
443 618 504 648 luit,
523 617 701 644 interfectores
713 622 802 643 essent
813 618 939 643 immissi.
980 618 1021 642 64.

233 656 337 682 Metello
348 660 435 681 nutum
449 655 604 685 Numidico,
624 655 730 681 bomine
741 655 862 681 omnium
875 654 1024 680 clarissimo

231 702 261 719 ac
274 693 514 727 praestantissimo.
532 692 598 727 quid
611 692 755 718 miserius?
774 692 835 726 qui,
854 700 886 717 ne
897 691 923 717 in
937 690 1022 726 legem

231 731 407 765 pernitiosam
430 731 540 759 iuraret,
568 730 594 755 in
615 729 741 755 exsilium
763 729 836 755 abire
857 729 891 754 sit
905 733 1022 755 coactu-⁸³.

233 768 324 794 lateor
349 767 478 809 profecto.
513 768 580 792 inter
604 768 693 793 onmia
717 766 807 792 exsilii
827 774 923 801 genera
944 770 1023 800 atque

231 813 324 830 omncs
335 805 504 830 miseriarum
517 813 625 830 caussas
642 805 757 830 maxime
775 804 911 830 honestam
929 803 1024 828 Numi-

232 842 285 868 dici
303 841 386 867 luisse
401 841 594 871 ‹anditione-m
616 842 660 867 cui
677 841 808 876 probitas
826 841 977 875 integritas,
997 840 1023 866 in

231 880 344 914 patriam
356 880 451 905 caritas
465 878 623 905 calamitatis
633 887 755 904 caussam
768 877 898 904 attulerit:
922 877 968 904 sed
985 882 1025 903 ta—

231 924 292 942 men
310 915 445 942 fatendum
461 920 513 946 est,
536 916 724 951 gravissimam
741 915 824 941 fuisse
835 914 1022 944 calamitatem.

217 953 295 991 ¹pelli
309 954 401 988 patria,
415 953 494 979 avelli
506 962 519 978 a
531 954 597 983 suis.
610 953 740 979 bonorum
750 952 942 987 direptionem,
957 952 1025 977 libe-

231 999 321 1017 rorum
333 991 391 1016 sive
402 991 561 1016 maestitiam
572 991 630 1016 sive
641 998 796 1016 aerumnam
808 989 909 1015 videre.
932 991 973 1015 65.
987 989 1022 1014 M.

232 1027 380 1063 Regulum.
393 1027 422 1054 C.
433 1028 561 1058 Marium.
575 1028 604 1053 L.
617 1028 740 1057 Brutum.
753 1027 788 1053 ob
801 1026 965 1053 liberandam
978 1035 1025 1061 pa-

232 1066 309 1092 triam
322 1064 500 1094 interfectum.
515 1070 659 1099 praetereo.
681 1064 768 1090 Nolim
780 1065 806 1090 in
818 1064 851 1090 iis
862 1072 1025 1090 commemo-

231 1102 325 1128 randis
337 1103 438 1128 nimius
445 1102 662 1136 vidcri,quorum
675 1103 764 1128 exitus
776 1109 853 1127 nemo
864 1105 904 1127 est
915 1102 980 1135 quin
992 1110 1025 1127 ex
1046 1104 1048 1113 '

233 1139 320 1169 libris.
335 1139 513 1174 imaginibus,
532 1138 599 1164 fama
611 1139 728 1173 denique
740 1138 845 1174 vulgari
857 1139 909 1164 iam
921 1138 1026 1164 didice-

231 1177 275 1203 rit.
316 1176 388 1208 Quae
399 1185 484 1210 quum
496 1176 579 1202 multa
593 1177 762 1210 maximeque
773 1176 865 1211 gravia
880 1176 946 1201 sint:
964 1184 1026 1210 gra-

233 1214 375 1240 vissimum
389 1218 476 1239 tamen
489 1213 556 1239 illud
568 1213 647 1239 dohet
658 1213 834 1247 videri,quod
850 1213 957 1239 homine
969 1222 1026 1239 am-

232 1251 341 1277 bitionis
354 1250 471 1276 vinculis
484 1251 592 1281 irretito,
601 1251 703 1285 quique
716 1259 730 1276 e
742 1250 919 1285 popularibus
930 1250 1026 1276 suffra-

231 1289 284 1324 giis
306 1293 375 1314 totus
395 1287 523 1322 pendeat.
546 1288 614 1314 nihil
631 1296 745 1322 usquam
763 1287 899 1313 infelicius
915 1288 1026 1322 reperiri

231 1330 327 1360 potest.
361 1324 482 1356 Quantus
494 1325 522 1351 in
534 1333 564 1351 eo
577 1326 663 1355 timor,
674 1330 773 1360 quanta
785 1325 926 1355 dubitatio,
939 1333 1026 1359 quan-

230 1367 274 1389 tus
285 1367 405 1392 conatus,
419 1367 518 1396 quanta
529 1362 695 1388 sollicitudo!
719 1367 760 1393 ut,
777 1362 879 1388 nullam
891 1362 931 1388 illi
943 1370 956 1388 a
968 1371 1026 1388 mo-

232 1399 306 1426 lestia
329 1408 440 1425 vacuam
464 1407 524 1425 esse
545 1399 650 1430 boram,
672 1408 723 1426 non
744 1400 878 1426 immerito
893 1400 1026 1434 suspicari

232 1437 377 1471 possimus.
419 1437 485 1463 Nam
500 1437 524 1462 si
539 1437 681 1463 servientis
698 1445 727 1463 ea
743 1441 784 1463 est
797 1437 927 1467 conditio,
949 1441 979 1463 ut
993 1445 1026 1463 ex

230 1475 299 1504 eius,
312 1474 356 1500 cui
368 1474 460 1504 servit,
475 1474 604 1505 moribus,
618 1473 762 1505 voluntate.
772 1474 880 1509 ingenio
891 1475 1025 1509 propriam

231 1511 285 1537 sibi
298 1510 430 1537 fortunam
443 1510 538 1547 fingat:
555 1512 602 1546 qui
614 1511 713 1546 populo
726 1512 834 1543 serviet,
848 1511 941 1542 avido,
955 1512 1027 1537 invi-
1054 1539 1056 1545 Ι

230 1548 278 1579 do,
301 1549 407 1583 ignaro,
430 1548 463 1574 ad
479 1549 653 1575 mutationem
669 1549 783 1583 proclivi
798 1553 837 1580 et,
855 1548 927 1584 quod
947 1553 1027 1583 caput

230 1590 284 1616 est,
303 1586 419 1621 ingrato,
437 1594 502 1612 num
516 1585 662 1621 aliquando
677 1586 771 1612 beatus
786 1594 845 1612 esse
860 1585 974 1621 poterit?
993 1594 1026 1612 an

231 1623 321 1657 potius
329 1643 335 1653 ,
357 1623 463 1657 quoties
474 1622 508 1649 de
519 1623 578 1649 eius
589 1628 681 1650 natura
695 1623 837 1659 cogitabit,
861 1624 938 1650 toties
949 1632 1025 1649 suam

231 1661 290 1694 ipse
304 1659 483 1687 calamitatem
495 1669 525 1686 ac
537 1659 669 1687 fortunam
681 1659 877 1696 conqueretur?
890 1660 1026 1687 Praeclare

232 1702 309 1723 vetus
321 1702 396 1732 poeta
406 1707 411 1723 ς

269 1735 376 1760 Aeterno
387 1737 495 1760 mixtam
507 1736 576 1761 luctu
587 1736 731 1761 mortalibu'
744 1737 823 1761 vitam

269 1773 327 1797 olim
340 1774 468 1797 constituit
479 1774 564 1798 divum
575 1777 648 1804 paler
660 1777 736 1805 atque
746 1773 875 1798 hominum
883 1781 942 1798 rex.

232 1808 325 1834 xvlu.
347 1810 388 1834 66.
411 1809 501 1843 Itaque
517 1808 648 1843 quamdiu
665 1809 714 1835 hac
730 1809 788 1835 luce
799 1810 916 1840 utimur,
935 1809 1026 1835 vivere

232 1845 343 1879 quidem
355 1845 488 1875 videmur,
497 1846 544 1872 sed
552 1847 642 1872 verius
653 1846 762 1872 assidue
769 1847 907 1877 morimur,
916 1851 961 1872 aut
972 1845 1026 1872 sal-

232 1887 285 1908 tem
297 1883 378 1909 vit-arn
391 1883 473 1909 verbo
484 1883 640 1914 retinemus,
653 1891 680 1909 re
691 1884 748 1918 ipsa
760 1884 911 1910 amisimus.
942 1883 1027 1917 Equi-

231 1919 293 1945 dem
305 1928 356 1945 non
369 1920 461 1950 video,
477 1919 543 1954 quid
556 1921 583 1946 in
596 1920 713 1946 hominis
726 1921 779 1946 vita
791 1920 868 1946 valde
879 1920 1026 1954 optandum

232 1961 278 1982 aut
293 1956 359 1982 felix
374 1965 432 1982 esse
448 1958 542 1991 possit.
583 1956 680 1983 Multos
697 1957 799 1991 potius,
822 1965 856 1983 ne
872 1958 899 1983 in
915 1958 1024 1987 maiora,

231 2001 313 2028 quam
324 2001 393 2028 quae
406 1993 522 2020 bumana
533 1993 698 2020 consuetudo
709 1993 829 2028 quotidie
837 1993 895 2025 fert,
904 1994 972 2020 mala
985 1995 1027 2020 in-

231 2030 365 2061 ciderent,
385 2035 496 2057 mortem
511 2030 565 2056 sibi
579 2030 669 2057 dedita
683 2039 762 2066 opera
778 2031 943 2058 conscivisse
959 2033 1024 2058 scio.

231 2066 309 2099 Quod
321 2072 408 2094 tamen
421 2076 473 2094 non
488 2068 584 2094 iccirco
595 2067 699 2094 dictum
712 2068 807 2099 velim,
830 2070 893 2103 quia
910 2069 1027 2103 proban-

231 2104 296 2131 dum
305 2109 410 2139 putem;
427 2104 484 2135 sed,
493 2110 560 2131 utex
571 2113 602 2131 eo
612 2110 745 2140 appareat.
755 2105 871 2132 humana
879 2106 933 2132 vita
945 2114 1026 2140 quam

882 138 916 164 M.
950 138 980 164 T.
1014 137 1287 165 CtCEttONtS

1073 208 1148 240 Quod
1161 217 1192 234 eo
1203 209 1288 243 magia
1300 208 1452 235 mirandum
1464 209 1591 244 acquod
1599 219 1650 237 non
1666 211 1699 237 iiis
1711 210 1797 237 solum
1810 219 1866 237 ma-

1076 246 1117 276 lis,
1129 246 1231 280 quibus
1244 246 1360 272 bominis
1370 251 1462 272 natura
1473 247 1581 273 assidue
1593 247 1729 283 affligitur.
1738 248 1807 274 mala
1819 256 1867 275 no-

1075 289 1126 308 stra
1140 284 1301 317 praescripta
1317 288 1391 309 sunt:
1415 283 1461 309 ned
1474 284 1525 317 ipsi
1538 293 1594 314 noa.
1607 290 1737 319 quantum
1751 286 1777 311 in
1789 285 1866 312 nobi·

1075 325 1128 349 ent,
1146 321 1298 345 miseriores
1313 321 1434 354 quotidie
1451 320 1560 346 reddere
1580 329 1718 348 conamur.
1755 322 1866 349 Nullum

1075 359 1146 382 enim
1163 357 1235 382 aliud
1253 357 1279 382 in
1297 362 1348 382 toto
1364 362 1493 383 terrarum
1509 358 1572 383 orbe
1588 367 1674 393 genua
1689 360 1866 386 animantium

1076 395 1206 428 reperias,
1224 399 1327 428 praeter
1339 402 1421 420 unum
1435 395 1584 424 hominem.
1607 396 1678 430 quod
1692 397 1717 422 in
1730 397 1867 431 proprium

1075 440 1161 464 genua
1182 436 1260 465 atquc
1280 432 1306 457 in
1322 440 1350 456 aa
1372 432 1460 466 ipsum
1482 433 1622 458 saevitiam
1638 438 1759 459 exerceat
1775 442 1864 460 auam:

1076 469 1223 503 meritoque
1237 468 1412 494 Dicaearchus
1425 469 1450 495 in
1462 477 1493 494 eo
1510 469 1590 497 libro.
1608 478 1689 504 quem
1705 470 1738 496 de
1751 470 1867 497 hominia

1077 507 1183 531 interitu
1197 505 1361 531 luculentum
1372 510 1397 531 et
1407 506 1543 532 eruditum
1555 508 1723 542 conscripsit.
1740 507 1807 534 nihil
1821 508 1867 534 ba-

1052 557 1053 567 1
1076 543 1137 568 bere
1148 542 1324 569 dubitationis
1336 544 1452 577 putavit.
1466 544 1532 577 quin
1545 543 1730 578 multoplures
1741 545 1867 572 exstincti

1075 581 1129 606 sint
1153 580 1274 606 homines
1297 581 1353 614 ipsa
1379 580 1518 606 bominum
1542 582 1652 607 saevitia
1671 586 1697 607 ct
1715 582 1866 613 acerbitate.

1075 626 1155 652 quim]
1167 618 1239 643 omni
1252 617 1356 652 reliquo
1367 626 1463 652 genere
1473 617 1640 644 calamitatis.
1658 619 1785 645 Tantacst
1795 619 1867 646 enim

1077 655 1101 680 in
1115 654 1255 688 permultis
1267 655 1387 685 avaritia,
1401 659 1503 680 tantum
1515 655 1679 684 ambitionis.
1694 656 1810 690 imperii.
1824 655 1867 683 di-

1076 692 1201 717 vitiarum
1213 691 1348 721 studium.
1366 697 1393 717 ut
1404 691 1552 726 explendae
1563 693 1720 726 cupiditatis
1731 694 1814 727 gratia
1827 694 1868 719 ni·

1077 728 1113 754 liil
1129 729 1182 754 sibi
1200 738 1251 754 non
1274 728 1353 754 licere
1373 734 1476 763 putent.
1517 730 1604 764 Atque
1626 730 1674 756 lioc
1695 730 1795 756 malum
1817 739 1867 757 non

1076 767 1127 792 iam
1140 767 1261 801 angustis
1274 766 1374 792 linibus
1385 774 1569 800 compressum
1583 766 1716 795 videmus.
1729 767 1775 793 sed
1787 775 1869 802 aupe-

1075 803 1191 829 rioribus
1206 803 1321 829 sacculis
1336 805 1459 838 erupisse
1475 804 1646 830 vehementer
1661 809 1686 830 et
1698 813 1819 830 manasse
1831 804 1870 830 la-

1075 841 1138 866 tius.
1165 841 1221 866 Non
1233 841 1304 866 enim
1319 845 1420 866 certum
1432 840 1551 875 aliquem
1564 841 1702 867 bominum
1715 850 1866 870 numerum.

883 2143 925 2169 67.
951 2142 1027 2169 Cleo·
1055 2140 1056 2152 ³

232 2141 326 2168 multis
340 2141 460 2176 undique
475 2147 611 2176 prematur
626 2142 842 2169 difficultatibus.

231 2187 324 2205 menes
330 2179 602 2205 Lacedaemoniorum
615 2188 662 2206 rex
672 2180 785 2214 eiusque
798 2179 879 2211 filius,
889 2185 972 2206 morte
983 2179 1027 2206 ul-

231 2221 271 2242 tro
282 2217 412 2251 appetita,
435 2221 570 2251 praeterea
585 2216 741 2252 Theagenes
754 2217 949 2248 Numantinus,
966 2217 1024 2252 qui,

232 2262 264 2279 ne
276 2254 303 2280 in
316 2254 434 2280 hostium
450 2262 546 2280 manus
562 2254 678 2285 veniret,
699 2254 817 2289 primum
832 2255 905 2284 suis,
927 2254 1026 2280 deinde

231 2290 286 2316 sibi
300 2291 353 2325 ipsi
368 2295 479 2317 mortem
495 2290 595 2322 attulit.
617 2296 718 2326 quanto
731 2299 812 2326 opere
827 2291 881 2317 vita
897 2291 1026 2327 fugienda

231 2328 279 2358 sit,
301 2329 366 2354 satis
382 2327 509 2354 videntur
523 2332 612 2363 aperte
627 2327 786 2355 declarasse.
824 2328 863 2354 Ac
876 2329 930 2354 nisi
949 2333 1026 2363 turpe

231 2364 355 2391 videatur
369 2365 493 2391 homines
508 2374 522 2391 a
538 2365 706 2392 mulierculis
721 2365 806 2391 multo
821 2370 891 2392 certe
902 2365 1027 2392 imbecil-

233 2401 345 2428 lioribus
357 2401 522 2428 fortitudinis
533 2402 656 2437 exempla
667 2407 766 2437 petere,
775 2407 927 2437 repetamus
938 2411 972 2429 ex
983 2403 1027 2429 bi—

230 2439 320 2465 storiis
330 2439 490 2466 Asdrubalis
502 2448 614 2466 uxorem
624 2439 712 2470 illam,
726 2447 808 2474 quae,
825 2439 1004 2475 Carthagine
997 2448 1025 2466 m

231 2474 349 2502 hostium
360 2481 516 2511 potestatem
527 2476 642 2507 redacta,
649 2485 679 2502 se
690 2477 777 2511 ipsam
788 2485 851 2502 cum
862 2477 949 2502 tribus
960 2476 1026 2503 filiis

231 2512 259 2537 in
272 2512 458 2548 conflagrantis
469 2515 569 2556 patriae
579 2513 736 2540 incendium
747 2513 871 2539 immisit.
910 2515 952 2540 68.
973 2513 1025 2540 Sed

230 2553 334 2582 praeter
346 2550 423 2580 haec,
437 2559 506 2585 quae
517 2552 570 2577 iam
582 2555 674 2577 testata
685 2555 749 2577 sunt
759 2555 785 2576 et
795 2549 910 2577 illustria
918 2571 924 2581 ,
942 2549 1026 2577 fatea—

231 2594 292 2611 mur
303 2594 366 2612 sane
377 2587 493 2622 ingenue
501 2608 507 2619 ,
528 2592 626 2614 tantam
638 2595 697 2614 esse
708 2587 841 2614 humanae
851 2592 961 2614 naturae
972 2589 1025 2614 mi-

230 2623 342 2653 seriam,
360 2628 390 2649 ut
403 2632 490 2659 neque
507 2633 594 2660 genus
607 2625 698 2659 ipsum
709 2624 864 2655 hominum,
887 2633 936 2651 nec
947 2633 961 2651 e
971 2629 1025 2651 toto

229 2667 327 2694 genere
352 2660 454 2695 singuli
479 2663 649 2688 miseriarum
674 2666 798 2697 expertes
822 2669 881 2688 esse
907 2662 1022 2697 possint.

1075 877 1121 903 sed
1136 886 1215 913 regna
1229 878 1284 911 ipsa
1297 883 1321 904 et
1332 883 1398 904 totas
1409 886 1537 912 persaepe
1550 877 1672 904 funditus
1682 879 1791 905 sustulit
1800 880 1869 905 civi-

1076 920 1150 941 tates.
1188 914 1261 940 ΧΙΧ.
1286 916 1327 940 69.
1349 915 1394 945 At.
1417 915 1440 941 si
1455 915 1487 941 ad
1503 915 1625 950 singulos
1642 916 1778 946 homines.
1800 924 1869 950 quae

1052 975 1054 984 ,
1076 953 1196 987 proxima
1208 952 1273 978 ratio
1286 957 1335 982 est,
1352 957 1466 978 mentem
1478 953 1721 988 cogitationemque
1731 958 1870 979 converte-

1076 990 1126 1020 ris,
1145 998 1176 1015 ne
1189 990 1214 1015 in
1228 990 1261 1015 iis
1272 989 1382 1024 quidem
1394 989 1543 1024 quidquam
1556 991 1685 1024 reperies,
1707 989 1779 1024 quod
1792 990 1870 1016 valde

1053 1038 1054 1043 ¹
1076 1031 1200 1061 appetere
1215 1031 1260 1052 aut
1275 1027 1422 1060 approbare
1438 1028 1536 1061 possis.

1578 1027 1660 1062 Finge
1680 1029 1752 1053 enim
1769 1028 1867 1057 animo.

1053 1080 1055 1094 ;
1075 1063 1210 1098 quidquid
1225 1063 1326 1089 homini
1340 1063 1404 1090 l'elix
1415 1068 1460 1090 aut
1472 1064 1578 1090 beatum
1593 1072 1626 1090 ex
1637 1065 1762 1098 opinione
1775 1064 1871 1099 vulga-

1076 1101 1098 1127 ri
1120 1101 1204 1135 possit
1225 1101 1252 1126 in
1277 1101 1329 1126 vita
1351 1101 1519 1136 contingere;
1546 1106 1724 1136 congerantur
1747 1101 1868 1131 divitiae.

1077 1138 1144 1164 bona
1161 1137 1298 1167 valetudo,
1323 1137 1448 1167 honores,
1471 1139 1600 1180 potentia:
1625 1139 1703 1164 etiam
1721 1138 1870 1172 voluptates

1076 1175 1215 1201 accedant:
1236 1183 1320 1210 quum
1337 1175 1401 1201 haec
1416 1176 1505 1201 omnia
1523 1176 1548 1201 in
1566 1175 1701 1201 hominem
1717 1175 1868 1203 contuleris.

1077 1212 1145 1239 nihil
1158 1217 1244 1238 tamen
1257 1212 1384 1238 tribueris
1395 1212 1491 1238 stabile
1503 1217 1547 1238 aut
1562 1212 1683 1242 firmum
1701 1212 1783 1242 nibil.
1797 1213 1870 1255 quod

1077 1258 1129 1276 non
1144 1251 1310 1284 repentinam
1326 1254 1351 1275 et
1366 1250 1503 1276 assiduam
1519 1251 1576 1292 pati
1590 1250 1763 1276 mutationem
1775 1246 1868 1284 possit

1076 1287 1182 1314 Caduca
1193 1287 1265 1313 enim
1277 1291 1302 1313 et
1313 1287 1411 1313 incerta
1427 1291 1490 1313 sunt
1504 1287 1608 1317 omnia.
1632 1295 1684 1313 non
1701 1287 1727 1313 in
1745 1287 1870 1313 humanis

1076 1324 1198 1351 consiliis
1210 1329 1255 1350 aut
1267 1324 1372 1350 viribus
1385 1324 1480 1358 posita,
1493 1324 1558 1350 sed
1553 1333 1578 1350 in
1591 1323 1711 1351 fortunae
1724 1325 1870 1351 temeritate

1054 1379 1055 1382 =
1077 1371 1106 1388 ac
1118 1367 1267 1397 temporum
1280 1361 1469 1387 vicissitudine
1480 1362 1632 1388 constituta.
1677 1362 1719 1387 70.
1740 1360 1811 1393 Quid
1823 1369 1871 1388 au-

1048 1395 1056 1431 ³=‚
1077 1404 1129 1426 tem
1142 1399 1244 1425 homini
1257 1399 1371 1433 turpius,
1385 1407 1465 1433 quam
1477 1407 1491 1425 e
1502 1399 1629 1433 temporis
1638 1407 1667 1425 ac
1679 1398 1799 1425 fortunae
1810 1407 1870 1425 mu-

1054 1440 1056 1446 *
1078 1438 1175 1463 tatione
1186 1435 1316 1471 pendere,
1329 1440 1355 1462 et
1365 1435 1484 1463 secundo
1495 1435 1570 1462 illius
1581 1435 1644 1462 flatu
1655 1435 1792 1462 sublevari
1800 1455 1807 1464 .
1829 1444 1872 1462 re-

1054 1483 1056 1515 Ι
1077 1473 1140 1500 ssatu
1155 1473 1271 1508 deprimi
1286 1478 1312 1500 et
1327 1472 1429 1509 affligi‘?
1443 1478 1489 1500 aut
1504 1473 1579 1499 laetis
1595 1481 1684 1499 rerum
1698 1473 1802 1499 eventis
1812 1472 1871 1509 glo-

1078 1511 1150 1541 riari.
1163 1511 1285 1537 adversis
1301 1510 1405 1546 lugere,
1424 1519 1472 1537 nec
1488 1510 1607 1537 lacrimis
1618 1515 1764 1545 temperare
1776 1509 1872 1545 posse?

1054 1565 1056 1585 l
1077 1548 1148 1581 Quid
1160 1548 1212 1574 iam
1224 1548 1329 1574 intersit
1340 1549 1408 1574 inter
1419 1547 1555 1574 hominem
1566 1553 1722 1582 mutamque
1728 1547 1868 1582 pecudem.

1077 1586 1101 1612 si
1113 1594 1160 1612 nos
1172 1585 1282 1620 perinde
1294 1590 1373 1620 atque
1386 1584 1444 1615 illa,
1461 1585 1564 1620 quibus
1579 1585 1707 1612 rationem
1720 1589 1812 1611 natura
1823 1584 1872 1611 de-

1078 1624 1198 1658 negavit.
1219 1623 1386 1649 extrinsecus
1403 1623 1448 1649 toti
1465 1622 1644 1657 pendeamus,
1667 1622 1694 1648 in
1713 1621 1790 1648 nobis
1804 1622 1871 1656 ipsis

1078 1660 1145 1686 nihil
1159 1659 1333 1691 fortitudinis,
1342 1659 1560 1689 nihilfirmitatis‚
1569 1659 1637 1685 nihil
1650 1659 1797 1685 babeamus
1807 1667 1871 1685 con·

1055 1719 1056 1722 ,
1077 1697 1207 1724 stantiae?
1217 1697 1348 1729 Quamvis
1359 1698 1430 1723 enirn
1444 1696 1547 1723 homini
1558 1705 1610 1723 non
1622 1701 1713 1726 mater,
1721 1695 1769 1722 sed
1781 1696 1871 1723 verius

1079 1743 1191 1761 noverca
1203 1739 1295 1760 natura
1307 1742 1404 1768 corpus
1416 1733 1510 1769 fragile
1522 1733 1714 1768 infirmumque
1721 1732 1868 1761 tradiderit.

1055 1773 1056 1799 1
1078 1772 1198 1798 animum
1210 1776 1298 1798 autem
1309 1776 1335 1797 et
1347 1772 1373 1797 in
1385 1770 1515 1797 molestiis
1525 1771 1637 1796 anxium
1649 1775 1674 1796 et
1686 1770 1869 1796 intimoreliu-

1079 1808 1170 1834 milem
1182 1813 1207 1835 et
1217 1808 1250 1835 ad
1268 1808 1370 1834 labores
1385 1807 1506 1834 mollem:
1524 1807 1656 1842 plurimos
1670 1812 1758 1834 tamen
1774 1808 1871 1834 insevit

1055 1863 1056 1878 ¹
1077 1845 1185 1872 divinos
1195 1846 1298 1881 ingenii
1310 1844 1459 1879 iudiciique
1471 1844 1618 1879 igniculos,
1639 1853 1755 1879 quorum
1769 1843 1871 1871 auxilio

1077 1887 1175 1909 etcum
1186 1882 1275 1909 dolore
1288 1882 1391 1912 luctari.
1404 1887 1430 1908 et
1441 1883 1529 1908 timori
1541 1881 1680 1912 obsistere,
1695 1881 1798 1908 labores
1809 1889 1870 1908 vero

1076 1928 1170 1946 omnes
1193 1919 1267 1946 nullo
1287 1920 1393 1955 negotio
1414 1920 1521 1945 vincere
1541 1927 1571 1945 ac
1587 1918 1703 1953 perferre
1717 1927 1869 1953 possemus.

1055 1973 1056 1992 ἢ
1078 1958 1168 1992 ltaque
1180 1957 1311 1983 tributum
1322 1957 1455 1982 divinitus
1466 1957 1564 1982 mentis
1576 1956 1667 1991 ignem
1678 1960 1704 1982 et
1714 1955 1871 1990 prudentiae

1055 1993 1056 2004 ¹
1078 2003 1130 2020 non
1141 1995 1322 2029 exstinguere,
1335 1993 1382 2019 sed
1394 1994 1512 2028 sopitum
1525 1993 1614 2019 fovere
1625 1998 1705 2028 atque
1715 2001 1813 2028 augere
1823 1992 1870 2019 de-

1055 2044 1056 2059 l
1078 2031 1183 2057 bemus.
1199 2031 1388 2057 XX.'1'l.Mors
1398 2035 1487 2057 autem
1499 2031 1648 2066 progressis
1661 2031 1687 2057 in
1699 2030 1752 2056 vita
1765 2029 1871 2066 longius

1055 2082 1056 2099 ι
1077 2070 1101 2094 si
1112 2069 1265 2098 immineat,
1287 2067 1356 2094 nihil
1372 2073 1425 2099 est.
1447 2076 1495 2094 cur
1505 2076 1603 2103 magno
1613 2075 1692 2102 opere
1702 2075 1872 2094 commovea-

1078 2114 1153 2132 mur:
1175 2114 1245 2140 quae
1260 2106 1418 2140 praesertim
1433 2109 1479 2131 aut
1494 2104 1647 2135 meliorem.
1669 2112 1750 2139 quam
1765 2112 1819 2139 quo
1830 2105 1872 2131 vi-

1078 2147 1171 2169 ventes
1181 2143 1306 2172 fruimnr,
1323 2147 1368 2169 aut
1378 2147 1449 2168 certe
1458 2150 1511 2168 non
1522 2141 1680 2168 deteriorem
1692 2142 1762 2168 vitae
1772 2146 1870 2168 statum

1054 2202 1056 2212 ‹
1076 2181 1112 2206 sit
1125 2179 1246 2206 allatura
1292 2179 1360 2211 Quis
1374 2180 1447 2205 enim
1462 2179 1585 2215 negabit,
1605 2179 1630 2205 si
1645 2179 1752 2205 animus
1761 2179 1872 2205 omnino

1077 2218 1197 2248 intereat.
1209 2217 1341 2243 exstincto
1352 2225 1434 2243 sensu
1445 2216 1514 2242 nihil
1526 2224 1584 2242 esse
1596 2215 1669 2246 mali,
1677 2220 1870 2251 proptereaque

1055 2249 1056 2257 ¹
1077 2253 1179 2281 nullam
1189 2255 1288 2281 iustam
1298 2253 1398 2280 doloris
1408 2262 1530 2279 caussam
1541 2253 1684 2279 exsistere:
1698 2257 1732 2283 at.
1744 2253 1768 2279 si
1781 2254 1871 2288 vigeat

1075 2300 1186 2326 corpore
1200 2291 1305 2318 solutus
1320 2299 1350 2317 ac
1366 2290 1447 2321 liber,
1469 2290 1537 2325 quid
1554 2291 1608 2316 iam
1623 2289 1669 2317 illa
1684 2290 1739 2316 vita
1754 2289 1868 2316 beatius.

1076 2328 1144 2363 quid
1158 2327 1300 2355 divinius?
1319 2336 1353 2354 ex
1367 2336 1422 2363 quo
1438 2328 1555 2354 maxima
1566 2332 1593 2354 et
1602 2328 1744 2353 verissima
1756 2326 1870 2353 laetitiae

1077 2374 1108 2392 ac
1117 2365 1264 2400 voluptatis
1278 2365 1398 2391 exoritur
1411 2365 1526 2391 occasio.
1565 2365 1608 2391 72.
1629 2365 1721 2399 Itaque
1736 2363 1823 2390 nibil'
1817 2371 1869 2390 iam

1076 2407 1169 2433 restat,
1186 2411 1241 2445 quo
1251 2403 1356 2433 minus,
1373 2402 1502 2436 optimam
1515 2410 1575 2428 esse
1584 2406 1710 2432 mortem.
1725 2409 1787 2427 vere
1797 2399 1871 2427 affir-

1076 2448 1149 2466 mare
1158 2441 1309 2474 possimus.
1326 2443 1484 2474 tantumque
1498 2439 1606 2469 abesse,
1623 2443 1666 2468 ut,
1682 2446 1768 2473 quum
1783 2437 1868 2467 adest

1075 2477 1191 2503 dolenda
1200 2478 1244 2508 sit,
1253 2482 1282 2503 ut
1292 2485 1442 2511 numquam
1449 2475 1586 2512 fugienda,
1593 2483 1673 2510 saepe
1683 2475 1764 2501 etiam
1774 2480 1870 2509 optan—

1075 2514 1110 2540 da
1121 2514 1258 2540 videatur:
1271 2519 1351 2548 atque
1361 2522 1393 2540 eo
1403 2514 1500 2549 magis
1507 2521 1562 2548 quo
1572 2512 1694 2539 diutius'
1686 2520 1713 2538 in
1725 2513 1779 2538 vita
1790 2512 1869 2538 bomo

1054 2560 1055 2568 ¹
1075 2552 1262 2586 permanserit.
1296 2551 1373 2581 Nam,
1386 2559 1473 2586 quum
1483 2551 1518 2577 iis
1529 2550 1616 2579 bonis.
1632 2557 1701 2583 quae
1711 2548 1804 2575 afferre
1814 2549 1868 2575 vita

1075 2593 1171 2623 potest,
1179 2589 1270 2615 satiari
1280 2588 1406 2622 eoeperit
1419 2592 1486 2618 tum.
1499 2587 1534 2613 ab
1545 2586 1672 2613 humanis
1683 2585 1814 2612 molestiis
1824 2594 1868 2611 se*

1074 2625 1187 2656 cedens,
1214 2626 1243 2652 in
1262 2625 1448 2652 beatissimam
1467 2624 1550 2651 vitam
1572 2623 1770 2658 commigrabit.
1810 2623 1867 2649 Non

1054 2675 1055 2679 ¹
1075 2664 1149 2689 enim
1159 2663 1184 2689 is
1194 2670 1245 2698 ego
1255 2671 1316 2690 sum
1323 2682 1330 2693 ,
1345 2662 1395 2697 qui
1409 2662 1530 2688 animum
1540 2659 1622 2687 simul
1633 2668 1696 2687 cum
1706 2660 1834 2687 homine
1825 2668 1868 2686 m-
