1941 3052
197 122 245 148 834
768 121 810 146 9¹.

197 192 286 227 accepi
300 193 325 218 in
337 191 496 219 amicitiam,
513 194 539 216 et
555 189 689 215 hominem
705 198 814 224 gravem
830 194 855 216 et
866 189 985 224 pruden—

198 235 249 256 tem
260 234 285 255 et
296 229 407 263 dignum
421 232 463 254 tua
475 226 705 252 commendatione
716 227 840 262 cognovi.

251 300 335 321 xxm.
362 303 448 322 (uuam.
460 301 545 320 ι·...,..,
558 300 746 320 u.·›u11..1...,‹,··¹.,)

381 340 547 366 CICERO
576 339 742 366 ATTICO
770 340 798 366 S.

254 379 275 404 1.
298 378 450 411 Numquam
466 382 525 403 aute
539 377 651 403 arbitror
663 382 686 403 te
698 376 837 411 epistolam
850 385 935 403 meam
948 376 986 403 lo-

195 415 280 448 gisse.
300 414 350 439 nisi
369 423 424 439 men
442 423 520 440 manu
533 415 669 448 scriptam.
711 415 750 440 Ex
761 423 791 440 eo
802 414 928 448 colligere
939 423 987 449 po-

197 452 267 480 teris,
281 455 378 485 quauta
390 452 562 485 occupatione
574 451 712 478 distineor.
754 452 828 482 Nam,
842 460 927 486 quum
941 461 987 477 va-

195 489 238 514 cui
251 488 377 522 temporis
389 488 454 514 nihil
469 488 607 519 haberem,
621 493 646 514 et
656 497 754 523 quum.
769 488 926 514 recreandae
939 497 987 514 vo-

195 524 269 550 culae
281 533 388 555 caussa,
407 534 514 551 neccsse
529 531 600 552 esset
616 526 682 552 mihi
697 525 847 556 ambulare,
867 526 930 552 haec
944 526 987 551 di-

194 562 263 588 ctavi
275 561 426 588 ambulans.
460 564 485 589 2.
508 563 628 589 Primum
645 563 727 598 igitur
743 562 808 589 illud
823 567 846 589 te
858 563 927 589 scire
941 572 986 588 vo-

196 598 232 629 lo,
250 599 507 633 Sampsiceramum,
525 605 645 626 nostrum
662 600 793 630 amicum.
814 600 987 626 vehementer

194 636 236 662 sui
248 640 332 662 status
344 637 486 671 poenitere.
496 638 654 672 restituique
667 638 692 663 in
705 646 766 663 eum
779 636 866 663 locum
877 646 984 672 cupere.

194 682 227 699 ex
242 681 296 707 quo
311 673 424 705 decidit;
448 674 621 709 doloremque
641 683 721 700 suum
744 675 880 709 impertire
896 674 983 705 nobis,

194 714 220 736 et
235 709 396 737 medicinam
413 711 547 738 interdum
563 716 651 746 aperte
671 720 812 746 quacrcre;
835 720 917 746 quam
938 720 987 747 ego

194 755 303 781 possum
316 748 436 774 invenire
449 748 563 775 nullam:
578 749 987 783 postdcindeomnesilliuspar-

193 784 228 811 tis
239 789 360 811 auctores
372 794 401 811 ac
413 786 507 816 socios,
522 785 595 812 nullo
606 786 767 816 adversario,
780 794 983 818 consenescere,

193 822 396 848 consensionem
410 823 596 849 universorum
609 832 656 849 nec
668 823 822 854 voluntatis,
831 832 986 849 necsermo—

193 858 236 885 nis
248 859 374 885 maiorem
387 868 515 894 umquam
529 860 621 886 fuisse.
643 862 668 886 3.
681 861 734 887 Nos
745 861 910 895 autem(nam
923 860 949 886 id
962 865 986 886 te

193 896 261 922 scire
272 904 379 930 cupere,
388 901 458 923 certo
469 898 534 931 scio)
548 897 666 932 publicis
676 898 797 924 consiliis
809 898 892 924 nullis
904 898 986 924 inter-

193 941 288 959 sumus
303 937 423 968 totosquc
439 942 486 960 nos
501 934 533 960 nd
551 934 681 960 forensem
693 944 800 970 operam
814 935 985 970 laboremque

189 969 366 996 contulimus.
406 971 447 997 Ex
457 979 525 1005 quo,
542 971 614 1006 quod
627 971 703 998 facile
716 972 830 1008 intelligi
842 973 939 1007 possit,
958 973 984 998 in

193 1006 276 1033 multa
288 1008 538 1035 commemoratione
549 1017 640 1035 earum
652 1018 750 1040 rerum,
759 1018 826 1044 quas
837 1010 983 1045 gessimus,

192 1043 381 1079 desiderioque
397 1054 546 1072 versamur.
585 1046 637 1072 Sed
657 1046 786 1081 βοώπιῦυς
803 1052 905 1073 nostrae
922 1056 986 1073 con-

192 1082 358 1117 sanguineus
370 1090 422 1108 non
434 1082 581 1109 mediocres
593 1088 705 1110 terrores
718 1084 778 1110 iacit
789 1089 867 1119 atque
880 1084 986 1110 denun-

193 1119 253 1149 tiat,
273 1123 299 1145 et
314 1118 528 1153 Sampsiceramo
544 1125 634 1156 negat;
657 1122 752 1147 ceteris
767 1129 830 1155 prae
850 1130 878 1147 se
897 1121 946 1148 fert
961 1126 986 1147 ct

192 1160 315 1182 ostentat.
354 1156 542 1188 Quamobrem.
556 1158 579 1183 si
592 1166 632 1184 me
644 1166 717 1184 amas
729 1163 840 1189 tanturn,
853 1164 984 1193 quantum

192 1192 309 1228 profecto
320 1202 405 1219 amas:
419 1194 443 1220 si
454 1193 772 1231 dormis,expergiscere;
788 1196 812 1222 si
823 1197 986 1231 stas,ingre-

192 1229 268 1262 dere;
281 1230 304 1256 si
318 1230 480 1266 ingrederis,
493 1240 582 1264 curre;
596 1233 620 1258 si
631 1233 730 1263 curris.
745 1232 850 1259 advola.
890 1233 985 1260 Credi-

192 1266 246 1293 bile
263 1276 314 1293 non
330 1272 382 1298 est.
404 1273 536 1302 quantum
551 1277 600 1304 ego
616 1270 642 1295 in
663 1269 786 1296 consiliis
801 1275 827 1296 et
841 1270 984 1305 prudentia

192 1304 326 1339 tua,qu0d
339 1305 486 1331 maximum
498 1310 546 1336 est,
555 1310 685 1341 quantum
698 1307 724 1333 in
737 1315 825 1333 amore
836 1312 862 1333 et
873 1307 924 1333 fide
936 1316 985 1342 po-

192 1349 264 1367 nam.
305 1341 460 1377 Magnitudo
474 1343 511 1369 rei
529 1342 633 1378 longam
648 1344 794 1370 orationem
811 1343 921 1371 fortasse
936 1345 985 1371 de-

191 1378 303 1404 siderat:
321 1379 474 1405 coniunctio
490 1388 552 1406 vero
567 1385 719 1407 nostrorum
730 1382 882 1408 animorum
893 1381 984 1408 brevi-

192 1419 242 1441 tate
255 1419 377 1442 contenta
391 1421 440 1442 est.
472 1417 613 1453 Permagni
625 1423 714 1444 nostra
725 1419 843 1449 interest,
857 1423 891 1449 te.
904 1419 928 1445 si
939 1427 984 1446 co-

191 1452 275 1478 mitiis
291 1461 343 1479 non
359 1453 491 1487 potueris,
509 1458 548 1486 at,
568 1454 700 1482 declarato
717 1455 776 1487 illo,
799 1464 858 1482 esse
873 1456 982 1483 Romae.

191 1489 268 1521 Cura,
281 1494 310 1516 ut
321 1489 420 1516 valeas.

216 1561 303 1583 XXIV.
357 1565 444 1586 (nomae,
454 1565 540 1587 Caesare,
550 1566 619 1583 nunu„
629 1573 675 1584 coss.
685 1567 742 1589 6⁹5.)

248 1641 270 1666 t.
293 1634 372 1671 Quas
387 1641 527 1668 Numestio
542 1641 642 1668 litteras
653 1643 731 1675 dedi,
747 1644 788 1670 sic
802 1648 827 1670 te
842 1644 877 1670 iis
887 1652 984 1671 evoca-

190 1676 261 1708 bam,
274 1681 304 1703 ut
315 1677 382 1704 nihil
394 1678 483 1705 acrius
494 1687 581 1714 neque
593 1680 729 1707 incitatius
741 1681 797 1707 fieri
807 1686 907 1716 posset.
942 1682 983 1708 Ad

190 1713 264 1740 illam
279 1715 393 1742 κέλευσιν
408 1715 476 1742 adde
492 1716 586 1747 ctiam,
603 1717 627 1743 si
642 1717 710 1752 quid
726 1723 810 1752 potes.
851 1718 889 1745 Ac
901 1727 934 1745 ne
944 1720 983 1745 sis

189 1751 373 1785 perturbatus3
397 1753 459 1779 novi
475 1753 547 1779 enim
563 1758 602 1784 te,
622 1759 648 1781 et
663 1763 715 1781 non
731 1755 836 1791 ignoro,
852 1764 934 1790 quam
948 1757 984 1782 sit

189 1796 263 1814 amor
277 1789 364 1815 omnis
378 1789 510 1816 sollicitus
524 1795 604 1825 atque
619 1792 731 1818 anxius:
753 1792 802 1818 sed
821 1801 863 1819 res
879 1798 932 1824 est,
954 1798 984 1820 ut

189 1833 281 1859 spero,
295 1834 346 1852 non
359 1830 412 1852 tam
423 1827 496 1854 exitu
509 1827 633 1859 molesta,
650 1837 732 1863 quam
748 1829 833 1856 aditu.
872 1831 898 1857 2.
920 1830 984 1857 Vet-

189 1862 242 1888 tius
255 1862 312 1893 ille,
331 1863 376 1889 ille
391 1868 481 1891 noster
496 1864 591 1896 index,
609 1865 729 1897 Caesari,
746 1871 776 1893 ut
789 1867 980 1902 perspicimus,

188 1899 325 1933 pollicitus
336 1905 385 1931 est,
393 1909 452 1927 sese
463 1907 629 1933 curaturum,
637 1907 668 1929 ut
678 1903 706 1929 in
717 1903 836 1939 aliquam
847 1905 984 1939 suspicio—

188 1945 250 1963 nem
261 1936 386 1964 facinoris
398 1938 479 1965 Curio
494 1938 567 1965 filius
583 1939 771 1967 adduceretur.
811 1941 902 1976 Itaque
914 1942 983 1968 insi-

188 1978 286 2000 nuatus
301 1974 328 2000 in
344 1974 552 2002 familiaritatem
568 1976 758 2008 adolescentis,
777 1982 803 2004 et
817 1986 879 2004 cum
891 1987 936 2010 eo,
953 1983 983 2005 ut

188 2019 231 2037 res
242 2011 354 2042 indicat,
370 2021 450 2047 saepe
461 2021 634 2049 congressus,
653 2022 708 2040 rem
721 2015 748 2041 in
759 2023 821 2041 eum
836 2015 924 2042 locum
935 2016 983 2042 de·-

189 2047 275 2078 duxit,
288 2053 317 2075 ut
327 2048 436 2080 diceret,
449 2050 503 2076 sibi
514 2055 616 2077 certum
627 2059 686 2077 esse
694 2072 700 2083 ,
713 2060 775 2078 cum
786 2053 845 2078 suis
856 2054 942 2080 servis
954 2054 982 2080 in

188 2084 345 2119 Pompeium
362 2087 493 2121 impetum
510 2087 608 2119 facere,
626 2097 743 2124 eumque
757 2089 889 2117 occidere⁴
929 2091 983 2117 Hoc

189 2121 268 2148 Curio
279 2122 312 2148 ad
323 2128 425 2157 patrem
435 2124 544 2155 detulit,
563 2125 609 2151 ille
620 2125 653 2152 ad
664 2126 832 2161 Pompeium.
872 2128 924 2154 Res
934 2127 983 2154 de-

189 2157 241 2184 lata
257 2159 289 2185 ad
307 2165 429 2187 senatum
445 2166 494 2188 est.
534 2162 704 2190 Introductus
718 2164 821 2190 Vettius
837 2165 924 2199 primo
935 2173 983 2191 ne-

188 2195 268 2231 gabat
279 2204 307 2222 se
319 2205 447 2232 umquam
458 2207 520 2225 cum
526 2199 641 2226 Curione
653 2201 792 2232 restitisse,
801 2210 888 2236 neque
900 2202 928 2228 id
939 2211 983 2228 sa-

189 2241 222 2258 ne
232 2232 290 2259 diu.
311 2234 377 2260 Nam
389 2237 479 2262 statim
491 2236 571 2263 fidem
582 2236 720 2272 publicam
732 2238 888 2273 postulavit.
906 2239 982 2266 Haud
1003 2239 1005 2245 ¹

188 2268 201 2282 ¹*
211 2269 384 2297 reclamatum
395 2277 444 2299 est.
485 2274 554 2300 Tum
565 2275 702 2308 exposuit,
721 2284 831 2302 manum
843 2275 927 2303 fuisse
938 2277 983 2302 iu-

189 2308 320 2338 ventutis.
338 2308 406 2335 duce
417 2309 531 2337 Curione
539 2331 545 2342 ,
563 2311 591 2338 in
601 2319 655 2346 qua
666 2312 775 2339 Paullus
786 2313 862 2339 initio
874 2312 979 2344 fuisset,

188 2348 214 2370 et
224 2343 255 2376 Q.
268 2344 366 2379 Caepio
380 2346 424 2372 hic
434 2347 545 2379 Brutus,
562 2353 588 2375 et
602 2349 746 2381 Lentulus,
763 2349 880 2376 flaminis
897 2350 979 2381 filius,

189 2381 294 2408 conscio
305 2387 388 2416 patre.
419 2384 511 2411 Postea
523 2385 552 2412 C.
564 2385 736 2420 Septimium,
751 2387 868 2413 scribam
878 2387 978 2419 Bibuli,

189 2418 334 2452 pugionem
345 2420 399 2446 sibi
410 2429 423 2447 a
435 2421 531 2448 Bibulo
542 2422 678 2449 attulisse:
691 2423 763 2458 quod
774 2428 859 2450 totum
870 2425 980 2451 irrisum

189 2459 242 2480 est:
262 2454 347 2483 Vettio
362 2459 508 2493 pugionem
523 2459 656 2489 defuisse,
677 2461 730 2486 nisi
743 2461 768 2486 ei
779 2461 873 2488 consul
888 2462 982 2488 dedis-

190 2495 243 2532 setf
260 2499 345 2526 coque
361 2495 446 2530 magis
463 2495 490 2522 id
506 2497 621 2522 eiectum
639 2501 693 2528 est,
710 2497 783 2532 quod
798 2507 822 2525 a.
840 2498 867 2525 d.
884 2507 922 2526 111.
940 2499 979 2526 ld.

191 2527 253 2568 Itfai.
267 2528 380 2569 bibulus
391 2532 549 2567 Pompeium
560 2533 659 2560 fecerat
667 2535 808 2561 certiorem
816 2556 822 2566 ,
835 2540 865 2562 ut
874 2540 982 2562 caveret

191 2563 316 2591 instdias:
339 2567 366 2592 in
381 2576 434 2602 quo
449 2570 473 2595 ei
485 2570 628 2605 Pompeius
641 2571 740 2606 gratias
751 2577 850 2608 egerat.
890 2575 915 2600 3,
937 2574 981 2600 Ιιι-

191 2600 331 2643 troductus
339 2602 419 2631 Curio
431 2605 511 2638 lilius,
525 2607 595 2634 dixit
604 2607 638 2634 ad
649 2616 692 2639 ea,
708 2617 777 2644 quae
788 2609 892 2636 Vettius
903 2610 981 2637 dixe-

191 2641 243 2663 rat:
261 2646 431 2675 maximeque
447 2643 474 2669 in
489 2652 520 2671 eo
533 2648 591 2671 tum
601 2645 714 2680 quidem
724 2646 828 2673 Vettius
839 2651 879 2674 est
889 2655 982 2683 repre-

841 119 876 146 u.
907 119 938 146 τ.
967 108 1242 147 cicenosi‘s

1037 190 1146 220 hensa».
1159 190 1230 225 quod
1243 190 1355 222 dixerat.
1368 191 1576 220 adolescentium
1588 193 1745 223 comitium.
1759 194 1826 221 utin

1037 227 1092 253 foro
1105 226 1186 269 [cum]
1199 227 1393 262 gladiatoribus
1405 229 1513 256 Gabinii
1523 231 1678 266 Pompeium
1691 230 1828 258 adoriren-

1037 270 1091 295 tur·,
1107 273 1132 290 in
1144 273 1175 290 eo
1189 265 1338 300 principem
1350 266 1472 293 Paullum
1485 266 1580 297 fuisse-3
1597 277 1678 303 quem
1689 268 1829 295 innatabat

1037 311 1067 327 eo
1079 306 1197 336 tempore
1209 302 1235 327 in
1248 302 1400 329 Macedonia
1413 303 1506 330 tuisne.
1547 305 1587 331 Fit
1598 310 1706 331 senatus
1719 304 1828 331 consut-

1038 343 1103 368 tum,
1118 344 1146 364 ut
1158 338 1269 369 Vettius,
1282 339 1574 374 quodconl'esausessct
1585 351 1613 368 se
1624 351 1686 368 cum
1698 342 1749 368 telo
1761 341 1829 368 fuis·

1038 384 1075 406 ue,
1091 376 1115 401 in
1130 375 1236 401 vincula
1247 377 1435 403 coniiceretur:
1451 378 1498 412 qui
1510 380 1725 409 eumeminisset.
1738 384 1828 405 contra

1038 412 1232 447 rempublicam
1244 422 1302 439 csso
1315 413 1456 440 facturum.
1489 415 1538 440 lies
1548 420 1602 442 crat
1614 416 1640 442 in
1652 424 1681 442 ea
1691 416 1826 450 opinione.

1039 455 1066 475 ut
1077 454 1200 484 putarent
1212 449 1237 476 id
1249 459 1307 476 esse
1321 455 1424 481 actum.
1443 456 1471 477 ut
1482 451 1584 478 Vettius
1600 453 1625 479 in
1638 452 1694 479 foro
1703 462 1765 479 cum
1778 461 1829 487 pu-

1015 516 1017 526 >
1037 487 1130 520 gione.
1147 487 1246 513 etitem
1258 488 1329 514 servi
1341 488 1399 514 eius
1410 489 1700 523 comprehenderentur
1713 498 1775 516 cum
1791 495 1829 516 te-

1039 523 1380 554 lis,deindeillesedicerct
1392 525 1586 557 indicaturum;
1601 526 1682 561 idque
1694 527 1728 553 ita
1739 532 1828 553 actum

1038 566 1116 592 esset.
1126 562 1314 588 nisiCuriones
1326 571 1379 588 rem
1391 562 1488 589 antead
1496 563 1652 597 Pompeium
1659 563 1827 590 detulissent.

1037 599 1106 624 'I'um
1127 604 1236 625 senatus
1256 599 1407 625 consultum
1430 600 1456 626 in
1477 601 1604 626 concione
1624 601 1762 627 recitatum
1777 605 1828 627 ent.

1038 636 1145 662 Postero
1156 641 1244 662 autem
1256 636 1299 662 die
1311 636 1416 667 Cacsar,
1430 638 1466 667 is.
1479 638 1526 672 qui
1537 637 1602 664 olim
1611 658 1617 667 ,
1631 643 1734 672 praetor
1743 646 1829 672 quum

1037 678 1120 703 essct,
1138 673 1170 705 Q.
1187 673 1311 700 Catulum
1333 683 1366 700 ex
1383 674 1506 701 inferiore
1523 674 1580 701 loco
1596 675 1709 701 iusserat
1729 674 1827 704 dicere.

1039 711 1154 737 Vettium
1168 711 1193 736 in
1205 716 1286 737 rostra
1298 711 1437 745 produxit,
1453 720 1570 746 eumque
1582 712 1609 738 in
1621 720 1652 738 eo
1664 711 1720 738 loco
1729 712 1830 738 consti-

1039 748 1097 777 tuit,
1110 756 1164 782 quo
1176 747 1270 774 Bibulo
1281 748 1385 774 consuli
1397 749 1514 783 aspirare
1526 757 1577 775 non
1591 748 1690 775 liceret.
1726 749 1773 775 llic
1785 748 1830 775 ille

1037 785 1212 819 omnia,quae
1225 785 1317 815 voluit,
1332 785 1366 811 de
1378 786 1515 820 republica
1526 785 1608 816 dixit;
1622 786 1705 821 etqui
1716 785 1830 812 illuct·-

1037 827 1096 848 ctus
1104 823 1298 857 institutusque
1306 823 1432 852 venisset.
1441 823 1559 857 primum
1566 823 1726 858 Caepionem
1732 822 1830 849 deora-

1038 861 1108 886 tione
1119 868 1168 885 sua
1179 859 1302 889 sustulit,
1319 868 1400 894 quem
1418 861 1444 886 in
1459 865 1552 886 senatu
1568 861 1696 886 acerrime
1708 861 1830 887 nomina-

1038 902 1088 927 ταῖς
1103 901 1132 923 ut
1142 901 1290 931 appareret,
1299 901 1401 923 noctem
1412 902 1437 923 et
1448 903 1604 923 nocturnam
1615 897 1830 932 deprecationem

1039 935 1234 965 intercessisse;
1257 933 1369 963 deinde.
1386 942 1454 968 quos
1470 935 1496 960 in
1512 940 1606 960 senatu
1623 943 1655 960 ne
1671 935 1829 961 tenuissim-

1037 971 1148 1006 quidem
1163 971 1317 1005 suspicione
1333 971 1466 1006 attigerat,
1484 980 1529 998 eos
1549 972 1710 998 nominavit:
1731 971 1831 998 Lucul—

1039 1009 1107 1040 lum,
1124 1017 1138 1034 a
1152 1017 1206 1043 quo
1220 1008 1330 1034 solitum
1346 1017 1404 1034 esse
1418 1008 1451 1034 ad
1462 1017 1491 1034 se
1506 1009 1575 1035 mitti
1586 1009 1616 1035 C.
1632 1009 1778 1039 Fannium.
1796 1008 1830 1035 il-

1038 1045 1108 1077 lum,
1126 1046 1173 1080 qui
1189 1046 1216 1071 in
1229 1045 1256 1071 Ρ.
1269 1045 1392 1072 Clodium
1403 1046 1614 1080 subscripserim
1631 1046 1660 1072 L.
1672 1046 1828 1077 Domitium,

1036 1084 1114 1109 cuius
1125 1083 1235 1109 domum
1246 1083 1416 1109 constitutam
1429 1082 1526 1113 fuisse,
1541 1083 1612 1109 unde
1624 1084 1729 1118 emptio
1741 1083 1828 1110 fieret:

1037 1129 1078 1146 me
1095 1129 1146 1146 non
1163 1120 1324 1150 nominavit,
1342 1120 1389 1146 sed
1405 1119 1487 1151 dixit,
1504 1119 1672 1146 consularem
1687 1119 1828 1151 disertum,

1036 1158 1157 1183 vicinum
1167 1156 1296 1187 consulis.
1308 1157 1362 1183 sibi
1373 1157 1484 1187 dixisse.
1497 1157 1609 1183 Ahalam
1622 1157 1769 1183 Servilium
1780 1157 1831 1184 ali-

1035 1203 1116 1229 quem
1127 1195 1289 1221 autBrutum
1299 1202 1368 1228 opus
1378 1202 1437 1220 esse
1448 1195 1570 1228 reperiri.
1587 1194 1736 1220 Addiditad
1742 1199 1830 1221 extre-

1036 1241 1120 1262 mum.
1128 1240 1223 1267 quum.
1232 1232 1285 1257 iam
1295 1231 1408 1258 dimissa
1415 1232 1550 1261 concione.
1559 1231 1831 1259 revocatusaVatinio

1036 1268 1145 1300 fuisset,
1162 1277 1191 1295 se
1207 1268 1316 1295 audisse
1331 1277 1346 1294 a
1356 1268 1485 1299 Curione,
1502 1268 1545 1295 bis
1555 1268 1588 1294 de
1600 1268 1680 1295 rebus
1690 1269 1831 1296 conscium

1035 1314 1094 1333 esse
1105 1307 1238 1337 Pisonem,
1251 1314 1381 1342 generum
1393 1314 1493 1336 meum,
1507 1310 1533 1332 et
1543 1306 1579 1332 Μ.
1592 1306 1772 1332 Laterensem.
1802 1307 1828 1333 4.

1035 1344 1112 1370 Nunc
1127 1352 1190 1370 reus
1204 1348 1261 1370 erat
1275 1343 1347 1378 apud
1357 1343 1483 1370 Crassum
1494 1343 1609 1369 Divitem
1622 1343 1724 1370 Vettius
1738 1342 1772 1369 de
1786 1343 1828 1370 vi:

1035 1386 1073 1412 et,
1086 1385 1250 1416 quumesset
1259 1380 1410 1411 damnatus,
1419 1385 1475 1407 erat
1485 1380 1617 1407 indicium
1629 1379 1828 1415 postulaturus:

1035 1418 1107 1454 quod
1118 1419 1142 1445 si
1154 1419 1334 1453 impetrasset,
1346 1417 1447 1444 iudicia
1459 1417 1514 1444 fore
1524 1417 1696 1444 videbantur.
1721 1417 1759 1444 Ea
1770 1425 1828 1448 nos,

1035 1460 1126 1490 utpote
1136 1457 1184 1491 qui
1197 1455 1266 1482 nihil
1277 1460 1446 1482 contemnere
1457 1455 1585 1485 solemus,
1594 1463 1646 1481 non
1656 1455 1831 1489 pertimesce-

1035 1493 1142 1521 bamus.
1183 1493 1328 1519 Hominum
1343 1492 1454 1528 quidem
1474 1500 1580 1519 summa
1600 1500 1663 1528 erga
1677 1500 1724 1518 nos
1739 1491 1829 1519 studia

1035 1529 1270 1566 significabantur;
1291 1529 1339 1556 sed
1359 1538 1470 1564 prorsus
1490 1530 1561 1556 vitae
1581 1529 1682 1556 taedet:
1709 1529 1744 1556 ita
1766 1533 1830 1556 sunt

1034 1568 1124 1594 omnia
1139 1568 1262 1594 omnium
1282 1567 1452 1593 miseriarum
1468 1566 1636 1602 plenissima.
1676 1566 1754 1593 Modo
1768 1573 1830 1592 cae-

1034 1604 1096 1631 dem
1108 1605 1294 1635 timueramus,
1303 1613 1384 1639 quam
1396 1604 1479 1630 oratio
1490 1603 1631 1630 fortissimi
1641 1603 1830 1636 senisQ.Con-

1034 1642 1099 1668 sidii
1109 1641 1286 1674 discusserim
1305 1649 1348 1672 ea,
1366 1649 1448 1676 quam
1463 1640 1584 1676 quotidie
1600 1641 1694 1667 timere
1705 1644 1829 1675 potuera-

1035 1688 1108 1710 mus,
1127 1679 1217 1706 subito
1231 1683 1322 1705 exorta
1337 1682 1387 1705 est.
1426 1677 1498 1710 Quid
1511 1676 1637 1712 quaeris?
1652 1677 1719 1704 nihil
1732 1685 1774 1703 me
1786 1678 1830 1704 in-

1035 1716 1204 1746 fortunatius.
1218 1715 1256 1742 nil
1269 1715 1429 1742 fortunatius
1439 1719 1480 1741 est
1489 1714 1592 1745 Catulo,
1604 1723 1690 1749 quum
1701 1713 1830 1749 splendo-

1034 1762 1061 1780 re
1073 1754 1153 1784 vitae,
1165 1758 1222 1779 tum
1234 1752 1284 1779 hoc
1295 1757 1422 1787 tempore.
1453 1753 1507 1778 Nos
1517 1757 1606 1778 tamen
1617 1753 1644 1778 in
1656 1751 1699 1777 his
1710 1752 1829 1778 miseriis

1033 1795 1120 1817 erecto
1131 1791 1221 1817 animo
1231 1795 1258 1816 et
1267 1790 1379 1816 minime
1390 1789 1544 1824 perturbato
1554 1797 1660 1819 sumus.
1670 1788 1830 1815 honestissi-

1035 1836 1131 1862 meque
1142 1827 1301 1863 dignitatem
1313 1831 1431 1853 nostram
1442 1831 1467 1853 et
1477 1835 1573 1862 magna
1584 1834 1648 1852 cura
1659 1831 1777 1852 tuemur.
1800 1827 1826 1852 5.

1034 1865 1178 1899 Pompeius
1193 1864 1226 1890 de
1236 1863 1329 1891 Clodio
1345 1864 1420 1890 iubet
1430 1872 1478 1890 nos
1491 1872 1551 1890 esse
1561 1864 1620 1889 sine
1630 1871 1704 1893 cura,
1717 1867 1742 1889 et
1752 1871 1829 1889 sum-

1033 1910 1105 1928 mam
1121 1902 1148 1928 in
1164 1910 1213 1928 nos
1228 1901 1444 1928 benevolentiam
1460 1901 1534 1927 omni
1548 1901 1666 1927 oratione
1682 1899 1826 1936 significat.

1033 1939 1069 1965 Te
1084 1939 1182 1965 habere
1197 1939 1373 1965 consiliorum
1387 1943 1536 1969 auctorem,
1553 1937 1769 1964 sollicitudinum
1784 1944 1829 1963 so-

1032 1977 1115 2007 cium,
1123 1976 1197 2002 omni
1208 1977 1236 2002 in
1247 1976 1406 2011 cogitatione
1417 1976 1600 2006 coniunctum,
1614 1975 1704 2009 cupio.
1728 1973 1826 2006 Quare.

1033 2018 1062 2040 ut
1073 2014 1213 2040 Numestio
1223 2013 1360 2044 mandavi,
1369 2017 1456 2039 tecum
1468 2017 1498 2039 ut
1507 2013 1686 2048 ageretdtem,
1694 2015 1774 2046 atque
1784 2019 1826 2041 eo,

1033 2051 1057 2077 si
1067 2055 1162 2085 potest,
1175 2051 1273 2080 acrius.
1287 2055 1312 2077 te
1322 2058 1396 2086 rogo,
1404 2055 1433 2076 ut
1443 2049 1522 2085 plane
1533 2049 1567 2076 ad
1578 2057 1626 2076 nos
1637 2047 1757 2075 advoles.
1776 2047 1828 2074 Re-

1032 2089 1145 2123 spiraro,
1161 2088 1186 2114 si
1196 2092 1221 2114 te
1232 2087 1335 2114 videro.

1085 2157 1161 2178 ΧΧῩ.
1184 2159 1272 2182 (Rom-e,
1282 2157 1371 2179 camare,
1380 2158 1451 2176 Bibulo
1461 2164 1506 2175 eon.
1517 2158 1572 2179 ⁶95.)

1216 2200 1384 2228 CICERO
1412 2199 1579 2227 ATTICO
1608 2199 1637 2226 S.

1091 2241 1114 2265 t.
1136 2233 1234 2270 Quum
1249 2238 1368 2273 aliquem
1384 2238 1456 2273 apud
1471 2242 1496 2264 te
1510 2237 1619 2264 laudaro
1629 2241 1736 2263 tuorum
1746 2234 1826 2262 fami-

1033 2276 1151 2307 liarium,
1165 2275 1253 2302 volam
1265 2275 1343 2302 illum
1353 2276 1422 2301 scire
1433 2284 1466 2301 ex
1477 2280 1510 2305 te,
1518 2282 1561 2300 me
1571 2274 1599 2300 id
1611 2273 1720 2305 fecisse;
1733 2277 1763 2299 ut
1773 2281 1827 2299 nu-

1032 2322 1080 2348 per
1095 2321 1138 2339 me
1153 2314 1207 2339 scis
1221 2313 1365 2347 scripsisse
1379 2312 1414 2339 ad
1425 2317 1450 2338 te
1460 2311 1494 2338 de
1504 2311 1629 2338 Varronis
1639 2318 1701 2345 erga
1713 2317 1755 2336 me
1765 2309 1826 2336 offi-

1031 2351 1082 2381 cio,
1091 2355 1116 2377 te
1126 2350 1160 2376 ad
1171 2359 1214 2376 me
1225 2350 1406 2384 rescripsisse,
1414 2358 1473 2375 eam
1487 2357 1543 2375 rem
1554 2355 1675 2374 summae
1686 2346 1736 2373 tibi
1747 2346 1826 2373 volu-

1032 2388 1098 2422 ptati
1117 2396 1186 2414 esse.
1226 2387 1280 2414 Sed
1295 2395 1344 2422 ego
1359 2386 1481 2417 mallem,
1502 2385 1535 2411 ad
1550 2385 1639 2419 ipsum
1655 2384 1823 2418 scripsisses,

1032 2425 1100 2451 mihi
1112 2424 1190 2451 illum
1201 2424 1363 2455 satisfacere,
1371 2432 1424 2450 non
1434 2431 1488 2458 quo
1499 2421 1604 2451 faceret,
1617 2420 1665 2447 sed
1676 2425 1706 2447 ut
1716 2420 1823 2447 faceret.

1032 2462 1191 2489 Mirabiliter
1205 2462 1278 2488 enim
1293 2466 1411 2488 moratus
1425 2464 1478 2491 est,
1495 2459 1566 2485 sicut
1581 2458 1664 2489 nosti,
1681 2458 1766 2484 ἑλικτὰ
1779 2457 1825 2484 καὶ

1033 2499 1115 2527 οὐδέν.
1153 2500 1208 2525 Nos
1219 2504 1341 2526 tenemus
1351 2501 1525 2533 praeceptum
1536 2495 1618 2526 illud,
1635 2495 1681 2525 τὰς
1695 2497 1747 2521 τῶν
1760 2505 1823 2530 xpa-

1034 2536 1153 2563 τούντων.
1191 2536 1225 2562 At
1236 2535 1345 2562 hercule
1355 2534 1433 2565 alter,
1446 2539 1509 2560 tuus
1520 2532 1661 2559 familiaris
1669 2553 1675 2563 ,
1688 2531 1821 2563 Hortalus,

1031 2582 1113 2608 quam
1124 2573 1203 2608 plena
1214 2581 1310 2603 manu,
1331 2579 1414 2607 quam
1428 2572 1559 2606 ingenue,
1576 2577 1658 2604 quam
1673 2574 1764 2595 ornate
1775 2576 1824 2595 no-

1031 2615 1100 2637 stras
1111 2610 1204 2636 laudes
1215 2611 1243 2636 in
1253 2614 1322 2637 astra
1332 2607 1451 2639 sustulit,
1464 2615 1550 2642 quum
1561 2606 1594 2632 de
1600 2606 1689 2633 Flacci
1699 2610 1824 2641 praetura

1031 2652 1058 2674 et
1071 2647 1104 2674 de
1124 2647 1171 2674 illo
1189 2652 1307 2683 tempore
1320 2645 1497 2681 Allobrogum
1515 2643 1629 2670 diceret!
1651 2643 1696 2670 Sic
1715 2642 1820 2674 habeto,
