1941 3052
229 146 281 171 DE
313 144 498 172 FINIBUS
528 144 745 171 BONORUM
775 144 827 170 ET
856 143 1078 170 MALORUM
1106 143 1187 170 LIB.

70 226 132 243 vero
144 215 212 242 illud
223 216 319 250 probo,
336 215 421 250 quod,
438 224 523 250 quum
535 215 679 246 docuistis,
693 220 723 241 ut
734 215 811 241 vobis
823 215 865 240 vi-

70 254 184 284 demini,
202 253 289 279 solum
303 253 403 278 bonum
417 261 489 283 esse,
504 252 576 287 quod
588 253 731 279 honestum
741 253 788 283 sit,
807 257 864 278 tum

70 300 177 317 rursum
189 290 293 321 dicitis,
311 290 387 316 initia
399 291 511 324 proponi
524 298 632 316 necesse
643 298 702 316 esse
714 295 773 324 apta
785 294 811 316 et
821 298 866 315 ac-

69 328 235 355 commodata
248 332 365 359 naturae,
379 336 495 362 quorum
508 336 541 353 ex
552 327 695 353 selectione
707 328 792 353 virtus
804 336 867 361 pos-

69 366 105 392 sit
115 366 255 392 exsistere.
296 366 353 391 Non
369 365 441 390 enim
454 365 480 390 in
491 365 635 391 selectione
647 365 732 390 virtus
743 364 866 399 ponenda

69 408 134 434 erat,
148 407 176 429 ut
188 403 214 428 id
226 404 331 437 ipsum,
344 402 418 437 quod
429 407 484 428 erat
496 402 626 428 bonorum
638 402 779 432 ultimum,
792 401 867 427 aliud

70 440 174 475 aliquid
186 440 344 474 acquireret.
371 440 438 465 Nam
450 440 548 470 onmia,
562 448 631 474 quae
641 439 772 465 sumenda
784 447 868 473 quae-

70 486 123 513 que
136 477 247 513 legenda
259 482 304 503 aut
314 476 429 511 optanda
445 482 521 507 sunt,
540 477 627 502 inesse
643 476 742 502 debent
753 477 780 502 in
792 485 868 502 sum-

70 523 113 542 ma
125 515 266 545 bonorum,
276 519 305 540 ut
316 515 348 545 is,
362 515 409 549 qui
421 522 480 540 eam
491 514 604 548 adeptus
616 515 660 545 sit,
669 514 737 539 nihil
750 518 869 548 praeter-

70 561 100 579 ea
112 552 256 578 desideret.
296 551 426 582 Videsne,
440 556 482 582 ut,
500 552 602 586 quibus
614 560 719 577 summa
731 551 808 577 estin
821 559 869 576 vo-

70 589 185 624 luptate,
208 590 383 624 perspicuum
401 590 448 619 sit,
471 589 537 623 quid
555 589 588 614 iis
606 588 758 615 faciendum
774 589 809 614 sit
824 592 869 614 aut

71 636 123 654 non
136 626 309 653 faciendum?
320 631 349 652 ut
361 635 439 652 nemo
450 626 564 656 dubitet,
578 635 669 652 eorum
681 626 769 652 onmia
780 625 868 651 officia

71 673 125 699 quo
140 669 273 699 spectare,
291 663 359 699 quid
371 664 462 698 sequi,
481 663 548 698 quid
561 663 653 699 fugere
665 663 789 689 debeant.
830 662 870 688 Sit

71 702 121 728 hoc
138 702 264 728 ultimum
280 701 425 727 bonorum.
444 701 515 735 quod
533 709 603 727 nunc
620 709 634 726 a
649 709 691 726 me
703 699 867 726 detenditur.

71 739 189 774 Apparet
198 739 297 769 statim,
310 747 379 773 quae
391 740 444 764 sint
454 738 552 768 officia,
568 746 636 772 quae
649 738 776 764 actiones.
817 737 869 762 Vo—

72 777 115 802 bis
127 781 224 807 autem,
238 776 339 810 quibus
352 775 419 801 nihil
432 780 471 801 est
483 775 556 801 aliud
569 776 749 809 propositum,
764 775 816 800 nisi
828 782 870 799 re-

71 819 144 840 ctum
157 818 236 848 atque
248 814 400 843 honestum,
414 812 486 838 unde.
497 812 588 841 officii,
603 812 673 838 unde
685 812 781 847 agendi
794 812 870 846 prin-

71 852 175 886 cipium
188 855 320 881 nascatur,
334 858 386 876 non
399 850 547 884 reperietis.
570 850 611 875 47.
627 850 680 875 Hoc
693 850 776 884 igitur
786 857 870 883 quae-

72 893 160 915 rentes
171 896 277 918 omnes,
291 892 316 913 et
328 888 360 917 ii,
376 887 438 921 qui,
451 887 642 921 quodcumque
655 887 681 912 in
694 891 811 912 mentem
823 894 871 912 ve-

72 927 135 955 niat,
150 930 195 952 aut
205 925 396 959 quodcumque
408 929 537 955 occurrat,
546 933 574 950 se
585 924 772 959 sequidicent:
787 928 812 950 et
824 932 870 949 vos

72 963 105 989 ad
117 967 239 988 naturam
249 962 427 988 revertimini.
466 961 572 993 Quibus
584 966 677 988 natura
690 962 747 987 iure
759 970 871 995 respon-

71 1000 149 1031 derit,
165 1008 217 1026 non
229 1008 287 1025 esse
300 1008 403 1030 verum,
420 999 529 1025 aliunde
542 999 621 1025 finem
634 999 710 1025 beate
721 998 842 1028 vivendi,
857 1007 869 1023 a

72 1046 100 1064 se
112 1037 245 1072 principia
256 1037 295 1063 rei
306 1037 439 1072 gerendae
451 1038 519 1071 peti:
539 1045 598 1063 esse
613 1037 685 1062 enim
697 1045 778 1062 unam
791 1036 871 1062 ratio-

71 1083 147 1106 nem,
165 1083 218 1109 qua
234 1079 260 1101 et
275 1075 408 1109 principia
424 1083 514 1100 rerum
533 1074 712 1110 agendarum,
735 1079 760 1100 et
776 1073 870 1099 ultima

71 1112 204 1138 bonorum
214 1113 428 1138 continerentur:
446 1117 539 1146 atque,
557 1116 587 1138 ut
597 1111 730 1137 Aristonis
742 1116 812 1137 esset
823 1119 871 1137 ex-

71 1149 147 1185 plosa
159 1151 303 1179 sententia,
322 1149 450 1180 dicentis,
469 1149 538 1175 nihil
554 1149 661 1175 dit'l'erre
673 1149 747 1175 aliud
762 1148 795 1174 ab
807 1148 868 1179 alio,

72 1195 121 1214 nec
132 1195 191 1213 esse
203 1195 244 1213 res
256 1186 326 1213 ullas
338 1191 442 1221 praeter
453 1188 566 1213 virtutes
582 1191 608 1212 et
622 1187 700 1217 vitia,
719 1187 788 1212 inter
803 1194 871 1220 quas

71 1224 222 1259 quidquam
234 1225 344 1251 omniuo
355 1225 505 1255 interesset,
519 1224 559 1250 sic
569 1232 656 1250 errare
667 1225 809 1254 Zenonem,
823 1224 871 1258 qui

72 1262 146 1288 nulla
159 1262 186 1288 in
198 1270 238 1292 re,
253 1262 306 1287 nisi
318 1263 345 1288 in
357 1262 469 1292 virtute,
485 1260 540 1297 [aut
552 1260 638 1297 vitio,]
653 1262 869 1296 propensionem,

72 1307 105 1326 ue
118 1299 225 1325 minimi
236 1299 346 1334 quidem
359 1300 497 1330 momenti,
507 1298 539 1325 ad
550 1307 688 1325 summum
701 1299 801 1325 bonum
813 1298 873 1325 adi-

72 1336 234 1372 piscendum
250 1345 309 1362 esse
324 1336 438 1363 diceret:
461 1341 499 1367 et,
517 1345 602 1371 quum
619 1336 652 1362 ad
667 1336 772 1363 beatam
789 1337 871 1362 vitam

73 1374 179 1400 nullum
196 1378 362 1400 momentum
378 1383 407 1400 ea
424 1382 466 1400 res
483 1374 606 1404 haberet,
629 1373 662 1400 ad
679 1374 872 1408 appetitionem

73 1416 162 1438 autem
174 1419 340 1442 rerum,esse
353 1412 380 1437 in
392 1411 435 1437 his
448 1416 581 1437 momenta
593 1411 705 1438 diceret:
719 1412 797 1446 quasi
811 1420 873 1437 vcro

73 1449 139 1475 haec
155 1449 284 1484 appetitio
300 1457 353 1475 non
369 1448 402 1474 ad
418 1449 519 1475 summi
531 1449 595 1475 boni
607 1449 777 1483 adeptionem
790 1449 873 1484 perti-

73 1486 160 1512 neret!
202 1487 243 1512 48.
265 1485 338 1518 Quid
359 1491 447 1512 autem
469 1487 560 1512 minus
586 1491 796 1513 consentaneum
821 1491 870 1517 est,

73 1532 164 1558 quam,
178 1523 251 1558 quod
263 1524 347 1555 aiunt,
361 1524 468 1559 cognito
479 1532 586 1550 summo
598 1524 676 1555 bono,
690 1525 787 1550 reverti
799 1532 827 1550 sc
840 1523 873 1550 ad

73 1565 211 1592 naturam,
229 1565 259 1587 ut
273 1561 307 1587 ab
322 1569 352 1587 ea
368 1565 459 1595 petant
475 1561 572 1596 agendi
588 1561 767 1596 principium,
789 1561 816 1587 id
834 1566 874 1587 est

73 1597 174 1625 officii?
189 1599 247 1625 Non
263 1599 336 1624 enirn
351 1599 464 1624 actionis
479 1603 525 1625 aut
539 1598 622 1625 officii
636 1599 701 1625 ratio
713 1598 829 1633 impellit
840 1598 873 1625 ad

74 1644 118 1667 ea,
131 1644 201 1670 quae
212 1636 363 1662 secundum
374 1640 497 1662 naturam
509 1640 585 1667 sunt,
600 1636 764 1671 appetenda:
780 1636 828 1662 sed
840 1636 873 1663 ab

74 1672 117 1699 his
128 1678 154 1699 et
165 1674 293 1707 appetitio
304 1677 330 1700 et
339 1674 408 1700 actio
419 1678 614 1700 commovetur.

129 1710 223 1737 XVttl.
246 1711 324 1737 Nunc
334 1711 413 1737 venio
425 1710 456 1736 ad
469 1710 514 1737 illa
527 1715 571 1737 tua
584 1711 685 1741 brevia,
699 1719 768 1745 quae
779 1719 874 1737 conse-

74 1748 154 1774 ctaria
165 1756 224 1774 esse
236 1748 359 1779 dicebas,
378 1752 403 1774 et
414 1749 534 1782 primum
547 1748 628 1778 illud,
642 1757 696 1783 quo
708 1748 775 1774 nihil
788 1753 874 1782 potest

74 1793 133 1811 esse
149 1785 274 1812 brevius:
300 1786 403 1812 Bonum
415 1794 494 1812 omne
511 1785 659 1818 laudabile;
679 1785 813 1812 laudabile
826 1794 875 1811 au-

74 1827 126 1849 tem
142 1831 222 1849 omne
238 1823 394 1849 honestum:
415 1823 499 1858 igitur
513 1831 592 1849 omne
605 1823 706 1849 bonum
719 1823 872 1849 honestum.

74 1859 96 1886 Ο
107 1859 265 1894 plumbeum
278 1861 438 1896 pugionem!
451 1860 518 1892 Quis
529 1861 601 1887 enim
613 1861 662 1887 tibi
674 1860 742 1886 illud
755 1861 874 1895 primum

74 1897 254 1924 concesserit?
269 1906 323 1932 quo
338 1897 449 1932 quidem
461 1906 602 1929 concesso,
619 1898 688 1924 nihil
700 1906 768 1932 opus
780 1903 820 1924 est
832 1906 875 1923 sc-

75 1934 174 1960 cundo.
215 1934 244 1960 Si
264 1935 335 1961 enim
357 1943 435 1961 omne
452 1934 552 1961 bonum
570 1935 705 1961 laudabile
721 1940 773 1965 est,
795 1944 874 1961 omne

75 1972 218 1998 honestum
231 1976 280 1998 est.
322 1973 362 1998 49.
385 1971 452 2004 Quis
464 1971 513 1998 tibi
525 1980 588 2007 ergo
601 1972 673 1998 istud
685 1972 760 1998 dabit
771 1977 875 2007 praeter

75 2009 250 2045 Pyrrhonem,
265 2009 415 2035 Aristonem
426 2017 554 2035 eorumve
566 2009 689 2035 similes?
701 2018 770 2044 quos
782 2015 809 2036 tu
823 2018 874 2037 non

75 2045 184 2082 probas.
220 2046 386 2076 Aristoteles,
400 2045 573 2077 Xenocrates,
587 2051 638 2072 tota
650 2046 696 2072 illa
709 2046 810 2073 familia
823 2056 874 2074 uon

76 2083 164 2116 dabit;
181 2084 283 2118 quippe
295 2083 343 2118 qui
355 2082 553 2114 valetudinem,
573 2084 657 2114 vires,
675 2083 798 2114 divitias,
817 2084 876 2119 glo-

77 2122 158 2152 riam,
175 2121 259 2147 multa
275 2120 327 2147 alia
339 2120 407 2147 bona
419 2128 477 2146 esse
489 2120 593 2151 dicant,
611 2120 756 2147 laudabilia
769 2130 821 2148 uon
833 2121 876 2148 di-

76 2163 146 2185 cant.
187 2158 219 2185 Et
231 2158 259 2184 bi
274 2158 386 2193 quidem
403 2158 437 2184 ita
452 2166 503 2184 non
518 2158 574 2184 sola
589 2159 686 2184 virtute
699 2158 779 2184 tinem
793 2159 876 2185 bono-

77 2204 136 2222 rum
148 2196 279 2222 contineri
291 2200 398 2230 putant,
417 2200 446 2221 ut
457 2195 539 2221 rebus
551 2200 638 2222 tamen
649 2196 777 2222 omnibus
790 2196 876 2222 virtu-

77 2238 130 2260 tem
142 2238 312 2268 anteponant.
343 2232 415 2265 Quid
426 2240 520 2258 censes
531 2240 576 2259 eos
589 2232 714 2263 facturos,
728 2234 775 2268 qui
787 2234 876 2260 omni-

77 2279 111 2297 no
123 2271 249 2297 virtutem
261 2279 274 2296 a
286 2270 415 2296 bonorum
428 2270 705 2305 linesegregaverunt.
715 2271 873 2305 Epicurum,

76 2308 284 2343 Hieronymum,
304 2307 364 2334 illos
381 2308 475 2338 etiam,
493 2307 516 2333 si
531 2308 578 2341 qui
593 2307 777 2334 Carneadeum
794 2308 874 2334 tinem

78 2345 147 2371 tueri
162 2345 273 2372 volunt‘?
314 2346 356 2371 50.
376 2345 430 2371 Iam
450 2349 496 2370 aut
511 2344 666 2379 Calliphon,
683 2350 729 2371 aut
744 2345 874 2371 Diodorus

77 2382 212 2417 quomodo
225 2387 349 2417 poterunt
360 2382 409 2408 tibi
422 2381 494 2408 istud
506 2381 665 2413 concedere,
683 2383 731 2417 qui
747 2382 779 2408 ad
793 2383 875 2409 hone-

77 2424 173 2446 statem
190 2419 264 2446 aliud
280 2420 442 2453 adiungunt,
462 2419 535 2453 quod
552 2427 584 2445 ex
600 2419 693 2445 eodem
709 2428 807 2454 genere
822 2429 874 2446 non

77 2455 130 2483 sit‘?
149 2456 239 2484 Placet
249 2458 333 2493 igitur
344 2457 406 2487 tibi,
420 2457 496 2487 Cato,
510 2464 595 2491 quum
608 2465 650 2482 res
661 2457 811 2491 sumpseris
823 2466 874 2483 uon

77 2502 231 2525 concessas,
244 2503 277 2521 ex
289 2494 343 2521 illis
355 2494 474 2525 efficere,
492 2493 564 2528 quod
579 2493 664 2524 velis?
684 2494 737 2519 Iam
750 2493 795 2520 ille
806 2495 875 2520 sori-

78 2535 131 2562 tes,
153 2540 207 2566 quo
227 2531 296 2558 nihil
318 2533 418 2566 putatis
438 2540 498 2557 esse
514 2531 653 2561 vitiosius,
675 2531 752 2563 Quod
774 2531 874 2557 boumn

78 2568 122 2600 sit,
136 2568 164 2594 id
174 2577 233 2595 esse
244 2569 375 2604 optabile:
393 2568 466 2604 quod
482 2568 613 2603 optabile,
634 2567 659 2594 id
676 2577 735 2593 esse
746 2573 875 2602 expeten—

77 2605 158 2632 dum:
180 2606 252 2641 quod
272 2607 467 2641 expetendum,
492 2605 640 2632 laudabile:
663 2605 760 2631 deindo
777 2605 874 2641 reliqui

77 2642 188 2678 gradus.
228 2643 280 2670 Sed
293 2652 343 2680 ego
355 2644 382 2670 in
395 2644 444 2669 hoc
456 2644 559 2669 resisto.
600 2642 700 2669 Eodem
711 2643 783 2669 enim
796 2643 875 2669 modo

78 2679 128 2707 tibi
141 2688 218 2707 nemo
229 2680 317 2713 dabit.
329 2680 402 2717 quod
413 2680 595 2716 expetendum
607 2680 655 2711 sit,
672 2680 699 2707 id
710 2689 770 2707 esse
783 2680 875 2707 lauda-

1219 144 1267 171 [V.
1294 143 1387 170 CAP.
1414 145 1544 170 ¹5—20.
1648 146 1708 170 10:31

916 213 980 240 bile.
1020 214 1091 240 Illud
1103 223 1165 240 vero
1177 215 1289 240 minime
1300 214 1504 243 consectarium,
1518 213 1565 240 sed
1578 215 1603 240 in
1617 215 1712 248 primis

917 251 999 277 hebes
1011 251 1128 282 illorum,
1141 251 1298 287 gloriatione
1310 252 1420 287 dignam
1431 260 1490 277 esse
1502 251 1606 277 beatam
1618 252 1710 278 vitam,

917 288 989 323 quod
1006 297 1057 315 non
1076 290 1162 324 possit
1182 290 1240 315 sine
1262 289 1398 315 honestate
1417 289 1584 324 contingere,
1607 294 1636 314 ut
1656 290 1713 314 iure

917 327 1063 361 quisquam
1079 326 1217 361 glorietur.
1253 328 1299 353 ⁴5⁴.
1322 326 1399 352 Dabit
1416 326 1465 352 hoc
1479 327 1577 352 Zenoni
1591 325 1712 352 Polemo:

918 364 998 389 etiam
1014 364 1142 399 magister
1157 364 1229 394 eius,
1248 369 1273 389 et
1289 368 1340 389 tota
1355 363 1400 389 illa
1412 372 1478 398 gens
1490 368 1515 389 et
1526 363 1637 398 reliqui,
1655 364 1713 398 qui,

919 401 1044 426 virtutem
1061 401 1188 427 omnibus
1204 401 1285 426 rebus
1300 400 1384 427 multo
1395 405 1599 434 anteponentes,
1617 400 1713 426 adiun—

918 443 986 472 gunt
1000 439 1024 463 ei
1040 443 1128 464 tamen
1145 438 1249 472 aliquid
1264 447 1370 463 summo
1386 439 1414 464 in
1430 438 1498 463 bono
1519 437 1645 464 liniendo.
1687 438 1716 463 Si

919 476 991 501 enim
1003 476 1089 501 virtus
1104 475 1185 510 digna
1201 480 1241 501 est
1256 475 1426 510 gloriatione,
1444 481 1472 501 ut
1488 480 1539 502 est.
1558 480 1716 509 tantumque

919 517 1035 547 praestat
1045 513 1140 539 ceteris
1153 513 1243 543 rebus,
1257 518 1285 539 ut
1296 513 1350 538 dici
1362 513 1409 538 vix
1420 513 1517 546 possit:
1532 517 1556 538 et
1568 513 1662 538 beatus
1673 520 1717 538 es-

920 558 948 575 se
960 550 1055 584 poterit
1067 550 1166 576 virtute
1178 559 1229 576 una
1243 550 1491 584 praeditus,carens
1505 550 1666 579 ceteris,nec
1678 554 1717 575 ta-

920 596 981 613 men
994 586 1061 612 illud
1075 587 1123 613 tibi
1136 587 1263 613 concedet
1274 593 1378 621 praeter
1391 588 1516 612 virtutem
1528 587 1596 612 nihil
1605 587 1716 613 inbonis

920 633 979 650 esse
991 624 1157 650 ducendum.
1186 624 1227 650 Illi
1240 630 1338 655 autem,
1352 624 1453 659 quibus
1465 633 1602 650 summum
1615 624 1716 650 bonum

920 663 978 687 sine
996 663 1094 687 virtute
1109 666 1162 692 est,
1181 670 1233 687 non
1248 662 1351 688 dabunt
1367 662 1491 691 sortasse,
1513 662 1595 687 vitam
1613 661 1716 687 beatam

921 699 1032 729 babere,
1051 700 1078 724 in
1094 708 1147 733 quo
1163 700 1221 725 iure
1237 700 1322 733 possit
1337 699 1460 734 gloriari:
1482 699 1533 724 etsi
1549 698 1589 724 illi
1605 698 1717 733 quidem

920 737 1000 762 etiam
1013 735 1165 770 voluptates
1178 736 1279 762 faciunt
1291 736 1426 762 interdum
1437 736 1577 771 gloriosas.

976 773 1050 799 XIX.
1065 775 1108 799 52.
1130 773 1211 799 Vides
1223 774 1306 809 igitur
1318 779 1341 800 te
1353 778 1438 799 autea
1453 782 1568 803 sumere,
1585 781 1654 807 quae
1667 782 1717 799 non

921 810 1113 841 concedantur,
1131 816 1176 837 aut
1190 820 1232 841 ea,
1250 819 1319 845 quae
1331 811 1410 836 etiam
1421 820 1546 836 concessa
1560 815 1583 836 te
1596 810 1663 835 nihil
1677 811 1719 835 iu-

921 852 994 874 vent.
1035 848 1167 882 Equidem
1185 848 1211 874 in
1227 848 1355 874 omnibus
1367 849 1426 873 istis
1437 847 1657 873 cont-lusionibus
1671 847 1719 872 boe

922 890 1044 920 putarem
1059 885 1231 920 philosophia
1247 885 1380 919 nobisque
1397 885 1525 919 dignum,
1549 890 1574 910 et
1592 885 1716 914 maxime,

921 931 1007 958 quum
1020 931 1158 948 summum
1170 923 1271 948 bonurn
1283 931 1484 957 quaereremus,
1498 923 1580 947 vitam
1592 927 1718 951 nostram,

921 960 1048 991 consilia,
1064 960 1229 990 voluntates,
1252 968 1304 986 non
1320 960 1401 986 verba
1417 960 1525 994 corrigi.
1565 959 1632 991 Quis
1648 959 1720 984 enim

922 1002 1008 1033 potest
1019 998 1086 1028 istis,
1099 1006 1168 1032 quae
1181 1002 1214 1028 te,
1227 1002 1257 1023 ut
1268 998 1316 1027 ais,
1330 997 1471 1027 delectant,
1481 997 1610 1022 brevibus
1622 1001 1647 1022 et
1657 1005 1721 1022 acu-

922 1036 956 1062 tis
968 1035 1067 1061 auditis
1083 1035 1117 1061 de
1127 1035 1259 1061 sententia
1270 1034 1417 1061 decedere?
1433 1035 1511 1064 Nam,
1527 1043 1611 1068 quum
1624 1042 1722 1068 exspe-

922 1072 1015 1100 etant*
1028 1077 1054 1099 et
1064 1077 1144 1098 avent
1155 1072 1262 1103 audire,
1280 1081 1329 1098 cur
1339 1072 1414 1098 dolor
1428 1071 1529 1097 malum
1546 1080 1597 1097 non
1614 1071 1661 1097 sit:
1680 1071 1722 1096 di—

922 1115 987 1136 cunt
1001 1109 1055 1141 illi⁷
1073 1119 1200 1144 asperum
1216 1118 1275 1136 esse
1291 1109 1393 1139 dolere,
1411 1109 1567 1139 molestum,
1586 1109 1719 1136 odiosum,

923 1152 1012 1174 contra
1025 1152 1161 1178 naturam,
1180 1146 1291 1173 difficile
1304 1147 1428 1173 toleratu:
1448 1146 1509 1176 sed,
1526 1147 1590 1181 quia
1603 1146 1676 1171 nulla
1688 1147 1723 1171 sit

923 1186 950 1211 in
963 1185 1053 1211 dolore
1065 1193 1113 1211 nec
1125 1184 1211 1215 fraus,
1230 1193 1278 1211 nee
1290 1185 1461 1219 improbitas,
1479 1192 1527 1210 nec
1540 1183 1655 1214 malitia,
1674 1192 1722 1209 nee

924 1222 1016 1257 culpa,
1040 1231 1088 1248 nec
1105 1222 1257 1257 turpitudo,
1273 1231 1325 1248 non
1341 1231 1399 1247 esse
1417 1221 1484 1247 illud
1502 1221 1613 1247 malum.
1655 1222 1723 1247 llaec

923 1261 971 1295 qui
983 1260 1112 1290 audierit,
1130 1265 1159 1286 ut
1170 1260 1257 1285 ridere
1272 1268 1324 1285 non
1339 1264 1425 1290 curet,
1444 1259 1565 1284 discedet
1582 1264 1668 1285 tamen
1681 1259 1723 1284 ni·-

924 1297 980 1324 hilo
993 1298 1094 1323 tirmior
1104 1297 1136 1323 ad
1148 1297 1267 1323 dolorem
1281 1296 1430 1326 ferendum,
1443 1305 1525 1331 quam
1539 1301 1656 1322 venerat.
1683 1296 1722 1321 Tu

924 1340 1013 1361 autem
1026 1343 1107 1370 negas
1120 1334 1214 1361 sortem
1225 1343 1284 1361 esse
1294 1343 1460 1369 quemquam
1478 1342 1569 1368 posse.
1588 1334 1636 1368 qui
1648 1332 1724 1359 dolo-

925 1382 980 1399 rem
993 1372 1094 1399 malum
1109 1377 1193 1407 putet.
1234 1374 1276 1399 53.
1299 1372 1352 1398 Cur
1365 1371 1456 1397 sortior
1467 1372 1509 1398 sit.
1523 1371 1546 1396 si
1561 1371 1636 1399 illud,
1650 1369 1723 1404 qnod

926 1416 979 1438 tute
994 1410 1134 1439 concedis,
1152 1418 1278 1444 asperum
1294 1414 1320 1436 et
1336 1411 1382 1435 vix
1394 1408 1533 1434 ferendum
1547 1408 1669 1442 putabit?
1684 1408 1724 1434 Ex

926 1449 1007 1475 rebus
1018 1449 1089 1474 enim
1102 1447 1242 1477 timiditas,
1260 1456 1310 1473 non
1326 1455 1359 1473 ex
1371 1446 1510 1472 vocabulis
1524 1446 1651 1471 nascitur.
1692 1445 1725 1471 Et

925 1488 974 1516 ais,
983 1487 1007 1512 si
1019 1494 1071 1512 una
1084 1485 1169 1511 littera
1181 1489 1312 1511 commota
1324 1485 1368 1514 sit,
1379 1483 1442 1514 sore,
1457 1489 1508 1509 tota
1521 1488 1549 1509 ut
1560 1482 1629 1509 labet
1640 1483 1725 1508 disci-

926 1524 1010 1559 plina.
1050 1523 1144 1549 Utrum
1157 1523 1240 1558 igitur
1251 1522 1300 1549 tibi
1313 1521 1427 1548 litteram
1440 1521 1540 1550 videor,
1555 1530 1586 1546 an
1600 1525 1665 1547 totas
1677 1528 1725 1554 pa-

925 1562 1003 1597 ginas
1014 1560 1202 1587 commovere?
1217 1560 1249 1586 Ut
1260 1560 1332 1585 enim
1344 1559 1379 1585 sit
1391 1558 1461 1593 apud
1476 1558 1549 1587 illos,
1564 1558 1590 1584 id
1602 1557 1673 1592 quod
1685 1563 1725 1584 est

926 1609 939 1625 a
952 1603 976 1625 te
989 1598 1136 1627 laudatum,
1149 1597 1214 1623 ordo
1225 1606 1314 1623 rerum
1326 1601 1510 1625 conservatas,
1519 1601 1543 1622 et
1555 1596 1644 1621 omnia
1657 1595 1725 1621 inter

926 1645 954 1662 sc
971 1640 1030 1671 apta
1047 1640 1072 1662 et
1083 1643 1212 1664 connexa,
1229 1635 1278 1669 (sic
1290 1636 1361 1661 enim
1374 1634 1485 1664 aiel›as,l
1499 1639 1585 1659 tamen
1599 1633 1725 1667 persequi

927 1683 979 1700 non
991 1673 1132 1702 debemus,
1146 1674 1169 1698 si
1181 1682 1194 1698 a
1208 1672 1282 1698 salsis
1295 1672 1437 1707 principiis
1450 1671 1725 1706 profectacongruunt

926 1711 937 1725 *
950 1712 1008 1746 ipsa
1024 1711 1077 1737 sibi
1090 1715 1115 1737 et
1125 1720 1138 1736 a
1150 1710 1285 1744 proposito
1297 1719 1348 1736 non
1361 1710 1493 1735 aberrant.
1535 1710 1575 1734 55.
1599 1709 1626 1734 ln
1639 1708 1725 1742 prima

927 1748 1369 1784 igiturconstitutioneZenotuusa
1382 1752 1474 1773 natura
1488 1747 1610 1772 recessit:
1625 1754 1726 1780 quum-

926 1795 979 1821 que
986 1794 1123 1812 sumnmm
1136 1785 1236 1811 bonum
1249 1786 1383 1819 posuisset
1399 1785 1425 1810 in
1438 1784 1539 1819 ingenii
1553 1783 1724 1817 praestantia,

926 1832 1009 1859 quam
1021 1824 1147 1849 virtutem
1161 1831 1299 1853 vocamus,
1316 1831 1363 1848 nec
1374 1821 1526 1856 quidquam
1538 1821 1611 1847 aliud
1625 1821 1726 1846 bonum

927 1870 986 1887 esse
996 1861 1120 1891 dixisset,
1135 1861 1188 1886 nisi
1200 1859 1271 1895 quod
1283 1864 1353 1886 esset
1364 1860 1521 1889 honestum,
1539 1867 1586 1884 uec
1600 1859 1726 1884 virtutem

927 1907 1005 1934 posse
1020 1903 1156 1929 constare,
1177 1898 1200 1923 si
1221 1898 1246 1923 in
1263 1898 1358 1923 ceteris
1375 1897 1455 1923 rebus
1471 1901 1542 1922 esset
1564 1895 1724 1930 quidquam,

926 1936 999 1971 quod
1011 1935 1085 1962 aliud
1097 1935 1149 1961 alio
1160 1935 1258 1961 melius
1269 1939 1339 1960 esset
1353 1939 1398 1961 aut
1409 1935 1500 1968 peius:
1517 1934 1558 1959 his
1571 1934 1724 1968 propositis,

927 1974 1012 2000 tenuit
1036 1982 1146 2008 prorsus
1167 1973 1369 2007 consequentia.
1412 1972 1489 1997 Recte
1513 1971 1595 1997 dieis:
1630 1979 1726 2006 negare

927 2011 999 2037 enim
1012 2019 1063 2037 non
1075 2019 1197 2045 possum.
1239 2010 1291 2036 Sed
1304 2011 1338 2036 ita
1352 2009 1416 2035 salsa
1428 2014 1490 2035 sunt
1501 2018 1540 2039 ea,
1553 2017 1621 2043 qnae
1633 2017 1728 2034 eonse-

926 2053 1062 2083 quuntur,
1080 2053 1109 2074 ut
1124 2047 1182 2078 illa,
1200 2056 1214 2073 e
1229 2047 1332 2082 quibus
1349 2047 1414 2073 haee
1426 2052 1485 2073 uata
1496 2051 1572 2076 suut,
1591 2054 1652 2071 vera
1668 2054 1727 2071 esse

928 2094 979 2112 non
992 2086 1105 2120 possint.
1143 2087 1185 2111 55.
1206 2086 1304 2111 Docent
1314 2085 1387 2110 enirn
1400 2094 1447 2110 nos
1458 2086 1495 2118 (ut
1508 2084 1571 2118 scis)
1581 2083 1725 2112 dialectici,

927 2123 949 2148 si
961 2131 1005 2152 ea,
1017 2131 1086 2157 quae
1099 2130 1154 2148 rem
1166 2122 1286 2157 aliquam
1297 2127 1458 2156 sequantur.
1473 2121 1539 2147 falsa
1550 2121 1616 2147 siut.
1633 2120 1725 2146 salsam

928 2159 1001 2185 illam
1018 2161 1103 2194 ipsam
1120 2168 1193 2189 esse,
1211 2168 1293 2193 quam
1309 2164 1466 2193 sequantur.
1511 2159 1545 2184 lta
1563 2158 1589 2183 tit
1607 2157 1650 2182 illa
1663 2166 1726 2182 eou—

926 2196 1013 2223 clusio
1027 2205 1078 2222 non
1090 2196 1178 2222 solum
1192 2205 1262 2226 vera,
1276 2196 1323 2221 sed
1336 2197 1370 2222 ita
1383 2196 1539 2230 perspicua,
1554 2200 1581 2221 ut
1592 2194 1725 2220 dialectici

928 2243 960 2260 ne
976 2234 1105 2260 rationem
1122 2233 1233 2268 quidem
1251 2233 1326 2259 reddi
1339 2237 1432 2267 putent
1443 2238 1577 2267 oportere:
1601 2232 1628 2257 Si
1646 2231 1724 2261 illud,

929 2271 990 2299 hoe;
1010 2279 1060 2297 non
1078 2275 1167 2296 autem
1188 2270 1250 2298 hoe:
1275 2271 1358 2305 igitur
1375 2278 1406 2295 ne
1424 2269 1491 2295 illud
1507 2269 1629 2304 quidem.
1669 2269 1723 2297 Sic,

927 2307 1158 2342 consequentibus
1183 2308 1280 2333 vestris
1305 2306 1433 2336 sublatis.
1470 2307 1555 2341 prium
1585 2305 1723 2332 tolluntur.

927 2347 1000 2377 Quae
1014 2349 1166 2379 sequuntur
1178 2345 1272 2378 igitur:
1295 2352 1402 2373 omnes,
1418 2345 1465 2378 qui
1481 2353 1532 2370 nou
1544 2348 1606 2369 stiut
1618 2343 1726 2377 sapien-

927 2388 975 2411 tes,
988 2391 1073 2417 aeque
1085 2382 1198 2408 miseros
1210 2390 1281 2408 esse:
1296 2381 1430 2415 sapientes
1441 2390 1534 2407 oiiuies
1545 2389 1650 2406 suumn·
1663 2380 1726 2405 hea-

928 2425 967 2446 tos
984 2428 1056 2449 esse:
1079 2424 1148 2445 reete
1166 2419 1231 2445 saeta
1247 2419 1336 2444 ‹uuniu
1354 2418 1490 2453 nequalia:
1513 2419 1601 2443 ‹uunin
1619 2422 1724 2451 peecata

928 2457 1014 2491 paria:
1037 2465 1106 2491 quae.
1123 2465 1209 2491 quum
1227 2457 1368 2491 tnagnitiee
1385 2456 1471 2490 primo
1487 2455 1540 2480 diei
1560 2455 1722 2485 viderentur,

926 2494 1092 2520 considerata
1105 2495 1195 2520 minus
1207 2494 1363 2528 probantur.
1396 2494 1496 2518 Sensus
1507 2493 1578 2518 enim
1591 2493 1724 2526 cuiusque

926 2537 951 2558 ct
963 2537 1055 2558 natura
1067 2539 1155 2557 rerum
1168 2536 1247 2566 utque
1260 2532 1316 2565 ipsa
1329 2531 1425 2556 ternus
1437 2530 1532 2556 elamat
1543 2529 1659 2564 quodam
1668 2538 1725 2554 mo-

926 2569 968 2596 do,
983 2577 1034 2594 non
1047 2577 1124 2603 posse
1136 2568 1243 2597 adduci.
1253 2573 1280 2594 ut
1293 2568 1361 2594 iuter
1371 2577 1415 2594 eas
1427 2576 1478 2597 res,
1491 2576 1559 2602 «pias
1566 2567 1634 2593 Zeno
1645 2575 1725 2593 exae-

926 2611 1028 2641 quaret,
1046 2605 1114 2632 nihil
1127 2606 1276 2633 interesset.

982 2643 1044 2670 XX.
1066 2644 1107 2669 56.
1128 2644 1220 2669 Postea
1232 2648 1294 2669 tuus
1308 2641 1352 2668 ille.
1364 2641 1507 2672 Poenulus,
1521 2642 1584 2676 (seis
1595 2641 1667 2667 enim
1679 2642 1724 2667 ‹ti-

927 2682 1002 2712 tii-os,
1015 2680 1127 2707 clientes
1140 2686 1208 2711 tuos,
1219 2689 1232 2706 e
1244 2680 1386 2706 Phoenicia
1398 2679 1539 2715 protectos)
1552 2679 1630 2705 homo
1643 2679 1724 2714 igitur
