1941 3052
243 132 293 158 DE
325 131 510 158 FINIBUS
539 130 757 158 BONORUM
786 130 838 156 ET

77 212 138 230 nem
148 207 312 237 sequuntur:
329 206 399 233 tum,
412 202 479 237 quid
491 211 584 228 verum
595 202 631 228 sit
640 202 668 227 in
679 201 810 237 singulis,
824 210 871 228 ex-

77 246 160 268 trema
174 239 312 266 conclusio
323 244 372 265 est.
412 240 436 265 9.
458 240 561 271 Quanta
573 244 661 266 autem
672 239 705 265 ab
717 239 772 265 illis
784 239 871 265 varie-

76 283 116 305 tas
130 281 350 313 argumentorum
366 277 466 303 ratione
484 276 703 303 concludentium
724 284 871 311 eorumque

76 323 139 341 cum
149 314 276 349 captiosis
288 314 543 349 interrogationibus
557 313 765 340 dissimilitudo!
783 313 872 345 Quid?

76 351 150 387 quod
164 351 290 386 pluribus
305 351 370 378 locis
385 352 464 386 quasi
478 351 649 382 denuntiant,
672 356 701 377 ut
712 359 798 385 neque
810 359 872 376 sen·
900 370 901 390 1

900 395 901 400 ’
923 388 995 422 quod
1007 389 1126 414 eontinet
1136 388 1350 422 philosophiam,
1364 388 1462 423 ecquid
1473 388 1580 414 tandem
1592 388 1719 419 attulerit,

900 434 902 452 3
923 425 1101 488 quamobrem
1112 430 1146 451 ab
1159 426 1358 456 inventoribus,
1378 430 1514 460 tamquam
1526 435 1539 452 a
1551 426 1719 461 parentibus,

944 468 1089 488 1ssentiret.

77 397 158 416 suum
174 389 255 415 fidem
270 390 328 415 sine
344 389 458 419 ratione,
477 397 525 414 nec
540 389 655 414 rationes
670 389 728 414 sine
744 388 871 414 sensibus

76 427 266 461 exquiramus,
285 431 365 461 atque
380 434 472 452 eorum
489 425 602 452 alterum
618 426 650 451 ab
667 425 748 452 altero
763 433 872 459 separe-

76 463 156 490 mus‘?
175 463 265 495 Quid?
279 472 323 494 ea,
341 472 409 498 quae
425 462 558 489 dialectici
575 472 646 489 nunc
662 462 769 489 tradunt
785 468 810 488 et
824 462 872 489 (10-

76 506 149 532 cent,
166 509 253 527 nonne
269 501 302 527 ab
314 500 368 527 illis
383 501 503 527 instituta
515 505 577 526 sunt
589 505 613 527 et
623 500 749 526 inventa?
763 501 798 526 De
810 500 873 534 qui—

77 538 129 564 bus
141 539 190 564 etsi
203 548 215 564 a
226 538 379 574 Chrysippo
391 539 508 564 maxime
519 543 559 564 est
570 538 744 568 elaboratum,
759 542 846 563 tamen
858 546 871 562 a

76 576 181 602 Zenone
193 576 282 601 minus
295 576 391 606 multo,
405 584 486 610 quam
498 575 531 601 ab
543 576 671 610 antiquis.

77 618 131 640 tem
146 613 279 648 quaedam
295 622 346 639 non
369 613 479 644 melius,
503 622 584 647 quam
601 618 717 639 veteres:
740 612 872 647 quaedam

76 652 186 677 omnino
199 651 299 677 relicta.

77 687 129 714 bus
139 688 255 722 perfecte
269 688 333 714 ratio
344 692 369 714 et
379 689 462 714 oratio
473 687 651 722 compleatur,
664 695 717 713 una
732 687 874 712 invenien-

77 725 115 755 di,
129 725 209 751 altera
220 725 385 751 disserendi:
402 725 470 751 hanc
481 726 655 759 posteriorem
666 724 778 750 etStoici
790 728 814 749 et
824 724 874 749 Pe-

78 763 224 797 ripatetici,
242 763 357 797 priorem
373 767 461 788 autem
474 762 515 788 illi
526 762 633 797 egregie
645 761 825 788 tradiderunt:
845 760 873 786 hi

77 801 187 826 omnino
203 808 236 826 ne
251 801 396 835 attigerunt
410 799 532 834 quidem.
573 800 639 824 Nam
651 807 664 824 e
679 798 780 833 quibus
796 798 870 828 locis,

78 838 156 872 quasi
169 838 316 868 thesauris,
331 841 486 872 argumenta
499 836 732 870 depromerentur,
747 835 828 861 vestri
840 843 872 861 ne

77 875 207 909 suspicati
223 874 334 909 quidem
349 879 424 904 sunt,
448 874 600 908 superiores
616 878 705 899 autem
721 873 833 899 artificio
849 877 873 898 et
894 867 896 899 ’ζ

80 913 122 939 via
134 912 309 938 tradiderunt.
349 912 422 942 Quae
433 911 544 945 quidem
556 920 598 936 res
608 910 702 940 efficit,
719 918 752 936 ne
764 918 873 936 necesse

77 949 125 980 sit,
143 949 241 975 iisdem
255 948 289 975 de
304 948 385 975 rebus
401 957 508 982 semper
523 948 600 983 quasi
612 947 709 974 dictata
720 947 870 977 decantare,

78 995 165 1021 neque
185 996 199 1013 a
219 985 445 1012 commentariolis
464 986 523 1012 suis
544 985 691 1011 discedere.
733 986 799 1010 Nam
825 985 873 1019 qui

77 1025 156 1054 sciet,
174 1024 222 1050 ubi
234 1023 355 1058 quidque
367 1023 484 1058 positum
496 1023 544 1054 sit,
561 1031 669 1057 quaque
679 1031 710 1049 eo
721 1023 824 1053 veniat,
839 1023 871 1053 is,

77 1062 157 1087 etiam
169 1062 191 1087 si
203 1061 269 1096 quid
280 1061 407 1088 obrutum
418 1061 475 1087 erit.
491 1061 586 1095 poterit
597 1068 698 1090 eruere,
713 1068 873 1094 semperque

77 1107 136 1125 esse
152 1099 179 1125 in
195 1098 358 1133 disputando
372 1107 448 1124 511115.
489 1097 566 1130 Quod
578 1098 628 1124 etsi
639 1097 757 1133 ingeniis
769 1097 874 1132 magnis

77 1135 191 1171 praediti
211 1136 323 1171 quidam
344 1135 452 1162 dicendi
469 1136 574 1170 copiam
589 1135 648 1161 sine
664 1135 765 1161 ratione
779 1143 874 1160 conse-

77 1178 210 1208 quuntur:
233 1183 276 1199 ars
297 1178 384 1200 tamen
404 1177 445 1199 est
459 1172 517 1199 dux
534 1173 642 1203 certior,
665 1180 746 1207 quani
768 1177 872 1198 natura.

77 1211 158 1238 Aliud
170 1216 210 1237 est
220 1211 292 1237 enim
301 1231 307 1239 .
320 1215 458 1245 poetarum
471 1218 543 1236 more
556 1209 636 1236 verba
649 1209 774 1240 sundere,
788 1209 871 1241 aliud,

77 1258 116 1279 ea,
130 1257 198 1283 quae
210 1248 293 1279 dicas,
308 1249 408 1274 ratione
420 1252 445 1273 et
456 1253 509 1274 arte
521 1247 699 1282 distinguere.

132 1286 162 1312 V.
188 1287 226 1311 ll.
249 1285 352 1311 Similia
369 1285 423 1311 dici
438 1284 593 1319 possuntde
605 1284 784 1319 explicatione
796 1289 874 1311 natu-

78 1332 130 1353 rae,
144 1332 196 1357 qua
209 1322 237 1349 hi
249 1327 360 1349 utuntur
371 1327 395 1348 et
408 1323 503 1348 vestri:
521 1331 607 1357 neque
620 1331 682 1348 1010
692 1322 726 1348 ob
738 1322 805 1348 duas
818 1331 875 1348 mo-

77 1361 110 1387 do
121 1369 244 1391 caussas,
262 1360 335 1395 quod
346 1360 462 1395 Epicuro
478 1359 597 1390 videtur,
615 1365 644 1386 ut
655 1359 770 1394 pellatur
782 1361 874 1386 mortis

77 1403 102 1424 et
118 1397 257 1432 religionis
274 1402 374 1424 metus:
392 1397 439 1423 sed
456 1398 535 1423 etiam
553 1397 712 1423 modestiam
728 1397 874 1432 quamdam

76 1435 194 1470 cognitio
207 1444 295 1461 rerum
306 1434 463 1461 caelestium
476 1435 875 1470 1111011115,(11111-111011111,(111;111-

77 1477 102 1499 ta
112 1473 147 1498 sit
157 1473 236 1499 etiam
248 1473 320 1507 apud
332 1472 396 1499 deos
408 1472 562 1502 moderatio,
571 1472 772 1506 quantusordo:
787 1478 875 1499 etma-

76 1509 247 1545 gnitudinem
263 1510 360 1540 animi,
384 1509 495 1536 deorum
516 1518 596 1544 opera
612 1514 637 1536 et
654 1509 719 1536 sacta
741 1511 875 1537 cernenti-

77 1548 143 1573 bus:
163 1547 292 1573 iustitiam
304 1548 398 1578 etiam,
416 1556 501 1582 quum
517 1547 655 1582 cognitum
671 1547 783 1578 habeas,
801 1547 874 1582 quod

77 1585 111 1611 sit
122 1585 223 1611 summi
235 1585 345 1611 rectoris
356 1594 385 1611 ac
396 1584 498 1611 domini
511 1593 620 1615 numen,
635 1584 707 1619 quod
718 1585 872 1616 consilium,

77 1630 145 1656 quae
163 1621 299 1648 voluntas:
318 1623 396 1648 cuius
413 1621 445 1648 ad
460 1626 582 1648 naturam
598 1627 658 1656 apta
675 1623 740 1648 ratio
755 1631 816 1649 vera
829 1622 874 1649 illa

76 1664 102 1685 ct
115 1668 221 1685 sumnia
234 1659 277 1686 lex
288 1668 301 1685 a
312 1659 484 1694 philosophis
495 1659 604 1686 dicitur.
648 1661 686 1686 42.
710 1661 780 1686 Inest
792 1662 818 1686 in
830 1669 875 1687 ea-

76 1696 138 1723 dem
155 1696 333 1731 explicatione
349 1702 458 1723 naturae
476 1696 638 1723 insatiabilis
653 1697 786 1732 quaedam
802 1706 816 1724 e
830 1707 875 1724 co-

75 1734 238 1769 gnoscendis
250 1734 331 1760 rebus
343 1734 480 1769 voluptas:
498 1735 525 1760 in
541 1743 592 1769 qua
610 1743 675 1765 una,
693 1734 822 1761 confectis
834 1744 874 1761 re-

77 1772 128 1798 bus
140 1772 299 1798 necessariis
308 1792 314 1802 ,
328 1772 407 1798 vacui
419 1772 547 1807 negotiis,
566 1771 674 1798 honeste
687 1782 716 1798 ac
729 1772 875 1799 liberaliter

77 1817 223 1843 possumus
240 1809 341 1835 vivere.
381 1809 452 1844 Ergo
464 1810 490 1835 in
503 1809 552 1834 hac
567 1810 667 1835 mtione
680 1815 730 1836 tota
743 1810 775 1836 de
787 1811 875 1836 niaxi-

77 1847 129 1872 mis
140 1845 194 1872 fere
206 1846 287 1872 rebus
298 1846 381 1873 Stoici
394 1846 455 1873 illos
466 1847 552 1872 secuti
563 1852 634 1877 sunt,
653 1852 681 1873 ut
692 1853 717 1874 et
728 1847 792 1874 deos
803 1857 872 1879 csse,

77 1888 237 1918 etquattuor
248 1892 282 1910 ex
294 1883 375 1910 rebus
386 1885 475 1910 omnia
487 1889 607 1910 constare
619 1884 748 1911 dicerent.
784 1886 874 1917 Quum

77 1926 165 1946 autem
177 1926 350 1955 quaereretur
361 1930 403 1947 res
414 1921 560 1947 admodum
571 1921 701 1948 difficilis.
716 1931 781 1948 num
793 1923 875 1957 quin-

78 1964 102 1984 ta
118 1957 250 1992 quaedam
267 1963 359 1984 natura
374 1958 510 1984 videretur
520 1967 593 1989 esse,
610 1967 644 1985 ex
655 1968 707 1993 qua
720 1961 785 1986 ratio
795 1965 820 1986 et
833 1960 874 1986 in-

78 1994 224 2030 telligentia
235 1995 362 2025 oriretur,
376 1995 402 2021 in
415 2004 469 2030 quo
480 1996 560 2021 etiam
572 1995 604 2021 (10
615 1997 723 2027 animis,
737 1998 815 2023 cuius
826 2006 874 2032 gc-

78 2032 150 2059 neris
161 2037 263 2062 essent,
281 2037 466 2067 quaereretur:
485 2033 554 2058 Zeno
571 2032 597 2058 id
613 2033 682 2059 dixit
696 2042 755 2060 0550
768 2034 871 2069 ignem:

79 2069 206 2096 nonnulla
227 2069 326 2096 deinde
347 2069 436 2102 aliter,
459 2069 506 2096 sed
523 2075 552 2095 ea
569 2078 663 2104 pauca.
704 2071 740 2097 De
757 2072 874 2097 maxima

77 2112 166 2134 autern
184 2116 224 2138 re.
247 2107 341 2133 eodem
358 2106 450 2138 modo,
472 2106 565 2133 divina
582 2113 669 2133 mente
684 2113 764 2142 atquo
781 2114 874 2135 natura

78 2144 210 2171 mundum
227 2145 385 2170 universum
401 2149 481 2179 atque
496 2144 555 2170 eius
571 2145 703 2171 maximas
718 2150 806 2180 partes
827 2146 875 2172 ad-

79 2182 239 2208 ministrari:
259 2182 397 2208 materiam
413 2190 475 2208 vero
490 2190 578 2208 rerum
589 2187 614 2208 et
624 2183 730 2217 copiam
742 2183 813 2217 apud
827 2183 874 2209 hos

78 2219 186 2250 exilem,
200 2219 270 2254 apud
284 2218 344 2245 illos
356 2219 520 2245 uberrimam
533 2220 709 2254 reperiemus.
734 2222 772 2247 t3.
789 2221 873 2252 Quam

79 2256 160 2283 multa
181 2256 214 2283 ab
237 2256 279 2282 lus
295 2257 446 2291 conquisita
462 2261 487 2283 et
500 2255 610 2283 collecta
625 2262 689 2284 sunt
703 2257 736 2284 de
751 2259 873 2284 onmium

77 2293 255 2320 animantium
267 2302 375 2329 genere.
387 2299 454 2325 ortu,
470 2293 612 2324 membris.
629 2295 774 2321 acu-itibus!
792 2304 873 2330 quam

79 2331 161 2358 multa
176 2331 209 2357 (10
231 2331 311 2357 rebus
334 2331 380 2362 iis,
403 2340 472 2366 quae
492 2331 643 2366 gignuntur
657 2333 768 2358 eterra!
791 2341 873 2368 quam

78 2368 191 2399 multae,
214 2376 351 2403 quamque
367 2368 400 2394 (10
421 2368 502 2394 rebus
520 2369 616 2398 variis,
639 2374 804 2403 0101105500,
826 2378 874 2396 cur

77 2405 198 2441 quidque
225 2406 282 2436 fiat,
310 2411 336 2432 et
359 2405 613 2447 demonstrationes.
643 2407 873 2441 quemadmodum

77 2451 201 2478 quaeque
218 2443 293 2470 liant!
316 2442 372 2475 Qua
389 2452 422 2469 «x
436 2444 509 2469 omni
525 2443 601 2477 eopia
617 2442 732 2486 plurima
744 2449 769 2470 et
780 2444 874 2470 certis-

78 2480 146 2506 sima
161 2485 318 2516 argumenta
334 2486 479 2506 sumuntur
495 2479 527 2506 ad
543 2480 676 2514 cuiusque
694 2482 730 2507 rei
753 2486 873 2507 naturam

78 2516 276 2552 explicandam.
317 2517 496 2553 Ergoadliuc,
512 2518 782 2552 quantumequidem
795 2518 874 2544 intel-

79 2554 141 2590 ligo.
153 2562 248 2581 caussa
259 2563 311 2581 non
324 2555 431 2582 videtur
442 2554 526 2581 fuisse
539 2554 659 2580 mutandi
672 2556 799 2582 nominis.
816 2556 872 2582 Non

77 2592 160 2622 enim,
173 2591 197 2618 si
208 2592 296 2618 omnia
308 2601 359 2618 non
371 2592 544 2627 sequebatur
560 2591 660 2618 11101110
672 2601 722 2618 11011
735 2598 790 2619 01111
800 2602 828 2619 οι
831 2598 873 2619 tus

78 2628 164 2655 illinc.
204 2628 338 2664 Equidem
354 2630 434 2656 etiam
449 2629 612 2664 Epicur‚um
629 2630 655 2655 in
674 2629 728 2665 ph)
731 2630 796 2656 51015
810 2630 873 2664 qui-

77 2665 149 2697 dem,
163 2666 343 2694 Democritum
355 2672 433 2702 puto:
451 2675 536 2702 pauca
549 2671 641 2697 mutat,
657 2666 697 2693 101
710 2666 786 2702 plura
797 2676 870 2694 sane.

870 130 1098 157 MALORUM
1127 131 1208 157 LIB.
1236 131 1288 158 IV.
1319 130 1410 157 CAP.
1436 131 1551 157 1-7.

895 953 896 961 ¹
926 949 1027 974 vivere.

901 1009 904 1025 5
924 986 995 1012 Illud
1006 986 1078 1012 enim
1091 990 1202 1015 rectum,
1220 985 1292 1020 quod
1304 985 1468 1021 καιόρθωμα
1479 985 1603 1016 dicebas,
1619 986 1724 1011 contin-

902 1027 903 1031 ’
925 1025 964 1059 git
979 1023 1095 1058 sapienti
1110 1022 1174 1049 soli:
1198 1023 1247 1049 hoc
1258 1028 1348 1048 autem
1360 1023 1477 1049 inchoati
1488 1022 1630 1048 cuiusdam
1641 1022 1724 1049 oflicii

904 2173 905 2178 ,
926 2155 1004 2176 cum,
1020 2151 1100 2180 atque
1114 2147 1271 2172 contineret.

904 2181 905 2214 J
928 2188 965 2210 101·
974 2183 1117 2213 coum-‚uta
1132 2183 1235 2217 reliqua
1246 2182 1376 2209 subtilius
1387 2188 1592 2217 ptrstqututts
1606 2181 1725 2215 torporis

897 2228 905 2250 ,³
927 2221 995 2247 bona
1017 2220 1123 2247 facilem
1145 2219 1291 2255 quamdam
1308 2220 1436 2245 rationem
1454 2219 1552 2245 habere
1567 2219 1722 2244 ‹euseb-int.

902 2549 904 2555 A
926 2527 1001 2544 nutu.

1656 133 1719 157 t027

921 202 955 228 At
965 210 1050 236 quum
1062 211 1075 228 e
1086 201 1214 236 plurimis
1224 201 1318 228 eadem
1333 201 1412 232 dicit,
1430 206 1487 228 tum
1502 207 1572 228 certe
1587 201 1620 228 de
1632 203 1719 228 maxi-

923 239 985 265 mis.
1025 238 1104 271 Quod
1114 239 1187 265 idem
1197 248 1282 274 quum
1294 240 1375 265 vestri
1388 238 1499 270 faciant,
1515 248 1567 265 non
1584 240 1650 266 satis
1662 248 1720 265 ma-

923 285 1003 311 gnam
1018 277 1142 303 tribuunt
1153 276 1340 303 inventoribus
1349 277 1474 312 gratiam.
1515 276 1567 303 Sed
1580 276 1644 303 haec
1656 277 1720 303 hac-

924 318 1011 340 tenus.

977 351 1020 377 vl.
1044 352 1084 377 tt.
1101 351 1179 376 Nunc
1191 350 1341 381 videamus,
1354 359 1463 386 quaeso,
1477 350 1510 376 de
1521 359 1629 377 summo
1640 351 1718 382 bono,

1130 463 1183 488 Hoc
1200 464 1282 498 igitur
1299 462 1368 493 loco,
1385 472 1551 498 quamquam
1567 472 1580 489 a
1592 468 1629 494 te,
1647 463 1719 494 Cato,

924 499 1067 535 diligenter
1081 504 1122 526 est
1137 500 1315 534 explicatum,
1334 500 1395 526 finis
1411 500 1455 526 hic
1471 500 1602 527 bonorum
1619 506 1644 526 et
1658 501 1720 535 quis

901 540 902 573 ξ
924 546 937 562 a
949 537 1044 563 Stoicis
1056 542 1083 563 et
1093 537 1322 571 quemadmodum
1333 538 1479 564 diceretur:
1494 543 1582 564 tamen
1593 546 1642 573 ego
1653 546 1723 572 quo-

712 575 752 601 Ab
766 575 814 601 hoc
825 583 873 600 au-
901 588 902 591 =
924 583 976 609 que
988 583 1131 608 exponam,
1145 580 1172 601 ut
1185 575 1394 609 perspiciamus,
1411 576 1434 601 si
1446 576 1627 609 potuerimus,
1641 575 1723 610 quid-

901 621 902 635 :
925 621 986 638 narn
998 621 1011 637 a
1023 612 1127 638 Zenone
1140 613 1202 638 11011
1214 613 1248 638 511
1259 612 1380 638 allatum.

342 652 380 676 to.
403 650 548 685 Quumque
563 650 631 676 duae
643 651 697 676 sint
710 654 792 679 artes,
811 649 873 683 qui-
901 653 902 657 ¹

901 712 902 717 ,
926 687 1029 717 vivere,
1052 696 1191 712 summum
1208 687 1309 713 bonum
1325 696 1384 713 esse
1399 687 1546 718 dixissent,
1570 687 1612 713 his
1632 687 1722 713 verbis

1414 612 1503 644 Quum
1515 613 1588 638 enim
1599 613 1723 647 superio-

925 658 975 679 res,
992 658 1005 674 e
1019 649 1122 683 quibus
1133 649 1291 683 planissime
1303 650 1422 679 Polemo,
1436 650 1587 676 secundum
1599 655 1722 676 naturam

925 725 972 750 tria
985 724 1133 758 significari
1145 724 1228 750 Stoici
1240 724 1347 750 dicunt:
1366 733 1451 750 unum
1463 724 1611 755 eiusmodi,
1631 725 1722 750 vivere

924 761 1098 787 adhibentem
1110 762 1250 787 scientiam
1262 770 1354 787 earum
1366 770 1464 792 rerum,
1473 770 1542 796 quae
1554 767 1645 787 natura
1659 770 1723 787 eve—

926 799 1022 824 nirent.
1047 798 1134 832 (llunc
1146 799 1236 833 ipsum
1247 799 1361 825 Zenonis
1373 800 1448 825 aiunt
1460 800 1540 825 linem
1552 807 1619 829 esse,
1633 799 1723 824 decla-

902 856 903 859 .
924 842 1026 862 rantein
1039 835 1106 861 illud
1115 857 1121 867 ,
1139 836 1212 870 quod
1224 846 1236 862 a
1249 841 1273 862 te
1286 836 1388 862 dictum
1400 841 1453 867 est,
1471 837 1662 862 convenienter
1676 844 1723 862 na-

925 879 998 900 turae
1010 874 1128 908 1110105)
1161 875 1199 899 15.
1222 873 1335 899 alterum
1347 873 1500 909 significare
1513 873 1592 903 idem,
1606 878 1634 899 ut
1646 874 1668 899 51
1681 873 1723 898 di-

925 916 1042 941 ceretur,
1059 910 1147 936 officia
1162 911 1252 936 onmia
1264 911 1352 936 media
1364 915 1409 937 aut
1419 910 1548 945 pleraque
1559 916 1720 940 servantem,

1068 948 1122 974 Hoc
1137 948 1177 973 sic
1195 949 1349 982 expositum
1369 948 1503 974 dissimile
1519 952 1559 973 est
1579 948 1722 982 superiori.

925 1066 977 1092 est,
997 1070 1048 1086 11011
1064 1060 1187 1095 perfecti:
1207 1060 1279 1095 quod
1290 1060 1384 1086 cadere
1396 1061 1424 1086 in
1435 1059 1580 1086 nonnullos
1592 1061 1725 1094 insipien—

926 1103 964 1125 tes
981 1103 1076 1133 potest.
1117 1098 1237 1124 Tertium
1258 1103 1361 1129 autem,
1383 1098 1512 1124 omnibus
1531 1102 1577 1123 aut
1597 1097 1724 1123 maximis

903 1163 904 1166 ,
925 1136 1007 1162 rebus
1023 1136 1070 1166 iis,
1092 1144 1162 1170 quae
1178 1135 1329 1161 seeundum
1350 1140 1472 1162 naturam
1489 1139 1565 1166 sunt,
1592 1134 1725 1161 fruentem

926 1174 1027 1204 vivere,
1042 1173 1091 1198 hoc
1102 1182 1155 1199 non
1168 1178 1207 1199 est
1218 1173 1336 1207 positum
1349 1174 1375 1199 in
1388 1177 1476 1199 nostra
1487 1173 1600 1198 actione.
1645 1173 1726 1199 Com-

926 1210 1015 1245 pletur
1025 1211 1098 1236 enim
1109 1215 1178 1237 etex
1189 1219 1220 1236 eo
1229 1219 1326 1246 genere
1339 1211 1417 1241 vitae,
1426 1210 1499 1245 quod
1511 1210 1610 1237 virtute
1621 1210 1723 1241 finitur,

903 1257 905 1264 '¹
926 1253 995 1275 etex
1008 1248 1040 1274 iis
1052 1248 1147 1279 rebus,
1165 1257 1234 1282 quae
1246 1248 1396 1274 secundum
1410 1253 1532 1274 naturam
1546 1253 1622 1278 sunt,
1636 1255 1724 1282 neque

926 1290 989 1312 511111
1004 1286 1030 1311 111
1048 1290 1136 1311 nostra
1152 1290 1290 1320 potestate.
1331 1285 1383 1311 Sed
1401 1285 1449 1311 1100
1461 1293 1599 1318 summum
1612 1285 1723 1315 bonum,

926 1323 998 1358 quod
1012 1324 1086 1350 tertia
1098 1323 1294 1358 significatione
1306 1322 1475 1357 intelligitur,
1485 1331 1570 1357 eaque
1582 1323 1645 1352 vita,
1655 1330 1726 1356 quae

903 1366 905 1392 ζ
927 1370 959 1387 ex
975 1370 1081 1387 5111111110
1093 1360 1163 1386 bono
1173 1360 1294 1396 degitur.
1312 1361 1376 1394 quia
1387 1361 1528 1386 coniuncta
1540 1360 1565 1386 ei
1578 1360 1663 1385 virtus
1674 1364 1722 1389 est,

927 1399 954 1425 in
966 1399 1114 1433 sapientem
1126 1398 1214 1423 solum
1227 1398 1310 1424 cadit:
1326 1399 1402 1432 isque
1416 1398 1476 1423 linis
1488 1397 1619 1423 bonorum
1628 1417 1633 1427 ,
1651 1402 1679 1423 111
1691 1396 1724 1422 ab

903 1453 905 1470 5
928 1437 994 1470 ipsis
1006 1436 1103 1462 Stoicis
1114 1436 1245 1470 scriptum
1257 1435 1396 1465 videmus,
1413 1444 1425 1460 a
1439 1435 1587 1460 Xenocrate
1599 1439 1678 1468 atque
1691 1433 1724 1459 ah

926 1473 1067 1500 Aristotele
1083 1473 1245 1499 constitutus
1261 1478 1311 1499 est.
1352 1473 1442 1506 ltaque
1459 1472 1492 1498 ab
1509 1472 1551 1498 his
1569 1472 1725 1498 constitutio

927 1511 972 1537 illa
989 1511 1074 1545 prima
1091 1515 1214 1538 naturae,
1236 1519 1249 1536 a
1269 1519 1322 1544 qua
1338 1514 1364 1536 tu
1381 1518 1490 1544 quoque
1505 1509 1658 1539 ordiebare,
1682 1508 1725 1534 his

927 1557 1008 1583 prope
1021 1548 1111 1574 verbis
1126 1548 1278 1582 exponitur.
1320 1548 1374 1573 VH.
1396 1549 1434 1573 is».
1451 1547 1546 1573 Omnis
1562 1552 1654 1573 natura
1668 1545 1726 1572 vult

927 1596 985 1612 csse
997 1586 1180 1612 conservatrix
1191 1586 1244 1615 sui,
1259 1590 1287 1611 ut
1298 1590 1322 1611 et
1333 1584 1407 1611 salva
1419 1585 1462 1614 sit,
1477 1589 1501 1610 et
1515 1585 1540 1610 in
1552 1592 1649 1619 genere
1661 1592 1726 1609 eon—

927 1632 987 1650 serv
990 1628 1049 1649 etur
1059 1632 1118 1649 suo.
1146 1622 1185 1648 Ad
1198 1623 1223 1649 11«
1225 1631 1266 1649 1110
1278 1631 1333 1648 10111
1344 1623 1419 1648 aiunt
1430 1627 1499 1648 artes
1513 1630 1621 1656 quoque
1634 1621 1726 1655 requi-

926 1662 1004 1691 sitas,
1022 1669 1091 1702 quae
1108 1665 1185 1686 natur
1187 1669 1230 1686 «1111
1242 1660 1412 1686 adiuvat-'ent
1433 1660 1573 1694 inquibus
1585 1668 1614 1685 ea
1630 1666 1726 1684 nume-

927 1703 999 1724 retur
1011 1698 1037 1724 in
1050 1699 1156 1732 primis,
1169 1706 1238 1740 quae
1250 1697 1411 1723 051111011111
1423 1706 1474 1727 ars,
1484 1701 1638 1725 uttueatur,
1652 1694 1725 1730 quod

927 1745 940 1761 ·ι
957 1740 1050 1761 natura
1066 1735 1158 1762 datum
1174 1736 1221 1766 sit,
1240 1735 1312 1769 quod
1327 1735 1410 1765 desit,
1429 1735 1562 1776 acquirat:
1587 1733 1725 1767 iidemque

904 1801 905 1805 ,
926 1773 1080 1799 diviserunt
1100 1779 1220 1799 naturam
1243 1773 1360 1799 hominis
1383 1773 1408 1798 iu
1430 1772 1551 1798 animuin
1572 1776 1597 1797 et
1615 1779 1723 1805 corpus.

927 1810 1071 1845 Quumque
1087 1820 1179 1836 eorum
1197 1819 1280 1836 unum
1296 1809 1423 1844 quodque
1440 1818 1488 1844 per
1503 1818 1531 1835 50
1543 1808 1724 1843 expetendum

927 1848 1134 1878 essedixissent,
1144 1849 1370 1882 virtutesquoque
1383 1848 1523 1881 utriusque
1533 1855 1625 1872 eorum
1639 1855 1685 1880 per
1696 1853 1725 1871 50

927 1885 1091 1920 expetendas
1102 1894 1160 1911 esse
1173 1885 1311 1911 dit-ebant:
1326 1893 1411 1919 quum
1422 1885 1542 1910 animum
1555 1883 1670 1918 ‹piadam
1685 1884 1726 1908 in-

927 1923 1000 1949 linita
1014 1922 1092 1949 laude
1103 1927 1293 1957 anteponerent
1305 1923 1418 1956 corpori,
1429 1922 1655 1955 virtutesquoque
1667 1920 1726 1946 ani-

927 1961 964 1986 mi
981 1960 1058 1986 bouis
1071 1961 1191 1994 corporis
1207 1959 1413 1994 anteponebant.
1457 1960 1496 1985 Π,
1518 1958 1569 1984 Sed
1585 1967 1671 1993 quum
1682 1966 1726 1983 sa-

927 1998 1056 2032 pientiam
1073 1999 1153 2024 totius
1175 1997 1293 2024 hominis
1313 1997 1451 2023 custodem
1472 2001 1497 2022 et
1518 1996 1725 2030 procuratricem

926 2044 985 2061 esse
993 2034 1101 2066 vellent,
1109 2043 1178 2069 quae
1189 2040 1260 2061 05501
1271 2040 1380 2060 naturae
1391 2043 1481 2060 comes
1493 2039 1517 2060 et
1529 2033 1661 2059 adiutrix:
1677 2033 1725 2058 boe

926 2073 1074 2107 sapientiae
1086 2081 1186 2098 1111111115
1197 2081 1256 2098 0550
1267 2072 1406 2101 dicebant,
1424 2076 1451 2097 ut
1462 2080 1523 2097 eum
1537 2075 1663 2099 tueretur,
1677 2070 1725 2104 qui

926 2114 1059 2136 constaret
1076 2118 1110 2135 ex
1132 2110 1222 2135 animo
1243 2114 1268 2136 et
1287 2117 1410 2143 corpore;
1439 2109 1465 2134 in
1487 2113 1600 2142 utroque
1622 2108 1726 2133 iuvaret.

1307 2146 1392 2180 Atque
1405 2146 1438 2172 ita
1451 2154 1477 2171 re
1492 2146 1579 2179 primo
1590 2144 1725 2185 simpliei-

926 2259 961 2284 De
973 2253 1060 2284 animi
1073 2257 1150 2283 bonis
1162 2258 1312 2283 ιιι-(1111111115
1323 2257 1436 2291 exquire
1430 2256 1515 2282 ¹:bant
1535 2257 1724 2290 11111111111511111

927 2295 1109 2330 reperiebant,
1129 2295 1216 2320 inesse
1229 2295 1254 2320 in
1268 2294 1438 2320 111511ι51111110
1452 2294 1724 2327 501111111ι.1)ι-11111111ιυ

925 2341 958 2358 ex
969 2332 1099 2358 omnibus
1110 2331 1399 2366 pliilosopliisanatura
1412 2331 1542 2357 tributum
1555 2330 1724 2356 055011001ιο-

926 2374 996 2399 runt,
1011 2374 1039 2395 ut
1051 2369 1080 2398 ii,
1093 2369 1140 2403 qui
1154 2369 1282 2403 procreati
1293 2373 1391 2397 essent.
1400 2378 1413 2394 a
1426 2367 1638 2402 procreatoribus
1650 2375 1724 2393 unm-

926 2412 1024 2437 rentur.
1038 2411 1063 2433 01
1076 2406 1112 2434 id.
1125 2406 1198 2440 quod
1210 2411 1359 2440 temporum
1371 2405 1464 2431 ordine
1475 2406 1614 2439 antiquius
1625 2409 1678 2434 cst,
1695 2408 1724 2430 ut

925 2444 1050 2479 coniugia
1067 2444 1187 2474 virorum
1204 2449 1229 2469 et
1245 2451 1374 2472 uxorum.
1398 2448 1489 2468 natura
1506 2442 1647 2467 coniuncta
1663 2449 1723 2467 esse

925 2481 1056 2507 dicerent:
1075 2489 1130 2515 qua
1146 2489 1178 2507 ex
1194 2481 1276 2515 stirpe
1292 2481 1424 2506 orirentur
1439 2480 1571 2505 amicitiae
1586 2480 1723 2513 cognatio-

1027 2518 1114 2552 Atque
1127 2518 1160 2544 ab
1173 2518 1214 2544 liis
1228 2518 1312 2544 initiis
1324 2517 1444 2551 profecti,
1456 2517 1579 2543 omnium
1591 2516 1722 2542 virtutum

925 2560 950 2581 ct
960 2556 1092 2589 originem
1105 2560 1130 2581 et
1142 2556 1356 2590 progressionem
1370 2555 1502 2589 persecuti
1514 2558 1586 2579 sunt.
1619 2553 1658 2580 Ex
1668 2561 1722 2588 quo

926 2593 1082 2627 magnitudo
1096 2601 1204 2627 quoque
1215 2593 1298 2618 aniini
1309 2592 1464 2619 exsistebat.
1478 2599 1530 2626 qua
1544 2590 1620 2617 facile
1633 2595 1723 2625 posset

902 2635 903 2638 ’
925 2630 1069 2665 repugnari
1080 2630 1232 2665 obsistique
1245 2629 1364 2655 fortunae
1373 2650 1378 2658 ,
1396 2628 1468 2664 quod
1482 2629 1613 2655 maximae
1626 2638 1668 2654 res
1678 2637 1722 2654 es-

1383 2667 1527 2693 varietates
1543 2671 1632 2693 autem
1650 2666 1723 2692 iuiu-

1386 2710 1430 2734 129
1443 2708 1453 2720 ⁸

924 2672 984 2693 50111
1005 2668 1030 2693 111
1053 2670 1180 2702 potestate
1202 2667 1341 2702 sapientis.
