1941 3052
270 135 649 163 TUSCULANARUM
682 135 1067 162 DISPUTATIONUM
1100 136 1180 162 LIB.

80 216 142 234 sum
153 211 241 233 autem
252 206 355 238 dicere,
373 215 482 242 quoquo
493 207 572 234 modo
583 207 633 234 hoc
645 207 804 242 accipiatur,
822 207 875 243 Ly-

80 253 209 280 curgum,
227 244 353 271 Solonem
369 244 459 280 legum
475 250 500 271 et
513 244 638 279 publicae
654 244 815 279 disciplinae
831 253 876 270 ca-

80 291 137 309 rere
156 281 255 317 gloria:
284 281 506 313 Themistoclem,
527 282 742 316 Epaminondam
763 281 876 308 bellicae

80 319 199 346 virtutis.
239 319 307 345 Ante
327 320 399 345 enim
418 318 603 356 Salamina[m]
628 320 714 354 ipsam
735 320 876 354 Neptunus

79 356 184 387 obruet,
200 365 281 391 quam
294 356 435 383 Salaminii
446 357 547 391 tropaei
558 358 729 383 memoriam:
746 357 876 391 priusque

79 394 186 420 Boeotia
206 394 318 420 Leuctra
338 394 477 424 tollentur,
500 403 582 429 quam
598 403 704 429 pugnae
723 395 877 420 Leuctricae

79 430 175 466 gloria.
215 431 298 457 Multo
312 436 401 458 autem
423 432 526 458 tardius
548 431 617 458 sama
633 432 737 457 deseret
753 431 874 462 Curium,

80 468 245 499 Fabricium,
258 468 419 499 Calatinum,
432 469 486 495 duo
497 469 644 504 Scipiones,
661 469 715 495 duo
726 468 875 499 Africanos,

80 506 239 537 Maximum,
252 506 424 537 Marcellum,
437 506 575 537 Paullum,
589 506 730 537 Catonem,
744 506 875 536 Laelium,

80 543 294 569 innumerabiles
305 543 382 570 alios.
406 543 527 576 Quorum
537 543 747 570 similitudinem
759 543 878 578 aliquam

79 581 128 615 qui
139 581 291 615 arripuerit,
305 589 357 607 non
368 589 426 607 eam
439 580 508 607 fama
521 581 652 616 populari,
661 580 709 607 sed
721 590 782 607 vera
795 581 879 607 bono—

80 626 141 644 rum
154 617 232 644 laude
243 619 366 650 metiens,
380 618 473 645 fidenti
485 619 583 649 animo,
597 619 620 644 si
633 619 668 644 ita
680 627 722 644 res
734 618 878 653 feret.gra-

80 654 170 681 dietur
183 655 216 681 ad
233 660 355 682 mortem.
395 656 424 682 ln
438 664 491 690 qua
507 660 552 682 aut
567 665 705 682 summum
721 655 821 682 bonum
833 660 879 681 aut

80 692 188 718 nullum
203 692 306 719 malum
322 701 381 719 esse
395 693 586 728 cognovimus:
603 692 731 719 secundis
746 701 808 718 vero
820 693 878 718 suis

80 729 162 756 rebus
173 730 244 756 volet
255 731 335 756 etiam
347 731 425 757 mori.
464 731 522 757 Non
538 731 611 756 enim
627 735 680 757 tam
692 729 820 756 cumulus
832 730 879 756 bo-

81 775 177 794 norum
188 767 326 794 iucundus
337 776 396 794 esse
407 772 506 802 potest,
523 776 605 802 quam
620 768 731 794 molesta
745 767 876 793 decessio.

83 806 140 831 111.
162 805 235 831 Hanc
249 805 409 831 sententiam
421 805 574 840 significare
588 805 695 831 videtur
707 805 820 831 Laconis
833 804 878 830 illa

81 850 143 873 vox,
157 843 218 877 qui,
232 850 317 876 quum
327 842 450 868 Rhodius
460 843 602 878 Diagoras,
615 842 818 878 Olympionices
831 850 879 867 no-

80 879 145 906 bilis
153 900 159 910 ,
176 888 229 905 uno
239 879 282 905 die
293 879 347 906 duo
357 888 421 905 suos
432 879 501 906 filios
513 880 628 906 victores
639 879 780 915 Olympiae
792 878 879 905 vidis-

79 921 129 947 set,
143 917 256 943 accessit
267 916 300 942 ad
310 925 413 948 senem,
426 922 452 943 et
462 917 621 952 gratulatus,
635 917 746 948 Morere,
754 917 876 951 Diagora,

80 955 183 989 inquit:
203 962 257 980 non
271 954 345 980 enim
363 955 391 980 in
405 953 510 980 caelum
525 963 688 980 ascensurus
703 963 742 980 es.
783 955 879 989 Magna

79 991 158 1022 haec,
175 996 201 1018 et
215 992 331 1018 nimium
347 991 458 1018 fortasse
471 992 565 1018 Graeci
580 996 688 1026 putant,
706 991 749 1018 vel
762 996 819 1018 tum
830 1000 880 1026 po-

79 1030 134 1055 tius
145 1029 288 1063 putabant,
302 1029 394 1064 isque,
412 1029 460 1064 qui
473 1029 523 1055 hoc
533 1030 661 1065 Diagorae
673 1029 756 1059 dixit,
772 1037 880 1064 perma—

79 1075 165 1102 gnum
175 1067 344 1098 existimans,
358 1071 411 1093 tres
422 1066 626 1102 Olympionicas
637 1075 690 1093 una
701 1075 714 1092 e
726 1066 806 1093 domo
817 1075 879 1101 pro-

79 1103 151 1135 dire,
168 1104 289 1130 cunctari
304 1103 382 1130 illum
398 1104 503 1131 diutius
525 1105 552 1131 in
574 1106 642 1136 vita,
666 1104 787 1131 fortunae
803 1104 880 1130 obie-

78 1146 166 1172 ctum,
184 1141 280 1168 inutile
293 1141 406 1176 putabat
420 1142 484 1176 ipsi.
525 1142 582 1178 Ego
597 1147 687 1168 autem
702 1142 752 1168 tibi
767 1141 879 1176 quidem

78 1178 152 1214 quod
163 1179 228 1205 satis
243 1184 326 1209 esset.
344 1179 439 1213 paucis
450 1179 556 1211 verbis,
574 1185 603 1206 ut
615 1180 683 1206 mihi
695 1179 821 1210 videbar,
838 1187 880 1205 re-

78 1216 250 1251 sponderam.
281 1216 457 1243 Concesseras
468 1217 541 1243 enim
553 1217 628 1243 nullo
641 1217 667 1243 in
680 1216 749 1243 malo
761 1221 879 1243 mortuos

79 1262 151 1286 esse;
165 1253 212 1280 sed
224 1254 258 1280 ob
269 1262 328 1280 eam
339 1262 463 1280 caussam
475 1254 610 1285 contendi,
619 1259 648 1281 ut
659 1254 737 1289 plura
749 1254 877 1285 dicerem,

78 1291 151 1326 quod
164 1292 191 1317 in
202 1291 337 1317 desiderio
347 1296 374 1318 et
385 1291 458 1318 luctu
470 1292 535 1318 haec
545 1297 586 1318 est
597 1292 743 1319 consolatio
750 1292 878 1318 maxima.

79 1329 206 1355 Nostrum
227 1329 301 1355 enim
322 1333 347 1355 et
367 1334 456 1355 nostra
476 1338 571 1356 caussa
587 1334 744 1364 susceptum
760 1329 879 1355 dolorem

79 1366 184 1392 modice
199 1365 267 1392 serre
282 1365 429 1396 debemus,
447 1375 480 1392 ne
492 1367 672 1401 nosmetipsos
685 1375 774 1393 amare
786 1366 879 1392 videa-

79 1412 150 1430 mur.
190 1403 237 1429 Illa
249 1404 370 1438 suspicio
382 1403 546 1430 intolerabili
557 1404 647 1431 dolore
658 1405 768 1435 cruciat,
785 1404 809 1430 si
820 1404 880 1438 opi-

79 1441 347 1475 namureos,quibus
358 1441 444 1467 orbati
455 1450 560 1472 sumus,
570 1450 628 1468 esse
640 1450 702 1468 cum
714 1442 806 1476 aliquo
817 1450 880 1467 sen-

78 1487 112 1505 su
123 1479 150 1505 in
163 1479 197 1504 iis
209 1478 297 1509 malis,
311 1478 413 1513 quibus
426 1478 509 1514 vulgo
519 1480 674 1514 opinantur.
714 1480 785 1505 Hanc
796 1487 880 1505 excu-

78 1521 133 1543 tere
152 1516 309 1550 opinionem
330 1516 456 1542 mihimet
476 1516 550 1543 volui
571 1517 714 1549 radicitus;
737 1525 823 1551 eoque
839 1516 878 1542 fui

78 1552 190 1580 fortasse
211 1553 324 1589 longior.
364 1553 469 1580 XLVII.
494 1556 551 1580 112.
572 1554 604 1580 Α.
623 1555 662 1580 Tu
680 1553 801 1590 longior?
822 1554 878 1580 Non

78 1591 146 1617 mihi
163 1590 285 1625 quidem.
325 1591 400 1617 Prior
415 1591 486 1617 enim
505 1601 566 1626 pars
581 1592 709 1618 orationis
726 1597 786 1618 tuae
799 1591 880 1617 sacie-

78 1628 132 1659 bat,
147 1633 176 1654 ut
187 1629 254 1655 mori
265 1636 406 1662 cuperem;
420 1630 560 1663 posterior,
574 1634 603 1656 ut
613 1629 692 1656 modo
704 1638 755 1655 non
768 1629 876 1659 nollem,

78 1665 158 1692 modo
182 1674 234 1692 non
260 1665 419 1692 laborarem.
460 1667 541 1693 Omni
561 1671 650 1693 autem
671 1668 790 1693 oratione
810 1666 878 1692 illud

77 1707 148 1730 certe
159 1702 309 1737 perfectum
321 1708 370 1735 est,
379 1708 409 1730 ut
420 1709 532 1730 mortem
544 1713 596 1731 non
608 1704 735 1730 ducerem
749 1705 775 1730 in
787 1703 877 1730 malis.

133 1741 169 1767 M.
191 1741 262 1767 Num
279 1741 363 1776 igitur
377 1741 456 1767 etiam
472 1741 609 1768 rhetorum
620 1742 759 1777 epilogum
770 1741 880 1768 deside·

77 1777 187 1804 ramus?
201 1786 234 1805 an
247 1778 316 1804 hanc
327 1779 380 1804 iam
392 1783 475 1805 artem
490 1779 570 1814 plane
583 1779 783 1814 relinquimus?
793 1780 825 1806 A.
839 1779 878 1805 Tu

77 1824 141 1842 vero
152 1816 230 1842 istam
241 1824 274 1842 ne
286 1815 440 1851 reliqueris,
448 1825 530 1852 quain
542 1826 649 1852 semper
659 1818 770 1848 ornasti,
779 1822 805 1844 et
815 1817 879 1852 qui-

77 1852 139 1879 dem
151 1853 218 1879 iure.
259 1852 306 1880 Illa
318 1854 390 1880 enim
403 1858 441 1885 te,
455 1863 550 1880 verum
562 1855 585 1881 si
599 1855 673 1889 loqui
687 1855 822 1885 volumus,
835 1863 879 1881 οι·-

77 1895 196 1916 naverat.
236 1890 288 1917 Sed
306 1891 419 1925 quinam
439 1896 480 1917 est
496 1892 545 1918 iste
561 1892 704 1927 epilogus?
723 1901 789 1919 aveo
805 1893 878 1918 enim

78 1926 182 1958 audire,
194 1927 331 1962 quidquid
345 1932 395 1954 est.
438 1930 494 1955 113.
506 1929 542 1955 Μ.
555 1929 670 1956 Deorum
683 1929 878 1956 immortalium

78 1964 179 1991 iudicia
190 1964 276 1991 solent
288 1965 315 1990 in
326 1964 427 1991 scholis
438 1965 556 2000 proferre
567 1966 600 1993 de
613 1972 706 1998 morte,
714 1976 763 1993 nec
776 1976 837 1994 vero
848 1976 878 1993 ea

78 2002 179 2037 lingere
191 2002 257 2036 ipsi,
271 2001 318 2028 sed
331 2002 461 2029 Herodoto
472 2008 592 2034 auctore,
610 2003 726 2038 aliisque
740 2004 876 2038 pluribus.

77 2039 199 2065 Primum
211 2039 308 2074 Argiae
317 2039 464 2066 sacerdotis
495 2040 603 2067 Cleobis
614 2046 640 2067 et
651 2041 726 2067 Biton
739 2041 786 2068 lilii
801 2051 879 2076 prae-

77 2076 211 2103 dicantur.
244 2077 309 2103 Nota
322 2076 412 2103 fabula
424 2082 472 2104 cst.
507 2077 597 2110 Quum
608 2079 681 2104 enim
694 2078 767 2104 illam
779 2079 812 2104 ad
824 2079 878 2105 sol-

78 2113 166 2140 lemne
182 2118 208 2140 et
223 2118 322 2140 statum
333 2114 498 2141 sacrificium
509 2123 590 2142 curru
602 2115 666 2142 vehi
678 2117 720 2142 ius
732 2121 802 2142 esset
813 2117 878 2142 satis

79 2150 157 2187 longe
174 2151 208 2177 ab
221 2151 321 2186 oppido
337 2151 370 2178 ad
387 2151 493 2183 fanum,
510 2158 731 2188 morarenturque
744 2154 876 2180 iumenta:

77 2193 141 2215 tunc
159 2189 271 2215 iuvenes
288 2189 320 2220 ii,
338 2197 406 2224 quos
422 2189 501 2216 modo
517 2190 668 2221 nominavi,
692 2195 765 2217 veste
781 2191 876 2225 posita.
908 2195 909 2213 ἒ

76 2234 187 2260 corpora
197 2225 256 2252 oleo
267 2231 461 2260 perunxerunt.
474 2226 507 2253 ad
519 2228 614 2262 iugum
626 2233 806 2254 accesserunt.
841 2229 876 2254 lta

76 2263 201 2290 sacerdos
213 2263 323 2290 advecta
336 2264 363 2290 in
376 2263 467 2290 lanum
476 2285 482 2294 ,
495 2273 580 2299 quum
591 2273 687 2291 currus
698 2270 770 2292 esset
780 2266 878 2292 ductus
906 2266 909 2296 ξ

77 2309 92 2327 a
103 2300 181 2332 liliiS‚
199 2305 304 2335 precata
316 2310 329 2326 a
341 2300 390 2327 dea
403 2301 516 2333 dicitur,
536 2307 564 2328 ut
576 2301 631 2328 illis
642 2303 793 2337 praemium
803 2303 878 2329 daret

76 2345 125 2372 pro
136 2338 324 2373 pietate,quod
337 2339 487 2365 maximum
500 2338 603 2365 homini
615 2339 673 2366 dari
684 2345 774 2375 posset
785 2349 798 2366 a
811 2340 874 2367 deo:

77 2379 137 2409 post
159 2375 280 2410 epulatos
299 2384 362 2402 cum
379 2381 461 2402 matre
477 2375 659 2403 adolescentes
677 2386 771 2404 somno
785 2386 814 2404 se
829 2378 878 2404 de-

76 2411 164 2438 disse:
177 2421 255 2439 mane
268 2414 390 2439 inventos
401 2422 460 2440 esse
471 2418 600 2440 mortuos.
644 2416 699 2441 llAE.
715 2415 804 2441 Simili
816 2424 878 2450 pre-

77 2450 180 2476 catione
195 2450 367 2484 Trophonius
383 2455 408 2477 et
423 2451 573 2485 Agamedes
589 2451 631 2477 usi
652 2451 793 2479 dicuntur:
817 2453 875 2487 qui,

76 2494 163 2521 quum
182 2486 302 2522 Apollini
323 2487 433 2522 Delphis
455 2488 586 2522 templum
612 2489 874 2521 exuedificavissent‚

78 2529 235 2551 venerantes
250 2524 346 2556 deum,
369 2526 503 2560 petierunt
520 2525 671 2552 mercedem
693 2535 744 2552 non
766 2535 876 2561 parvam

76 2561 187 2596 quidem
199 2563 288 2596 operis
299 2567 325 2589 et
337 2562 436 2589 laboris
447 2563 500 2593 sui,
517 2563 585 2588 nihil
597 2563 676 2594 certi.
690 2563 736 2589 sed
748 2563 821 2598 quod
833 2572 876 2590 es-

76 2603 117 2624 set
127 2599 260 2633 optimum
276 2599 390 2626 homini.
430 2600 537 2632 Quibus
552 2599 647 2634 Apollo
662 2609 691 2627 se
707 2600 733 2626 id
749 2601 874 2628 daturum

76 2635 194 2662 ostendit
207 2641 267 2670 post
282 2637 341 2663 eius
356 2637 412 2664 diei
427 2637 499 2664 diem
519 2638 640 2663 tertium:
664 2638 711 2672 qui
729 2643 757 2664 ut
774 2638 872 2668 illuxit.

77 2673 175 2700 mortui
186 2678 250 2700 sunt
260 2675 367 2709 reperti.
389 2674 555 2702 iudicavisse
566 2674 647 2701 deum
659 2675 762 2706 dicunt,
776 2681 801 2702 et
811 2684 875 2702 eum

1212 137 1231 163 1.
1262 137 1354 163 CAP.
1386 139 1416 164 43
1437 153 1474 157 —
1498 139 1534 164 59.
1659 140 1722 165 4059

927 206 1038 241 quidem
1049 206 1141 238 deum,
1153 208 1197 234 cui
1208 207 1306 242 reliqui
1317 208 1357 235 dii
1367 210 1571 240 concessissent,
1580 214 1610 236 ut
1621 215 1724 244 praeter

928 249 1028 270 ceteros
1044 244 1188 271 divinaret.
1227 245 1343 272 XLVlll.
1365 246 1480 272 Affertur
1495 247 1575 273 etiam
1587 247 1620 273 de
1632 247 1724 274 Sileno

928 281 1026 307 sabella
1037 282 1185 316 quaedam:
1208 283 1255 317 qui
1267 291 1353 317 quum
1364 292 1377 309 a
1389 283 1461 309 Mida
1472 289 1565 319 eaptus
1577 289 1660 315 esset,
1675 285 1724 312 hoc

928 320 952 345 ei
974 321 1093 345 muneris
1113 328 1160 354 pro
1181 329 1230 346 sua
1245 321 1373 347 missione
1389 321 1497 347 dedisse
1512 322 1652 355 scribitur3
1677 322 1725 349 do-

928 357 1018 382 cuisse
1030 365 1134 391 regem,
1153 366 1204 384 non
1216 359 1290 384 nasci
1303 358 1405 384 homini
1417 358 1494 394 longe
1504 359 1637 394 optimum
1650 368 1722 386 esse:

929 395 1083 428 proximum
1096 400 1194 425 autem,
1208 404 1289 429 quam
1301 396 1420 430 primum
1432 397 1509 423 mori.
1545 398 1601 423 115.
1618 397 1674 429 Qua
1686 402 1726 424 est

929 432 1059 457 sententia
1071 432 1097 457 in
1109 432 1274 466 Cresphonte
1286 442 1352 459 usus
1362 433 1519 468 Euripides:

966 469 1034 494 Num
1045 472 1089 494 aas
1100 472 1211 500 decebat,
1225 476 1309 496 coetus
1320 472 1478 502 celebrantis,
1491 474 1593 497 domum

967 508 1060 539 Iuye're,
1074 508 1118 532 ubi
1129 512 1190 533 esset
1201 509 1298 541 (niquis
1309 510 1335 533 in
1347 510 1425 533 lucem
1438 511 1529 540 editus,

966 544 1093 569 humanae
1104 547 1170 570 vilae
1182 547 1257 570 υάνὶα
1268 548 1411 578 reputantis
1422 548 1504 572 mula:

966 585 1002 610 at,
1015 583 1061 614 qui
1071 583 1170 607 labores
1180 585 1259 608 merle
1269 584 1467 615 finissetyi·m·1's,

966 620 1032 644 hunc
1044 621 1112 644 omni
1123 620 1133 630 *
1145 622 1241 645 amicos
1252 621 1328 645 lotide
1337 625 1359 645 el
1372 622 1471 646 laetitia
1482 623 1594 654 elz-sequi.

930 654 1024 681 Simile
1045 655 1175 690 quiddam
1197 661 1237 683 est
1258 658 1285 682 in
1301 657 1481 684 consolatione
1497 657 1642 684 Crantoris.
1683 658 1727 684 Ait

930 693 1016 723 enim,
1034 693 1194 719 Terinaeum
1209 694 1354 729 quemdam
1367 695 1494 725 Elisium,
1513 704 1598 730 quum
1610 696 1728 730 graviter

906 757 908 764 y
931 729 979 755 lilii
1002 735 1113 756 mortem
1135 736 1276 761 maereret,
1302 733 1410 758 venisse
1432 733 1458 758 in
1478 732 1724 768 psychomantium.

930 772 1117 800 quaerentem,
1141 777 1209 802 quae
1231 768 1327 795 fuisset
1345 775 1431 796 tantae
1446 770 1605 796 calamitatis
1620 778 1724 796 caussa⁴

930 804 998 830 Huic
1010 805 1037 830 in
1048 805 1155 831 tabellis
1167 806 1214 832 tris
1227 806 1384 832 huiusmodi
1396 807 1544 833 versiculos
1555 807 1643 833 datos:

967 842 1071 874 Iynaris
1080 844 1191 868 homines
1203 846 1229 868 in
1240 846 1293 869 vila
1305 846 1427 870 mentibus
1437 850 1535 870 errant.

968 879 1116 911 Euthynous
1124 883 1230 912 politur,
1243 883 1355 914 futorum
1368 884 1477 912 mimine,
1492 883 1548 907 leto.

968 916 1012 942 Sic
1022 919 1071 949 sui!
1083 919 1171 943 utilius
1182 920 1254 950 finiri
1265 920 1362 951 ipsique
1374 920 1477 952 tibique.

933 955 990 979 116.
1013 954 1059 979 llis
1071 959 1096 980 et
1108 954 1208 980 talibus
1220 956 1375 981 auctoribus
1387 956 1443 985 usi,
1462 956 1633 986 confirmant,
1649 964 1728 981 caus-

931 999 988 1016 sam
1006 991 1086 1016 rebus
1103 1001 1116 1017 a
1133 991 1186 1017 diis
1203 993 1402 1019 immortalibus
1420 993 1574 1019 iudicatam.
1621 992 1728 1019 Alcida-

931 1037 988 1054 mas
1000 1028 1120 1063 quidam.
1136 1029 1225 1055 rhetor
1235 1031 1377 1064 antiquus,
1392 1031 1418 1056 in
1432 1032 1526 1065 primis
1539 1031 1647 1061 nobilis,
1662 1032 1729 1056 scri-

931 1066 985 1100 psit
997 1067 1076 1092 etiam
1089 1066 1269 1093 laudationem
1282 1070 1387 1098 mortis,
1411 1077 1479 1102 quae
1495 1073 1597 1094 constat
1613 1077 1646 1094 ex
1662 1077 1729 1094 enu—

931 1105 1076 1129 meratione
1094 1104 1273 1130 humanorum
1292 1105 1434 1131 malorum.
1475 1106 1524 1131 Cui
1542 1106 1656 1132 rationes
1672 1114 1727 1135 eae.

931 1150 999 1176 quae
1011 1142 1175 1176 exquisitius
1187 1152 1200 1168 a
1212 1142 1382 1177 pbilosophis
1389 1143 1562 1178 colliguntur,
1571 1143 1726 1174 deluert1111;

931 1179 1040 1205 ubertas
1062 1179 1189 1205 orationis
1210 1188 1262 1206 non
1284 1179 1379 1206 defuit.
1421 1180 1512 1206 Clarae
1534 1189 1596 1206 vero
1621 1186 1727 1209 mortes.

932 1225 979 1250 pro
995 1217 1078 1251 patria
1094 1218 1241 1251 oppetitae,
1261 1226 1311 1243 non
1323 1218 1411 1243 solum
1423 1218 1554 1253 gloriosae
1567 1218 1727 1244 rhetoribus,

932 1254 979 1279 sed
996 1255 1075 1280 etiam
1093 1254 1184 1280 beatae
1202 1255 1287 1280 videri
1304 1255 1399 1281 solent.
1443 1256 1574 1290 Repetunt
1586 1256 1618 1281 ab
1630 1256 1731 1281 Erech-

908 1303 910 1329 ¹,
932 1291 1006 1317 theo:
1030 1292 1109 1317 cuius
1125 1293 1205 1318 etiam
1223 1292 1292 1318 tiliae
1308 1292 1406 1327 cupide
1419 1298 1529 1318 mortem
1541 1294 1731 1327 expetiverunt

908 1332 910 1348 2'
932 1337 979 1362 pro
997 1329 1050 1355 vita
1066 1330 1182 1355 civium:
1208 1329 1340 1360 Codrum,
1358 1331 1406 1364 qui
1421 1331 1488 1356 sein
1502 1330 1604 1355 medios
1617 1331 1731 1356 immisit

932 1366 1035 1397 hostes,
1050 1372 1123 1393 veste
1136 1366 1273 1398 famulari,
1291 1376 1323 1393 ne
1334 1373 1424 1402 posset
1434 1368 1557 1402 agnosci.
1571 1368 1593 1393 si
1606 1374 1675 1393 esset
1687 1376 1731 1393 or-

908 1418 909 1424 ι
932 1408 994 1429 natu
1007 1404 1095 1439 regio:
1108 1404 1180 1439 quod
1192 1404 1331 1431 oraculum
1343 1410 1398 1431 erat
1409 1405 1510 1435 ilatum.
1527 1405 1551 1430 si
1563 1414 1609 1431 rex
1621 1405 1731 1431 interte-

931 1446 990 1467 ctus
1006 1446 1090 1471 esset,
1113 1442 1238 1468 victrices
1254 1442 1372 1468 Athenas
1394 1442 1458 1468 sore.
1499 1443 1657 1468 Menoeceus
1678 1452 1728 1468 non

931 1479 1164 1513 praetermittitur:
1181 1481 1228 1514 qui
1245 1479 1352 1505 oraculo
1368 1480 1439 1506 edito
1455 1480 1566 1515 largitus
1578 1485 1617 1506 est
1629 1481 1730 1514 patriae

931 1524 1012 1542 suuni
1028 1517 1199 1551 sanguinem.
1240 1517 1379 1553 iphigenia
1395 1517 1492 1544 Aulide
1507 1517 1570 1543 duci
1586 1526 1614 1543 se
1634 1518 1731 1544 immo-

932 1553 1038 1579 landam
1053 1554 1136 1583 iubet,
1151 1560 1178 1580 ut
1192 1554 1308 1580 hostium
1321 1556 1433 1590 sanguis
1445 1555 1567 1581 eliciatur
1578 1564 1637 1581 suo.

986 1591 1081 1618 XLlX.
1104 1592 1221 1618 Veniunt
1238 1592 1299 1618 inde
1311 1592 1343 1618 ad
1356 1594 1490 1627 propiora.
1531 1592 1691 1618 llarniodius
1703 1593 1731 1618 iu

930 1637 975 1654 ore
990 1633 1015 1655 et
1030 1629 1207 1665 Aristogiton:
1227 1630 1454 1656 Lacedaemonius
1467 1629 1610 1660 Leonidas,
1625 1629 1731 1656 Theba-

931 1675 982 1692 nus
994 1666 1194 1701 Epaminondas
1208 1667 1308 1702 vigent.
1350 1669 1458 1694 Nostros
1471 1676 1522 1694 non
1535 1673 1644 1696 norunt;
1663 1676 1731 1701 quos

908 1711 909 1727 ³
931 1712 1088 1730 enumerare
1100 1713 1228 1740 magnum
1241 1710 1293 1731 est:
1312 1705 1345 1731 ita
1357 1711 1420 1731 sunt
1433 1705 1524 1735 inulti,
1540 1705 1642 1740 quibus
1655 1704 1731 1731 vide-

931 1750 992 1768 mus
1005 1742 1139 1776 optabilcs
1151 1747 1249 1768 mortes
1262 1742 1346 1769 fuisse
1356 1752 1417 1769 eum
1429 1743 1524 1777 gloria.

991 1781 1047 1806 117.
1063 1780 1136 1812 Quae
1147 1789 1233 1815 quum
1246 1781 1281 1806 ita
1293 1781 1356 1811 sint,
1371 1789 1466 1815 magna
1479 1786 1567 1806 tamen
1577 1779 1730 1814 eloquentia

930 1822 971 1843 est
987 1818 1132 1848 utendum,
1150 1823 1230 1852 atque
1246 1819 1280 1844 ita
1297 1818 1369 1844 velut
1381 1819 1519 1852 superiore
1531 1826 1544 1843 e
1557 1817 1614 1843 loco
1624 1817 1731 1843 concio-

931 1854 1061 1886 nandum,
1076 1860 1104 1881 ut
1117 1855 1240 1882 homines
1253 1861 1364 1882 mortem
1377 1856 1418 1882 vel
1430 1861 1521 1890 optare
1534 1856 1673 1889 incipiant.
1689 1854 1730 1880 vel

930 1898 1001 1919 certe
1022 1894 1116 1919 timere
1137 1893 1278 1919 desistant.
1321 1894 1387 1919 Nam
1409 1894 1431 1919 si
1451 1902 1596 1927 supremus
1612 1891 1656 1918 ille
1672 1892 1731 1917 dies

931 1938 982 1956 non
999 1931 1220 1959 exstinctionem,
1243 1930 1291 1957 sed
1310 1931 1545 1957 commutationem
1569 1930 1643 1956 affert
1665 1929 1728 1959 loci:

930 1968 996 2002 quid
1013 1968 1180 2002 optabilius?
1200 1968 1247 1994 Sin
1263 1973 1351 1995 autem
1364 1969 1471 2003 perimit
1483 1977 1513 1993 ae
1524 1967 1594 1993 delet
1605 1967 1728 1997 omnino,

930 2005 997 2040 quid
1015 2005 1126 2035 melius,
1149 2014 1230 2040 quam
1248 2007 1274 2032 in
1292 2006 1390 2032 mediis
1402 2007 1471 2032 vitae
1485 2005 1622 2031 laboribus
1633 2004 1731 2030 obdor-

930 2043 1057 2073 miscere.
1075 2048 1100 2069 et
1117 2044 1151 2069 ita
1166 2044 1355 2069 conniventem
1370 2053 1464 2069 somno
1480 2044 1614 2077 consopiri
1629 2042 1731 2076 sempi-

931 2079 1023 2106 terno‘?
1033 2080 1110 2112 Quod
1122 2081 1210 2112 sitiat,
1224 2081 1510 2116 meliorEnnii,‹1uam
1521 2080 1626 2106 Solonis
1636 2080 1728 2106 oratio.

931 2117 978 2143 llic
989 2118 1062 2143 enini
1075 2123 1172 2148 noster.

968 2154 1047 2180 Nemo
1059 2164 1096 2180 me
1108 2157 1231 2182 lacrumis
1241 2157 1350 2186 decoret,
1364 2155 1461 2190 inquit,
1476 2164 1519 2180 ιιιϊ
1529 2157 1622 2188 suria-ra
1633 2155 1691 2186 fletu

967 2194 1047 2224 [nsit.

931 2228 962 2254 ,tt
974 2237 1036 2255 vero
1047 2229 1156 2264 sapiens
1168 2228 1223 2260 itte.

967 2266 1039 2292 Mors
1050 2275 1104 2292 meo
1117 2276 1146 2292 ne
1157 2271 1244 2292 cureat
1257 2267 1394 2292 lacrumis:
1409 2267 1555 2299 linquamus
1566 2267 1656 2290 amicis

1004 2313 1154 2334 nitu-rorem,
1168 2308 1195 2329 ut
1207 2305 1330 2329 celebre-nt
1340 2306 1431 2335 [uarro
1444 2312 1499 2329 cuim
1510 2306 1613 2335 yemitu.

933 2341 988 2366 118.
1012 2341 1065 2366 Nos
1078 2350 1153 2371 vcro,
1166 2341 1190 2367 si
1201 2340 1268 2375 quid
1281 2339 1331 2366 tale
1343 2340 1482 2370 acciderit,
1497 2345 1524 2365 ut
1537 2349 1549 2365 a
1562 2339 1612 2365 deo
1623 2338 1729 2365 denun-

930 2378 1024 2404 tiatum
1042 2378 1178 2407 videatur.
1198 2383 1226 2404 ut
1241 2386 1370 2404 exeamus
1385 2386 1398 2403 e
1416 2378 1482 2406 vita.
1503 2376 1562 2402 laeti
1578 2381 1603 2402 et
1618 2381 1728 2411 agentes

928 2416 1028 2449 gratius
1043 2424 1199 2449 pareamus,
1220 2416 1360 2449 emittique
1377 2423 1424 2440 nos
1439 2423 1452 2439 e
1468 2413 1589 2439 custodia
1605 2418 1631 2439 et
1646 2412 1728 2439 levari

930 2452 1048 2478 vim-ulis
1065 2453 1239 2482 arbitronmr.
1264 2458 1292 2478 ut
1311 2457 1355 2478 aut
1373 2452 1398 2477 iu
1415 2456 1547 2477 aeternam
1564 2456 1588 2476 et
1605 2450 1684 2485 plane
1701 2451 1727 2477 in

930 2495 1046 2515 nostram
1061 2490 1172 2516 (lonium
1189 2490 1381 2523 remigremus,
1399 2494 1443 2514 aut
1458 2489 1530 2514 omni
1548 2496 1629 2514 sensu
1644 2487 1728 2514 mole-

928 2528 1033 2561 stiaque
1049 2536 1202 2553 careamus:
1221 2528 1263 2553 sin
1279 2532 1367 2552 autem
1384 2526 1451 2551 nihil
1463 2525 1680 2555 denuntiabitur,
1697 2534 1728 2552 eo

929 2569 1016 2590 tamen
1032 2565 1120 2591 simus
1135 2566 1239 2594 ariimo.
1257 2570 1285 2591 ut
1303 2563 1460 2590 horribilem
1477 2563 1553 2589 illum
1570 2563 1642 2589 diem
1655 2563 1725 2592 aliis.

929 2602 1005 2627 nohis
1023 2601 1141 2628 satistum
1158 2607 1298 2637 putemus:
1318 2601 1442 2636 nihilque
1455 2602 1480 2627 in
1494 2600 1572 2626 unalis
1583 2600 1724 2629 ducamus.

927 2639 999 2673 (μιοι1
1014 2639 1049 2665 sit
1064 2639 1105 2665 vel
1123 2649 1136 2666 a
1152 2640 1206 2666 diis
1223 2638 1422 2665 immortalibus
1435 2638 1475 2664 vel
1488 2647 1501 2664 a
1514 2643 1606 2664 natura
1619 2644 1726 2672 parente

926 2677 1048 2703 omnium
1066 2678 1252 2704 constitutum.
1295 2677 1351 2703 Non
1363 2677 1435 2702 enim
1449 2681 1546 2702 temere
1558 2684 1607 2702 nec
1619 2675 1726 2702 fortuito

1448 2725 1492 2749 ¹33
1510 2724 1519 2733 ’
