1941 3052
374 145 430 172 AD
462 145 703 178 QUIRITES
737 145 858 172 POST
892 146 1125 172 REDITUM.

73 222 177 245 rentur:
191 215 384 251 rempublicam
395 225 455 242 esse
466 216 567 243 nullam
579 217 681 252 putavi.
715 217 807 252 Itaque
818 225 866 243 ne-

72 263 139 290 que,
156 254 293 289 republica
304 254 491 285 exterminata,
510 254 576 280 mihi
594 254 680 280 locum
695 255 723 280 in
739 255 787 280 hac
799 254 865 280 urbe

73 301 132 319 esse
142 291 217 323 duxi,
232 299 288 321 nec,
301 291 324 317 si
336 291 380 317 illa
393 292 586 323 restitueretur,
599 292 730 322 dubitavi,
743 292 810 326 quin
822 300 865 317 me
885 317 887 325 ,

433 331 472 355 45,
494 330 534 355 Au
546 338 603 365 ego,
620 338 704 364 quum
716 329 784 355 mihi
795 333 866 355 esset
886 359 887 363 Ἰ

72 337 163 356 secum
175 330 233 364 ipsa
244 329 390 355 reduceret.

72 366 331 402 exploratissimum,
349 366 378 392 P.
392 366 536 392 Lentulum
551 367 673 401 proximo
687 375 757 393 anno
767 375 866 392 consu-

73 404 124 430 lem
137 404 271 434 futurum,
289 404 337 438 qui
348 403 403 429 illis
415 404 482 438 ipsis
494 404 657 439 reipublicae
668 404 866 439 periculosissi-

72 441 123 468 mis
135 441 301 476 temporibus
312 441 406 467 aedilis
417 441 533 472 curulis,
552 450 594 467 me
604 441 727 472 consule,
743 441 864 468 omniurn

72 487 191 505 meorum
203 478 375 505 consiliorum
387 479 518 513 particeps
530 479 765 514 periculorumque
776 479 865 505 socius

71 515 180 542 fuisset:
193 515 358 547 dubitarem,
372 517 438 551 quin
449 517 472 542 is
484 525 538 547 me,
556 516 706 542 consectum
717 515 865 542 consulari-

71 553 123 580 bus
135 553 307 585 vulneribus,
324 553 458 580 consulari
472 553 603 580 medicina
615 553 648 579 ad
659 553 772 579 salutem
785 553 866 579 redu—

71 590 159 617 ceret‘?
178 591 232 617 Hoc
243 591 311 617 duce
322 595 347 617 et
357 591 457 626 collega
469 592 541 622 eius,
559 591 770 617 clementissimo
785 595 864 624 atque

70 628 172 663 optimo
183 629 253 658 viro,
271 629 358 663 primo
369 637 420 654 non
432 628 602 659 adversante,
620 632 679 662 post
694 628 772 654 etiam
788 627 866 653 adiu-

71 670 157 697 vante,
166 665 263 700 reliqui
274 666 444 701 magistratus
456 674 539 700 paene
549 674 642 692 omnes
654 665 762 691 fuerunt
773 664 866 691 defen-

70 712 144 730 sores
156 702 250 729 salutis
262 711 344 729 meae.

71 745 139 772 tute,
163 740 327 771 auctoritate,
351 741 497 774 praesidio,
519 740 617 774 copiis,
641 740 670 766 T.
683 740 787 766 Annius
799 745 823 765 et
835 740 863 765 P.

71 777 180 804 Sextius
191 778 335 812 praestanti
347 778 374 803 in
386 786 428 803 me
440 777 623 803 benevolentia
636 781 662 803 et
672 777 764 803 divino
775 777 866 802 studio

71 815 243 841 exstiterunt:
266 815 413 849 eodemque
424 815 453 840 P.
466 814 579 841 Lentulo
589 819 708 845 auctore,
726 818 752 840 et
767 815 865 848 pariter
885 820 886 828 ¹

885 856 894 883 ¹,
916 850 1128 885 belligerandum
1141 850 1205 877 tuit:
1219 858 1280 876 eum
1293 855 1380 877 tamen
1393 851 1550 886 vidi,quum
1563 857 1713 878 essetsum-

70 851 198 878 referente
212 851 327 887 collega,
345 851 581 886 frequentissimus
597 856 718 882 senatus,
741 860 794 877 uno
809 851 865 877 dis-

69 890 213 919 sentiente,
227 889 302 915 nullo
312 889 503 919 intercedente,
517 889 673 925 dignitatem
686 897 786 919 meam,
802 889 865 923 qui·
885 888 886 918 ζ

70 926 121 953 bus
133 927 227 960 potuit,
241 927 330 952 verbis
342 926 518 961 amplissimis
529 927 641 957 ornavit,
650 926 764 952 salutem
777 926 862 956 vobis,
885 939 886 942 =

71 964 225 998 municipiis
236 963 401 999 coloniisque
412 964 539 990 omnibus
550 963 758 990 commendavit.
780 965 820 989 ⁴6.
828 964 864 989 lta

70 1009 121 1032 me,
135 1000 238 1027 nudum
250 1010 263 1027 a
275 1002 447 1036 propinquis,
464 1001 538 1027 nulla
549 1002 705 1037 cognatione
717 1001 862 1031 munitum,

69 1038 202 1069 consules,
216 1043 358 1073 praetores,
371 1039 471 1064 tribuni
482 1038 578 1073 plebis,
587 1043 704 1069 senatus,
713 1038 786 1064 ltalia
797 1047 864 1064 cun-

69 1080 109 1102 cta
121 1083 227 1110 semper
237 1084 251 1102 a
263 1076 339 1102 vobis
351 1075 490 1110 deprecata
501 1081 553 1102 est:
571 1076 689 1111 denique
699 1084 802 1107 omneS,
815 1075 862 1110 qui

69 1113 166 1139 vestris
182 1113 308 1139 maximis
323 1113 460 1140 beneficiis
477 1113 678 1148 honoribusque
694 1115 756 1139 sunt
767 1113 861 1143 ornati,

69 1149 191 1185 producti
206 1150 239 1176 ad
256 1159 302 1177 vos
313 1151 345 1177 ab
357 1150 463 1182 eadem,
481 1159 532 1177 non
548 1151 636 1177 solum
653 1151 685 1177 ad
701 1159 743 1176 me
757 1159 864 1176 conser-

70 1187 186 1214 vandum
199 1196 246 1214 vos
257 1188 385 1214 cohortati
396 1193 470 1219 sunt,
489 1188 536 1214 sed
550 1189 628 1214 etiam
641 1197 729 1214 rerum
743 1196 862 1214 mearum

68 1230 203 1261 gestarum
215 1230 342 1257 auctores,
357 1230 446 1256 testes,
461 1225 608 1252 laudatores
620 1225 737 1252 fuerunt.

123 1262 177 1289 VH.
200 1262 319 1294 Quorum
340 1263 465 1297 princeps
486 1263 518 1289 ad
533 1263 709 1290 cohortandos
726 1273 772 1290 vos
789 1268 814 1289 et
829 1262 862 1289 ad

69 1299 201 1335 rogandos
216 1299 325 1326 suiten.
337 1301 494 1334 Pompeius,
512 1301 554 1326 vir
568 1301 703 1331 omnium,
726 1301 773 1336 qui
789 1306 861 1332 sunt,

69 1336 190 1367 fuerunt,
208 1341 298 1368 erunt,
317 1338 428 1368 virtute,
445 1337 576 1372 sapientia
587 1346 617 1363 ac
627 1338 710 1373 gloria
723 1339 861 1373 princeps:

68 1375 116 1410 qui
132 1374 198 1400 mihi
215 1382 286 1400 unus
302 1375 348 1400 uni
365 1375 468 1409 privato
479 1375 564 1401 amico
575 1375 667 1401 eadem
679 1377 766 1402 omnia
778 1376 861 1406 dedit,

68 1420 137 1447 quae
148 1412 289 1438 universae
301 1411 478 1446 reipublicae:
501 1412 625 1443 salutem,
638 1413 733 1443 otium,
747 1413 864 1449 dignita-

68 1454 133 1476 tem.
154 1448 238 1475 Cuius
249 1449 332 1476 oratio
343 1449 401 1480 fuit,
415 1449 643 1484 quemadmodum
655 1451 754 1485 accepi,
768 1451 864 1485 tripar-

68 1487 124 1513 tita.
156 1486 276 1512 Primum
287 1495 335 1513 vos
346 1486 444 1517 docuit¹
459 1487 526 1513 meis
537 1487 656 1513 consiliis
669 1488 862 1523 rempublicam

67 1532 127 1550 esse
138 1528 282 1554 servatam,
300 1532 479 1559 caussamque
494 1533 579 1550 meam
597 1533 659 1551 cum
671 1526 807 1551 communi
819 1534 864 1551 sa-

69 1560 123 1588 lute
133 1561 285 1592 coniunxit,
299 1561 473 1596 hortatusque
484 1566 536 1592 est,
552 1566 580 1588 ut
591 1563 772 1589 auctoritatem
785 1571 863 1589 sena-
890 1556 893 1589 ,¹

891 1603 893 1620 ἰ
914 1599 956 1625 dis
972 1599 1080 1634 agebat:
1103 1607 1152 1634 ego
1167 1599 1200 1624 de
1217 1599 1284 1633 ipsis
1301 1599 1417 1625 inimicis
1439 1605 1554 1630 tantum,
1577 1605 1710 1634 quantum

67 1603 120 1630 tus,
134 1603 231 1624 statum
243 1599 368 1630 civitatis,
382 1598 501 1626 fortunas
512 1599 580 1625 civis
593 1599 659 1625 bene
672 1601 758 1626 meriti
769 1600 864 1626 desen-

66 1636 178 1663 deretis:
196 1640 252 1662 tum
264 1636 290 1662 in
303 1636 449 1671 perorando
460 1637 562 1671 posuit,
576 1645 623 1663 vos
635 1638 719 1671 rogari
732 1647 744 1663 a
757 1642 860 1668 senatu,

67 1673 152 1709 rogari
163 1673 196 1699 ab
210 1674 348 1708 equitibus
360 1674 498 1705 Romanis,
517 1675 603 1710 rogari
619 1674 652 1700 ab
663 1675 736 1700 ltalia
751 1680 861 1701 cuncta:

66 1710 183 1746 denique
194 1710 251 1745 ipse
262 1711 294 1737 ad
306 1716 455 1738 extremum
468 1720 515 1746 pro
526 1720 585 1738 mea
596 1720 644 1738 vos
655 1712 741 1738 salute
753 1721 804 1739 non
821 1721 862 1739 ro-

66 1748 140 1784 gavit
150 1747 251 1779 solum,
269 1757 363 1775 verum
379 1749 459 1775 etiam
471 1749 628 1776 obsecravit.
672 1751 712 1776 ⁴7.
735 1750 802 1776 Huic
813 1758 862 1786 ego

67 1785 182 1816 homini,
203 1785 332 1818 Quirites,
351 1791 454 1812 tantum
465 1786 562 1818 debeo,
579 1791 711 1822 quantum
725 1787 861 1814 hominem

67 1822 167 1849 homini
179 1823 275 1849 debere
289 1823 334 1850 vix
345 1823 384 1850 fas
395 1828 444 1850 est.
477 1824 562 1851 liuius
573 1824 698 1855 consilia,
712 1825 741 1851 P.
755 1825 861 1851 Lentuli

66 1860 224 1886 sententiam
233 1881 239 1891 ,
252 1866 361 1887 senatus
372 1862 555 1888 auctoritatem
567 1871 614 1888 vos
626 1863 724 1893 secuti,
738 1863 764 1889 in
777 1871 807 1889 eo
819 1871 862 1889 me

67 1897 135 1929 loco,
154 1898 180 1924 in
196 1906 250 1932 quo
265 1899 362 1925 vestris
378 1898 515 1925 beneficiis
527 1899 643 1930 sueram,
661 1900 757 1926 iisdem
767 1904 862 1926 centu-

65 1935 122 1965 riis,
135 1934 237 1969 quibus
248 1935 422 1967 collocaratis,
436 1937 604 1971 reposuistis.
630 1937 730 1963 Eodem
743 1942 861 1972 tempore

65 1971 180 1998 audistis
195 1972 288 1998 eodem
303 1981 336 1999 ex
354 1972 409 1999 loco
424 1982 546 2000 summos
568 1975 653 2004 viros,
676 1975 861 2001 ornatissimos

65 2013 145 2044 atque
156 2009 338 2044 amplissimos
350 2010 480 2041 homines,
489 2011 624 2046 principes
635 2012 760 2043 civitatis,
768 2021 861 2039 omnes

65 2045 233 2078 consulares,
268 2055 361 2073 omnes
391 2049 535 2082 praetorios
569 2049 661 2075 eadem
692 2049 794 2080 dicere,
832 2053 862 2076 ut

65 2084 186 2111 omnium
203 2084 355 2111 testimonio
371 2093 418 2119 per
432 2094 474 2111 me
490 2094 575 2111 unum
591 2086 786 2120 rempublicam
797 2095 861 2113 con-

65 2125 196 2147 servatam
212 2129 272 2147 esse
286 2126 427 2148 constaret.
468 2123 558 2157 ltaque
573 2132 658 2158 quum
675 2124 703 2150 P.
717 2123 858 2154 Servilius,

64 2159 244 2195 gravissimus
256 2159 296 2185 vir
307 2164 332 2185 et
343 2160 531 2186 ornatissimus
542 2160 624 2190 civis,
638 2161 764 2192 dixisset,
780 2170 860 2196 opera

65 2203 123 2222 mea
138 2196 332 2231 rempublicam
347 2197 509 2223 incolumem
521 2198 722 2233 magistratibus
732 2199 860 2233 deinceps

65 2232 197 2264 traditam,
211 2233 337 2260 dixerunt
349 2234 375 2260 in
387 2234 508 2260 eamdem
519 2236 678 2262 sententiam
689 2237 779 2262 ceteri.
807 2236 860 2263 Sed

64 2270 178 2297 audistis
193 2279 224 2297 eo
238 2275 356 2305 tempore
366 2271 509 2297 clarissimi
520 2272 572 2298 viri
584 2281 634 2299 non
646 2272 733 2299 solum
745 2274 861 2300 auctori-

65 2311 158 2338 tatem,
180 2308 227 2334 sed
242 2309 321 2334 etiam
338 2309 536 2340 testimonium,
554 2309 583 2335 L.
597 2309 691 2337 Gellii:
713 2311 775 2345 qui,
795 2311 859 2346 quia

65 2352 141 2371 suam
161 2345 274 2372 classem
295 2350 449 2372 attentatam
471 2355 567 2382 magno
587 2355 648 2373 cum
669 2356 718 2374 suo
741 2348 861 2382 periculo

65 2389 148 2417 paene
162 2383 259 2414 sensit,
281 2382 350 2409 dixit
365 2384 392 2410 in
407 2384 534 2409 concione
550 2388 651 2411 vestra:
673 2386 696 2410 ei
706 2394 751 2418 09⁰
762 2387 858 2415 consul,

65 2427 142 2452 quum
151 2422 203 2453 Ῑιιί,
220 2429 271 2446 non
279 2423 398 2454 fuissem,
416 2422 598 2454 rempublicam
613 2424 730 2455 [unditus
740 2424 861 2448 fraterint-

63 2464 121 2482 ram
129 2459 216 2490 [uisae.

118 2493 183 2520 Vlll.
208 2495 248 2520 ⁴8.
269 2494 309 2521 En
331 2503 380 2531 ego
400 2499 436 2521 tot
457 2495 631 2526 testimoniis,
653 2495 784 2527 Quirites.
811 2495 860 2522 hac

64 2531 217 2558 auctoritate
232 2536 356 2563 senatus,
379 2537 449 2558 tanta
470 2533 645 2559 consensione
662 2532 763 2563 ltaliae,
788 2537 859 2560 tanto

64 2567 153 2594 studio
164 2568 294 2595 honorum
305 2570 439 2600 omnium,
453 2575 548 2605 agente
560 2570 587 2596 P.
601 2569 726 2600 Lentulo,
744 2579 860 2597 consen-

65 2603 192 2632 tientibus
205 2607 299 2632 ceteris
316 2607 531 2642 magistratibus,
549 2607 707 2641 deprecante
719 2608 767 2634 Cn.
782 2608 859 2634 l’om-

65 2641 136 2675 peio,
158 2643 285 2670 omnibus
306 2644 462 2670 hominibus
484 2644 650 2675 faventibus,
673 2645 726 2670 (liis
741 2644 858 2680 denique

64 2677 260 2706 immortalibus
271 2680 379 2717 frugum
392 2682 519 2712 ubertate,
532 2682 617 2717 copia,
632 2681 731 2708 vilitate
743 2682 858 2709 reditum

384 703 425 729 Ex
435 703 536 737 quibus
547 702 688 729 excellenti
700 702 797 733 animo,
811 703 866 728 vir·
885 726 886 731 ,

1161 145 1179 172 C
1194 145 1215 171 A
1229 146 1258 172 P.
1293 148 1306 171 3
1327 162 1363 165 -
1384 148 1408 172 9.
1660 149 1709 175 475

916 224 1006 242 meum
1017 216 1263 250 comprobantibus,
1276 216 1352 247 mihi,
1367 217 1443 248 meis,
1460 217 1622 251 reipublicae
1634 220 1713 245 resti-

917 258 1003 284 tutus,
1022 257 1124 279 tantum
1137 254 1226 284 vobis,
1243 259 1375 288 quantum
1388 254 1472 280 facere
1484 263 1608 288 possum,
1622 255 1712 288 Quiri-

917 295 969 321 tes,
992 291 1150 325 pollicebor:
1178 292 1309 325 primum,
1332 300 1385 326 qua
1405 292 1568 318 sanctissimi
1590 292 1712 319 homines

917 329 1013 363 pietate
1029 337 1090 363 erga
1107 328 1170 354 deos
1187 328 1348 354 immortales
1365 337 1424 355 esse
1439 328 1538 360 solent,
1561 330 1652 356 eadem
1669 339 1712 357 me

917 374 977 401 erga
994 365 1125 400 populum
1137 366 1286 392 Romanum
1303 374 1409 401 semper
1424 365 1479 392 fore
1495 375 1649 402 numenque
1666 376 1713 394 ve-

886 406 887 411 *
916 408 1001 429 strum
1023 411 1107 438 aeque
1127 403 1192 429 mihi
1214 412 1294 438 grave
1310 408 1335 429 et
1350 408 1471 430 sanctum
1488 412 1517 430 ac
1532 404 1642 431 deorum
1661 406 1714 431 im-

917 440 1069 467 mortalium
1080 441 1107 466 in
1118 441 1191 466 omni
1203 441 1256 466 vita
1269 440 1404 467 futurum:
1417 441 1522 472 deinde,
1531 442 1657 476 quoniam
1670 451 1713 469 me

917 478 943 503 in
960 478 1094 503 civitatem
1111 477 1262 512 respublica
1278 478 1336 512 ipsa
1357 478 1476 509 reduxit,
1498 479 1573 505 nullo
1593 488 1635 505 me
1656 479 1713 506 loco

917 515 1081 549 reipublicae
1091 514 1258 541 defuturum.
1301 517 1342 541 ⁴9.
1365 515 1441 547 Quod
1457 516 1479 542 si
1491 517 1554 550 quis
1565 517 1710 548 existimat,

893 571 894 575 ,
918 561 960 578 me
972 557 1017 578 aut
1029 552 1163 578 voluntate
1174 561 1233 578 esse
1245 557 1343 579 mutata
1355 558 1400 579 aut
1411 553 1547 579 debilitata
1560 554 1656 580 virtute
1668 559 1713 581 aut

916 590 1005 615 animo
1016 589 1106 620 fracto,
1121 590 1291 615 vehementer
1302 595 1379 616 errat.
1402 591 1476 621 Mihi,
1490 591 1562 626 quod
1574 592 1659 626 potuit
1672 593 1713 618 vis

917 632 942 652 et
957 627 1054 652 iniuria
1071 631 1096 653 et
1110 627 1298 653 sceleratorum
1315 627 1454 654 hominum
1471 627 1543 654 furor
1563 628 1710 660 detrahere,

916 664 1024 698 eripuit,
1037 664 1156 694 abstulit,
1170 664 1326 698 dissipavit:
1343 665 1415 699 quod
1428 666 1484 691 viro
1496 665 1554 691 sorti
1566 666 1649 692 adimi
1661 675 1712 693 non

917 706 1010 736 potest,
1024 701 1052 727 id
1064 706 1151 727 manet
1162 706 1187 727 et
1198 702 1372 736 permanebit.
1403 702 1463 728 Vidi
1475 711 1523 738 ego
1536 703 1712 730 fortissimum

917 739 1019 769 virum,
1043 739 1206 773 municipem
1218 747 1322 769 meum,
1346 739 1374 765 C.
1386 740 1514 770 Marium,
1536 755 1573 760 —
1584 742 1712 775 quoniam

917 776 1007 806 nobis,
1025 776 1103 810 quasi
1115 775 1203 810 aliqua
1216 775 1288 802 fatali
1301 777 1469 807 necessitate,
1487 786 1538 803 non
1550 778 1637 804 solum
1650 787 1710 804 cum

917 813 968 843 his,
981 813 1029 848 qui
1042 813 1106 838 haec
1117 813 1204 839 delere
1217 813 1374 844 voluissent,
1383 814 1428 839 sed
1442 815 1521 840 etiam
1533 823 1594 840 cum
1608 815 1711 842 fortuna

916 896 958 913 ma
975 892 1124 918 senectute,
1142 896 1195 914 non
1211 887 1290 914 modo
1306 897 1357 914 non
1375 888 1485 915 infracto
1501 890 1589 915 animo
1606 895 1712 924 propter

917 925 1130 960 magnitudinem
1142 925 1308 955 calamitatis,
1323 926 1369 951 sed
1381 926 1534 952 confirmato
1545 931 1624 961 atque
1636 936 1713 953 reno—

917 967 985 988 vato.
1026 964 1068 988 ⁶20.
1089 961 1173 994 Quem
1186 968 1290 997 egomet
1301 963 1388 989 dicere
1400 963 1504 993 audivi,
1520 968 1574 989 tum
1587 973 1616 990 se
1628 964 1712 991 fuisse

917 1000 1060 1030 miserum,
1078 1008 1163 1034 quum
1175 1004 1274 1026 careret
1285 1001 1381 1034 patria,
1399 1009 1480 1035 quam
1495 1001 1633 1027 obsidione
1646 1001 1713 1028 libc-

916 1037 1042 1069 ravisset3
1065 1045 1151 1071 quum
1167 1046 1215 1063 sua
1231 1037 1299 1063 bona
1315 1038 1445 1072 possideri
1458 1038 1491 1064 ab
1502 1039 1619 1064 inimicis
1631 1048 1660 1065 ac
1671 1039 1713 1065 di-

916 1075 967 1109 ripi
980 1074 1097 1106 audiret3
1120 1083 1205 1109 quum
1222 1074 1415 1101 adolescentem
1429 1075 1513 1101 tilium
1527 1075 1628 1102 videret
1640 1077 1713 1102 eius-

916 1112 977 1138 dem
993 1113 1096 1138 socium
1112 1112 1285 1144 calamitatis3
1302 1121 1387 1147 quum
1404 1113 1430 1138 in
1447 1112 1592 1147 paludibus
1608 1113 1712 1140 demer-

915 1158 976 1181 sus,
994 1158 1126 1176 concursu
1138 1158 1167 1176 ac
1178 1150 1359 1176 misericordia
1375 1150 1602 1176 Minturnensium
1614 1159 1713 1187 corpus

916 1195 945 1213 ac
967 1187 1048 1213 vitam
1068 1196 1145 1213 suam
1166 1192 1362 1219 conservassem
1385 1196 1470 1222 quum
1490 1197 1571 1223 parva
1590 1190 1711 1216 navicula

916 1225 1041 1250 traiectus
1056 1225 1083 1251 in
1099 1224 1230 1255 Africam,
1248 1225 1349 1260 quibus
1365 1234 1445 1262 regna
1461 1228 1518 1261 ipse
1534 1227 1656 1258 dederat,
1679 1227 1712 1253 ad

916 1270 960 1288 eos
977 1262 1053 1296 inops
1070 1262 1241 1297 supplexque
1258 1263 1388 1289 venisset:
1413 1270 1564 1298 recuperata
1587 1273 1648 1291 vero
1663 1273 1712 1290 sua

915 1299 1058 1335 dignitate,
1075 1308 1104 1325 se
1116 1309 1167 1325 uon
1179 1300 1402 1331 commissurum,
1421 1306 1462 1332 ut,
1480 1310 1565 1336 quum
1577 1310 1619 1333 ea,
1642 1310 1712 1336 quae

915 1337 1048 1367 amiserat,
1063 1337 1114 1363 sibi
1128 1338 1247 1363 restituta
1261 1343 1359 1367 essent,
1369 1339 1493 1364 virtutem
1507 1339 1588 1364 animi
1602 1348 1652 1365 non
1665 1339 1713 1365 ha-

916 1374 996 1404 beret,
1010 1383 1090 1408 quam
1104 1383 1251 1409 numquam
1264 1375 1434 1409 perdidisset.
1466 1376 1516 1402 Sed
1531 1376 1578 1401 hoc
1591 1377 1659 1402 inter
1670 1386 1711 1402 me

915 1416 995 1446 atque
1007 1411 1084 1437 illum
1097 1412 1219 1442 interest,
1237 1412 1309 1446 quod
1326 1412 1383 1443 ille,
1400 1422 1452 1447 qua
1466 1422 1492 1438 re
1503 1413 1651 1448 plurimum
1665 1422 1712 1448 po-

916 1449 978 1479 tuit,
1001 1457 1030 1475 ea
1047 1449 1104 1483 ipsa
1121 1457 1148 1475 re
1164 1449 1287 1475 inimicos
1299 1458 1362 1476 suos
1374 1450 1446 1476 ultus
1457 1455 1510 1481 est,
1533 1451 1627 1477 armis:
1650 1460 1709 1486 ego,

914 1495 967 1521 qua
979 1486 1121 1517 consuevi,
1135 1491 1206 1513 utar:
1229 1487 1356 1521 quoniam
1368 1487 1407 1513 illi
1419 1488 1467 1513 arti
1480 1488 1505 1514 in
1518 1488 1588 1514 bello
1599 1496 1628 1514 ac
1640 1489 1711 1514 sedi-

916 1525 985 1550 tione
998 1523 1071 1550 locus
1083 1528 1135 1554 est,
1155 1524 1216 1550 buic
1233 1525 1259 1550 in
1276 1533 1339 1558 pace
1355 1530 1433 1559 atque
1444 1526 1506 1551 otio.
1548 1527 1588 1551 ΞἸ.
1611 1525 1712 1557 Quam-

914 1570 995 1596 quam
1013 1561 1057 1587 ille
1073 1562 1162 1587 animo
1178 1562 1243 1587 irato
1259 1562 1324 1587 nihil
1343 1562 1392 1587 nisi
1405 1562 1437 1588 de
1450 1563 1566 1588 inimicis
1579 1563 1711 1589 ulciscen-

915 1637 981 1662 mihi
1004 1636 1155 1670 respublica
1172 1637 1315 1671 permittet,
1339 1637 1469 1672 cogitabo.
1511 1638 1556 1663 lX.
1580 1638 1708 1672 Denique,

914 1673 1046 1706 Quirites,
1063 1674 1190 1708 quoniam
1207 1682 1249 1699 me
1260 1678 1386 1708 quattuor
1396 1675 1505 1700 omnino
1516 1683 1611 1710 genera
1625 1675 1711 1701 bomi-

915 1720 979 1737 num
1002 1710 1144 1742 violarunt,
1167 1720 1252 1737 unum
1268 1720 1374 1741 eorum,
1397 1713 1443 1746 qui
1460 1712 1521 1738 odio
1537 1712 1708 1747 reipublicae,

913 1748 986 1783 quod
998 1757 1055 1774 eam
1068 1749 1136 1783 ipsis
1148 1749 1240 1775 invitis
1254 1757 1452 1779 conservaram,
1471 1750 1538 1775 mihi
1554 1750 1711 1776 inimicissi-

914 1787 949 1812 mi
964 1785 1086 1812 fuerunt:
1103 1786 1230 1817 alterum,
1248 1787 1295 1821 qui
1309 1795 1356 1821 per
1367 1787 1565 1813 simulationem
1579 1788 1710 1813 amicitiae

914 1823 1013 1850 nefarie
1025 1832 1068 1849 me
1079 1823 1267 1858 prodiderunt:
1292 1825 1413 1855 tertium,
1427 1825 1488 1859 qui,
1507 1833 1591 1859 quum
1604 1830 1711 1859 propter

913 1861 1035 1888 inertiam
1047 1870 1124 1888 suam
1137 1861 1228 1887 eadem
1241 1862 1348 1896 assequi
1362 1871 1413 1888 non
1426 1867 1542 1897 possent,
1557 1862 1711 1889 inviderunt

914 1898 985 1925 laudi
997 1903 1023 1925 et
1033 1898 1156 1935 dignitati
1169 1907 1256 1925 meae:
1270 1903 1405 1934 quartum,
1419 1900 1475 1934 qui,
1489 1908 1573 1934 quum
1586 1901 1710 1926 custodes

913 1935 1077 1971 reipublicae
1088 1944 1147 1962 esse
1158 1936 1298 1967 deberent,
1317 1936 1430 1963 salutem
1444 1946 1542 1966 mcum,
1561 1942 1660 1963 statum
1672 1938 1710 1963 ei-

913 1974 1011 2004 vitatis,
1020 1973 1176 2009 dignitatem
1188 1975 1246 2000 eius
1258 1975 1373 2008 imperii,
1382 1974 1452 2009 quod
1466 1980 1519 2000 erat
1533 1984 1613 2009 penes
1626 1975 1707 2009 ipsos,

913 2011 1104 2038 vendiderunt:
1118 2012 1157 2037 sic
1169 2011 1282 2037 ulciscar
1293 2020 1388 2047 genera
1400 2012 1521 2047 singula,
1535 2012 1710 2047 quemadmo-

912 2048 976 2075 dum
989 2057 1002 2074 a
1014 2049 1170 2084 quibusque
1181 2057 1243 2075 sum
1257 2054 1429 2084 provocatus:
1453 2049 1535 2075 malos
1551 2050 1624 2075 cives
1641 2059 1710 2076 rem-

913 2086 1048 2121 publicam
1061 2086 1128 2112 bene
1139 2086 1264 2122 gerendo,
1284 2087 1398 2121 pei-lidos
1409 2088 1509 2113 amicos
1522 2087 1587 2113 nihil
1599 2087 1710 2113 creden-

912 2123 946 2150 do
957 2129 1037 2158 atque
1048 2124 1136 2150 omnia
1147 2123 1275 2154 cavendo,
1284 2124 1390 2150 invidos
1403 2125 1495 2150 virtuti
1507 2129 1531 2150 et
1542 2124 1641 2159 gloriae
1654 2133 1710 2150 ser-

913 2161 1023 2191 viendo,
1047 2166 1205 2187 mercatores
1221 2162 1419 2195 provinciarum
1436 2162 1583 2187 revocando
1598 2161 1707 2188 domum

911 2203 991 2233 atque
1007 2198 1040 2224 ab
1056 2198 1089 2224 iis
1106 2199 1302 2232 provinciarum
1320 2199 1447 2225 rationem
1470 2199 1622 2233 repetendo.
1664 2201 1705 2225 ἐξ.

911 2236 1080 2270 Quamquam
1093 2236 1159 2261 milii
1172 2236 1264 2262 maiori
1276 2245 1354 2261 curae
1366 2236 1650 2271 cst,qiuunanlmodum
1663 2245 1710 2261 vo-

912 2273 967 2303 bis,
985 2272 1130 2307 quideme
1142 2273 1206 2298 estis
1221 2273 1321 2307 optime
1338 2274 1438 2302 meriti,
1456 2278 1567 2308 gratiam
1585 2273 1705 2301 reseram,

911 2318 1003 2345 quum,
1019 2309 1247 2344 quemadmodum
1261 2310 1428 2336 inimicorum
1442 2311 1553 2336 iniurias
1564 2310 1708 2336 crudelita-

912 2352 1019 2381 temque
1031 2355 1185 2381 persequar.
1221 2347 1326 2372 Etenim
1339 2347 1507 2373 ulciscendae
1520 2348 1632 2373 iniuriae
1644 2347 1709 2373 taci-

913 2384 962 2410 lior
973 2384 1037 2410 ratio
1049 2389 1101 2413 cst,
1119 2392 1200 2417 quami
1213 2383 1335 2410 bcucticii
1351 2385 1550 2412 reiuuiwrandi.
1571 2389 1707 2419 propterea

910 2421 983 2456 quod
999 2422 1164 2455 superiorem
1180 2430 1239 2446 csse
1254 2426 1343 2447 contra
1359 2421 1494 2455 iiuprobos
1509 2422 1597 2447 miuus
1610 2427 1649 2448 cst
1662 2431 1708 2448 ne-

887 2489 889 2495 *
910 2459 983 2493 gotii,
992 2467 1073 2492 quam
1087 2458 1163 2484 bonis
1174 2459 1331 2492 exaequari:
1346 2463 1401 2484 tum
1414 2460 1493 2484 etium
1506 2468 1538 2485 ne
1551 2464 1602 2485 tam
1615 2468 1708 2485 ueces-

911 2498 1011 2522 snrium
1023 2495 1133 2530 quidem
1146 2500 1198 2525 est,
1213 2495 1281 2521 male
1293 2497 1407 2524 meritis,
1421 2505 1502 2530 quam
1515 2497 1614 2530 optimo
1627 2497 1707 2523 meri-

911 2534 944 2559 tis
957 2533 1062 2563 referre,
1075 2533 1147 2567 quod
1159 2533 1266 2559 debeas.
1301 2535 1341 2559 2²3.
1354 2533 1452 2559 Odium
1466 2533 1506 2559 vel
1520 2534 1644 2568 precibus
1656 2535 1706 2560 nii—

911 2571 986 2603 tigari
1000 2575 1094 2605 potest.
1109 2570 1149 2596 vet
1163 2570 1327 2604 temporibus
1340 2570 1502 2605 reipublicae
1513 2572 1705 2606 communique,

911 2607 1145 2642 uuluae-deponi,
1164 2607 1205 2633 vel
1217 2607 1374 2634 difficultate
1386 2608 1531 2634 ulciscendi
1545 2609 1639 2639 teneri,
1663 2608 1704 2634 vel

911 2650 1041 2671 vetustate
1053 2645 1153 2671 sedari:
1173 2643 1240 2670 bene
1252 2646 1360 2671 meritos
1371 2646 1437 2680 quin
1449 2645 1529 2675 colas.
1543 2655 1590 2672 uec
1601 2646 1704 2672 exorari

910 2681 949 2708 l'as
965 2687 1004 2709 est
1020 2691 1067 2709 nec
1083 2683 1109 2708 id
1126 2682 1288 2716 reipublicae
1304 2688 1420 2717 repetere
1436 2688 1582 2719 utcumque
1598 2692 1705 2710 neccsse

1439 2731 1471 2755 tiu
1487 2730 1498 2741 ·
