1941 3052
238 122 298 144 titio
798 119 852 143 t253.
888 118 922 143 M.

229 189 289 215 alii-⁴
301 199 313 214 a
328 188 409 217 liu-vn.
421 188 480 214 aliis
492 197 505 212 a
517 186 608 213 dextra
620 186 710 212 dutum
723 191 760 212 est
773 187 880 217 avibus.
895 193 922 213 ut
934 193 1018 214 ratum

228 227 380 260 alisqui-ium
397 226 479 250 fai-vri·
493 225 611 258 possint?
630 223 768 255 Quomodo
779 230 866 250 nutem
880 224 956 253 hat-r,
975 231 1020 251 nut

228 263 344 297 aplaudo,
358 268 401 287 aut
413 272 425 286 a
438 261 538 295 quihus
551 262 656 286 iuveutn
668 261 810 286 dicemus?
821 262 923 287 Etrusci
932 266 1018 288 mnu-n
1040 281 1042 291 ,

230 300 326 325 hnlwnt
342 303 476 324 exau-ntum
494 306 606 332 pinorum
622 303 754 323 iim-torem
771 298 931 332 disciplinae
943 308 1016 325 suae.
1040 302 1041 310 ¹

230 338 280 362 Nus
292 337 391 370 quin-1¹1⁴*
403 336 536 360 tuillium·
550 334 682 360 Navium‘?
702 335 733 360 At
748 335 850 369 aliquot
861 337 938 362 annis
950 337 1019 362 anti-

228 375 305 408 quior
319 372 445 398 litunulus
461 377 485 397 et
498 372 609 400 ltemus,
627 371 706 397 autho
721 381 850 407 augureS,
870 378 897 399 ut
913 375 1019 408 accepi—

228 419 297 435 mus.
342 410 380 434 Au
398 408 546 434 l'isitlarum
566 413 611 434 aut
625 409 739 434 Cilicum
755 415 800 435 aut
817 410 951 445 Phrygum
970 411 1017 436 ista

229 449 332 472 iuxenta
345 446 485 471 dit-emus?
506 445 592 471 Placet
605 446 698 478 igitur,
713 446 1018 482 humanitatisexpertes

228 483 323 509 hahert¹
339 482 488 508 divinitutis
500 483 638 508 auctores?

227 528 310 553 reges,
325 519 425 553 populi,
441 520 560 545 nationes
573 524 684 546 utuntur
695 521 834 555 auspiciis.
862 522 943 553 Quasi
957 531 1018 548 vero

225 557 373 591 quidquam
386 557 420 582 sit
432 561 482 582 tam
497 556 586 586 valde.
599 565 680 591 (luam
693 558 759 584 nihil
773 567 875 592 sapere,
891 559 1013 592 vulgare:

225 599 268 619 ant
290 594 366 628 qimsi
389 593 504 628 tibiipsi
530 594 555 619 in
579 594 722 620 iudicando
741 595 842 629 placeat
857 596 1014 622 multitudo!

224 637 321 665 «pintus
333 631 449 665 quisque
460 635 508 660 est,
517 631 563 665 qui
577 631 738 666 voluptatem
751 638 892 667 negetesse
901 633 1018 659 honum‘?

226 669 347 702 Plerique
357 668 436 693 etiam
448 676 585 694 summum
597 668 696 695 bonum
709 669 811 696 dicunt.
853 671 922 696 Num
937 671 1018 704 igitur

224 714 315 731 eorum
329 704 476 739 frequentia
488 705 568 731 Stoici
580 705 613 731 (le
629 708 758 733 sententia
775 706 959 734 deterrentur?
972 713 1017 734 aut

225 751 288 768 num
305 741 441 776 plerisque
458 742 484 768 in
501 742 581 767 rebus
597 745 720 777 sequitur
730 752 822 770 eorum
834 746 1016 771 auctoritatem
1038 751 1039 771 1

225 778 386 806 multitudo?
405 779 474 810 Quid
493 780 590 805 mirum
608 781 702 814 igitur,
725 782 747 807 si
766 782 790 807 in
807 783 937 816 auspiciis
953 783 1015 808 etin
1038 784 1040 799 ῑ

667 483 793 510 xxxix.
816 486 857 510 8¹.
879 485 909 510 At
925 494 1017 511 omncs
1040 511 1041 521 ἵ

957 118 986 144 Τ.
1021 117 1293 144 cici-:noxis

1040 188 1049 223 ’ἶ
1071 194 1109 214 tam
1120 188 1250 222 erupisse,
1261 188 1286 214 in
1294 187 1386 214 robore
1398 188 1544 224 insculptas
1555 190 1702 224 priscarum
1716 189 1862 218 litterarum

1048 251 1049 254 Ἰ
1071 227 1149 251 notin.
1178 225 1201 251 Ιιι
1211 230 1250 250 ent
1263 225 1341 251 hodie
1354 226 1426 251 lot-ua
1438 232 1529 261 septus
1542 227 1664 261 religiose
1676 234 1781 262 propter
1793 229 1862 255 Iovis

1071 263 1156 296 pueri,
1170 263 1217 296 qui
1231 261 1329 288 lat-tens
1340 272 1401 289 vum
1414 264 1512 290 Iunone
1525 265 1654 290 I-'ortuuae
1670 266 1695 291 in
1707 266 1809 298 gremio
1819 274 1862 292 se-

1070 299 1149 326 dens.
1164 308 1307 325 mammam
1319 306 1460 334 appetens,
1477 302 1625 327 castissime
1639 302 1735 328 colitur
1745 312 1758 327 a
1771 303 1862 329 matri-

1048 369 1049 375 *
1071 337 1131 362 hus.
1152 338 1193 361 80.
1207 336 1362 371 Eodemque
1374 342 1500 372 tempore,
1515 338 1540 364 in
1552 347 1583 363 eo
1595 338 1658 368 loco,
1673 339 1719 365 uhi
1733 340 1862 366 fortunae

223 817 296 842 omni
316 816 481 842 divinatione
506 816 635 843 imbecilli
657 819 739 844 animi
761 820 945 853 superstitiosa
968 820 1016 845 ista
1038 821 1047 854 ξ,

223 854 388 888 concipiant,
407 861 500 879 verum
517 853 651 888 dispicere
668 864 719 881 non
735 856 856 890 possint‘?
885 858 926 882 82.
943 856 1016 888 Quae

224 895 312 916 autem
328 895 366 915 est
383 891 451 916 inter
466 899 581 925 augures
592 893 756 919 conveniens
767 899 792 919 et
802 894 942 920 coniuncta
953 902 1017 920 con-

223 927 337 954 stantia‘?
355 927 394 953 Ad
412 929 492 953 nostri
509 929 616 963 augurii
635 930 858 957 consuetudinem
878 931 948 958 dixit
963 931 1018 957 En-

224 966 298 991 nius:

281 1002 363 1033 Quum
375 1006 454 1028 tonent
467 1005 565 1028 laevum
576 1005 634 1029 bene
646 1009 788 1036 tempestate
799 1013 897 1030 serena.

225 1040 255 1065 At
267 1039 423 1066 Homericus
435 1040 526 1066 Ulixes
541 1040 613 1074 apud
625 1041 756 1067 Achillem
773 1050 888 1076 querens
903 1041 936 1067 de
949 1041 1017 1068 sero-

223 1077 299 1102 vitate
311 1077 494 1107 Troianorum.
509 1078 598 1103 nescio
609 1078 684 1112 quid,
700 1078 748 1104 hoc
760 1078 837 1105 modo
849 1080 966 1105 nuntiat:

280 1114 402 1146 Prospera
416 1115 529 1147 Iuppiter
540 1116 578 1140 his
589 1117 688 1141 destris
699 1117 841 1148 [missoribus
852 1119 910 1142 edit.

225 1152 259 1177 Ita
274 1150 351 1176 nobis
367 1151 475 1177 sinistra
492 1151 630 1182 videntur,
648 1152 736 1178 Graiis
751 1157 777 1179 et
793 1153 913 1179 barbaris
924 1153 1016 1180 dextra

224 1187 342 1214 meliora.
384 1188 552 1223 Quamquam
569 1188 640 1214 haud
657 1190 762 1224 ignoro,
783 1199 851 1224 quae
867 1190 935 1217 bona
952 1191 1014 1221 sint.

223 1226 330 1251 sinistra
348 1234 395 1251 nos
411 1225 513 1251 dicere:
535 1226 614 1252 etiam
630 1227 653 1252 si
670 1226 762 1253 dextra
778 1228 841 1254 sint.
880 1227 932 1253 Sed
947 1233 1016 1254 certe

224 1263 304 1288 nostri
316 1263 455 1288 sinistrum
469 1263 686 1291 nominaverunt,
710 1265 868 1299 externique
879 1264 1014 1295 dextrum,

221 1300 285 1333 quia
298 1299 456 1334 plerumque
469 1299 566 1326 melius
579 1300 605 1326 id
618 1300 768 1328 videbatur.
796 1303 837 1328 83.
850 1302 919 1328 Haec
930 1311 1017 1337 quan-

223 1342 247 1362 ta
259 1336 392 1362 dissensio
403 1337 456 1362 est!
470 1336 630 1372 Quid,quod
642 1338 703 1364 aliis
713 1338 810 1365 avibus
822 1344 943 1371 utuntur,
955 1339 1016 1366 aliis

223 1372 327 1409 signis‘?
337 1373 413 1399 aliter
424 1373 576 1404 observant.
591 1375 641 1401 alia
653 1376 832 1410 respondenti>
844 1378 900 1404 Non
908 1386 1016 1404 necesse

223 1416 262 1436 est
275 1410 362 1441 fateri,
381 1412 477 1445 partim
491 1411 586 1438 horum
597 1420 684 1439 errore
696 1419 852 1448 susceptum
864 1424 936 1446 esse,
956 1424 1017 1450 par-

224 1448 270 1474 tim
282 1449 472 1482 superstitione
484 1449 566 1475 multa
579 1448 713 1476 fallendo?
742 1451 798 1477 XL.
818 1452 905 1487 Atque
917 1452 959 1478 his
970 1461 1017 1478 su-

224 1485 428 1519 perstitionibus
444 1494 495 1511 non
512 1485 641 1513 dubitasti
657 1488 737 1514 etiam
752 1489 842 1515 omina
857 1489 1014 1525 adiungere.

223 1522 336 1548 Aemilia
349 1522 449 1553 Paullo,
462 1523 570 1549 Persam
582 1525 696 1558 perisse,
715 1525 787 1560 quod
799 1531 873 1560 pater
882 1535 960 1553 omen
972 1535 1017 1553 ac·
1045 1531 1046 1540 ¹

222 1559 306 1593 cepit:
325 1559 438 1585 Caecilia
455 1561 552 1587 sororis
569 1561 639 1588 filiae
649 1562 727 1588 sedes
738 1571 801 1589 suas
812 1563 925 1590 tradere.
962 1565 1015 1590 Iam

223 1596 282 1625 illa,
298 1596 389 1622 Favete
401 1599 506 1629 linquis,
523 1603 548 1624 et
559 1600 784 1635 praerogativam.
802 1609 880 1627 omen
895 1601 1018 1628 comitio-

223 1641 296 1665 rum3
311 1633 360 1660 hoc
371 1638 418 1664 est,
433 1634 523 1669 ipsum
535 1643 593 1661 esse
604 1641 694 1663 contra
705 1645 734 1663 se
745 1638 883 1672 copiosum
894 1643 920 1665 et
929 1638 1017 1665 diser-

222 1675 290 1696 tum.
328 1670 439 1702 Quando
450 1673 536 1702 enim,
554 1673 602 1699 ista
614 1673 774 1705 observans,
791 1676 882 1710 quieto
895 1681 921 1702 et
933 1675 1016 1702 libero

223 1708 313 1733 animo
324 1716 382 1734 esse
393 1709 501 1742 poteris,
515 1714 543 1736 ut
553 1710 586 1736 ad
598 1719 653 1736 rem
664 1711 810 1746 gerendam
822 1721 872 1739 non
885 1713 1017 1747 supersti-

224 1745 323 1770 tionem
336 1745 448 1776 habeas,
466 1746 513 1772 sed
529 1747 657 1773 rationem
669 1747 784 1774 ducem‘?
804 1749 893 1776 Itane‘!
913 1750 1016 1784 Siquis
1044 1747 1046 1760 '⁸

223 1781 326 1816 aliquid
338 1790 371 1808 ex
382 1791 430 1808 sua
442 1791 469 1809 re
481 1788 559 1818 atque
570 1792 604 1811 ex
613 1793 663 1811 suo
674 1793 795 1812 sermone
806 1786 914 1817 dixerit,
927 1787 1016 1813 eteius

224 1819 336 1844 vei-bum
353 1819 463 1854 aliquod
478 1826 537 1855 apte
553 1821 679 1848 ceciderit
694 1822 726 1848 ad
742 1822 783 1854 id,
805 1823 877 1858 quod
893 1832 956 1859 ages
971 1828 1016 1850 aut

222 1856 367 1890 cogitabis,
384 1865 413 1882 ea
429 1865 470 1883 res
486 1857 535 1884 tibi
549 1863 595 1884 aut
605 1860 727 1885 timorem
739 1859 828 1886 afferet
838 1861 1016 1887 autalacrita-

224 1891 294 1918 tem‘?
321 1894 361 1919 84.
384 1893 474 1925 Quum
486 1895 520 1921 M.
534 1894 646 1921 Crassus
656 1897 804 1923 exercitum
815 1897 953 1924 Brundisii
964 1899 1016 1924 im-

222 1934 339 1963 poneret,
348 1930 458 1964 quidam
471 1932 497 1957 in
509 1937 596 1966 portu,
604 1933 704 1958 caricas
711 1932 802 1960 Cauno
813 1934 938 1961 advectas
949 1943 1016 1961 ven-

221 1966 302 1996 dens,
318 1967 448 1993 Cauneas!
461 1968 623 1995 clamitabat.
665 1970 802 2002 Dicamus,
815 1972 839 1997 si
849 1971 944 2006 placet,
958 1981 1015 1998 mo-

222 2004 308 2029 nitum
320 2003 354 2029 ab
364 2012 395 2030 eo
405 2004 540 2036 Crassum,
553 2011 667 2037 caveret,
681 2015 713 2033 ne
724 2008 786 2034 iret:
808 2017 860 2035 non
872 2008 956 2035 fuisse
968 2018 1016 2044 pe—

221 2041 350 2069 riturum.
370 2041 393 2067 si
408 2043 491 2068 omini
507 2044 649 2077 paruisset.
690 2044 763 2076 Quae
777 2045 801 2071 si
819 2047 1012 2081 suscipiamus,

221 2077 298 2112 pedis
312 2077 423 2105 offensio
439 2079 516 2106 nobis
529 2085 555 2106 et
570 2080 694 2115 abruptio
705 2083 834 2118 corrigiae
845 2087 870 2109 et
881 2088 1014 2110 sternuta-

223 2119 310 2141 menta
321 2121 398 2142 erunt
408 2116 585 2144 observanda.

276 2151 344 2178 XLI.
367 2152 455 2180 Sortes
471 2159 570 2181 restant
584 2159 610 2181 et
624 2154 764 2187 Chaldaei,
781 2161 811 2183 ut
825 2157 857 2183 ad
875 2162 948 2184 vates
966 2166 1014 2184 ve—

221 2190 328 2216 niamus
339 2195 364 2216 et
374 2190 406 2216 ad
418 2192 532 2218 somnia.
572 2194 614 2218 85.
635 2193 783 2219 Dicendum
796 2194 880 2229 igitur
890 2199 968 2229 putas
979 2194 1012 2221 de

221 2227 348 2253 sortibus.
387 2227 458 2260 Quid
479 2230 551 2255 enim
565 2238 622 2255 sors
638 2229 696 2256 est‘?
717 2229 790 2256 Idem
805 2232 1010 2266 propemodum,

221 2263 293 2298 quod
304 2265 411 2295 micare,
424 2265 497 2300 quod
509 2265 574 2293 talos
585 2267 679 2298 iacere,
687 2267 760 2302 quod
771 2272 898 2301 tesseras;
911 2269 1013 2304 quibus

221 2301 248 2326 in
265 2301 346 2327 rebus
362 2303 496 2329 temeritas
511 2308 536 2330 et
550 2312 643 2334 casus,
661 2312 713 2330 non
729 2305 795 2331 ratio
808 2314 857 2332 nec
868 2306 1011 2333 consilium

222 2338 300 2364 valet.
328 2339 390 2365 Tota
402 2348 443 2366 res
453 2345 493 2366 est
504 2341 611 2367 inventa
623 2340 745 2373 fallaciis,
758 2347 804 2369 aut
814 2342 846 2369 ad
858 2348 1010 2378 quaestum,

222 2375 309 2401 autad
319 2377 537 2410 superstitionem
545 2398 552 2408 ,
564 2383 610 2405 aut
620 2378 653 2404 ad
664 2387 790 2405 errorem.
830 2380 917 2415 Atque
925 2401 931 2411 ,
945 2381 1012 2407 utin

223 2411 393 2446 haruspicina
414 2413 540 2446 fecimus,
562 2416 601 2441 sic
621 2416 775 2447 videamus,
800 2416 1013 2444 clarissimarum

222 2449 333 2475 sortium
350 2459 418 2484 quae
436 2451 554 2478 tradatur
576 2453 706 2479 inventio.
746 2453 906 2480 Numerium
921 2454 1013 2481 Suffu-

223 2485 294 2510 eium
313 2487 544 2516 Praenestinorum
572 2494 743 2516 monumenta
769 2490 905 2518 declarant
930 2492 1013 2518 hone-

223 2526 294 2547 stum
306 2522 440 2551 hominem
452 2531 477 2552 et
489 2526 615 2558 nobilem,
631 2527 744 2554 somniis
755 2528 864 2559 crebris,
881 2528 913 2554 ad
925 2533 1013 2555 extre-

224 2566 298 2599 mum
313 2560 392 2586 etiam
407 2563 572 2595 minacibus,
589 2573 674 2599 quum
686 2564 824 2591 iuberetur
834 2570 905 2592 certo
917 2566 944 2592 in
956 2566 1013 2593 loco

224 2594 327 2636 silicem
343 2598 464 2630 caedere,
481 2601 651 2635 perterritum
667 2601 746 2632 visiS,
765 2602 940 2629 irridentibus
953 2603 1012 2629 suis

224 2632 339 2663 Civibus,
356 2633 383 2659 id
395 2644 471 2671 agere
481 2639 615 2673 coepisse:
638 2639 728 2674 itaque
739 2638 869 2674 perfracto
880 2648 945 2667 saxo
954 2648 1012 2667 sor-

1071 382 1141 399 nunc
1153 374 1202 398 sita
1214 378 1254 399 est
1265 374 1357 403 aedes,
1376 375 1427 400 mel
1442 383 1475 400 ex
1485 375 1542 401 olea
1554 374 1663 401 fluxisse
1676 376 1769 402 dicunt
1782 377 1862 403 haru-

1070 411 1213 444 spicesque
1224 410 1341 440 dixisse,
1357 420 1462 438 summa
1475 411 1611 438 nobilitate
1624 412 1682 438 illas
1694 418 1776 439 sortes
1789 413 1862 440 lutu-

1071 457 1125 477 ras.
1143 456 1290 482 eorumque
1308 449 1383 474 iussu
1399 457 1432 475 ex
1450 449 1493 475 illa
1508 449 1565 475 olea
1582 458 1668 475 ari-am
1684 459 1742 476 esee
1755 450 1858 479 tactam.

1070 493 1154 519 eaque
1169 484 1289 511 conditas
1304 491 1401 515 sortes,
1424 494 1492 520 quae
1514 486 1592 512 hodie
1609 487 1738 513 Fortunae
1758 489 1860 514 monitu

1070 521 1209 548 tolluntur.
1249 522 1319 554 Quid
1337 523 1418 558 igitur
1435 524 1460 549 in
1474 523 1515 549 liis
1527 528 1681 558 potestesse
1696 525 1774 553 certi.
1791 533 1861 560 quae

1071 560 1199 585 Fortunae
1216 560 1316 586 monitu
1331 561 1406 594 pueri
1419 569 1497 586 manu
1509 561 1655 587 miscentur
1665 566 1744 595 atque
1755 561 1861 588 ducun-

1070 596 1128 622 tnr'?
1141 596 1200 627 Quo
1216 597 1293 622 modo
1309 602 1396 623 autern
1415 598 1478 623 istae
1495 598 1594 632 positae
1611 599 1636 624 in
1650 598 1694 624 illo
1707 598 1780 624 loco?
1798 600 1861 634 quis

1070 634 1150 659 rohur
1162 633 1227 658 illud
1239 634 1349 664 cecidit,
1362 634 1476 663 dolavit,
1496 634 1649 669 inscripsit?
1669 636 1741 661 Nihil
1753 641 1805 665 est,
1821 637 1862 662 in-

1068 671 1253 705 quiunt,‹piod
1261 671 1328 697 deus
1339 671 1443 698 efficere
1455 681 1506 698 non
1519 674 1611 706 possit.
1637 672 1742 699 Utinam
1754 674 1862 707 sapien-

1069 713 1107 733 tes
1119 708 1221 733 Stoicos
1232 708 1372 738 effecisset,
1391 718 1422 735 ne
1433 710 1521 735 onmia
1533 710 1718 744 superstitiosa
1729 710 1861 736 sollicitu-

1068 745 1131 771 dine
1143 750 1168 771 et
1180 746 1286 772 miseria
1302 746 1453 772 crederent!
1476 746 1526 773 Sed
1540 747 1588 773 hoe
1599 746 1710 781 quidem
1722 756 1808 782 genus
1818 747 1862 773 di-

1070 783 1213 808 vinaiionis
1234 784 1287 809 vita
1309 784 1361 809 iam
1378 785 1529 810 communis
1549 784 1674 818 explosit.
1716 784 1780 810 Fani
1798 784 1862 819 pul-

1069 819 1193 845 chritudo
1207 824 1233 845 et
1247 825 1365 846 vetustas
1382 821 1611 847 Praenestinarum
1624 822 1704 847 etiam
1717 830 1787 847 nunc
1799 822 1862 848 reti·

1069 861 1112 882 net
1132 857 1243 883 sortium
1265 867 1374 887 nomen,
1398 863 1477 893 atque
1495 858 1520 884 id
1539 859 1564 884 in
1582 858 1690 894 vulgus.
1731 859 1772 884 87.
1794 858 1861 891 Quis

1068 894 1139 919 enim
1158 895 1342 929 magistratus,
1360 900 1405 921 aut
1419 896 1482 929 quis
1498 896 1539 921 vir
1551 895 1679 921 illustrior
1691 896 1773 922 utitur
1783 897 1862 922 sorti-

1069 930 1138 956 bus?
1157 932 1258 957 Ceteris
1280 941 1341 958 vero
1361 933 1387 958 in
1410 931 1475 958 locis
1495 937 1579 959 sortes
1596 932 1672 966 plane
1689 932 1859 959 refrixerunt.

1068 968 1144 999 Quod
1157 969 1318 995 Carneadem
1330 969 1512 995 Clitomachus
1528 970 1621 995 scrihit
1635 969 1724 996 dicere
1740 970 1858 998 solitum.

1069 1014 1203 1040 nusquam
1219 1014 1247 1032 se
1264 1006 1477 1037 fortunatiorem,
1495 1016 1576 1041 quam
1589 1007 1741 1037 Praeneste,
1760 1007 1860 1033 vidisse

1070 1043 1222 1069 Fortunam.
1261 1043 1331 1077 Ergo
1343 1043 1391 1070 hoc
1401 1043 1576 1070 divinationis
1590 1052 1675 1079 genus
1686 1045 1851 1071 omittamus.

1125 1079 1204 1106 XLII.
1232 1080 1270 1106 Ad
1295 1080 1489 1107 Chaldaeorum
1510 1087 1625 1107 monstra
1648 1082 1802 1107 veniamus:
1828 1082 1861 1107 de

1068 1116 1170 1151 quibus
1182 1116 1323 1147 Eudoxus.
1337 1117 1452 1144 Platonis
1464 1118 1582 1148 auditor,
1600 1119 1625 1144 in
1638 1118 1778 1154 astrologia
1790 1120 1861 1145 iudi-

1046 1175 1047 1184 ,
1068 1154 1110 1179 ‹·i0
1123 1153 1340 1180 doctissimorum
1353 1155 1492 1181 hominum
1504 1155 1581 1181 facile
1593 1156 1731 1190 princeps,
1753 1157 1792 1182 sic
1802 1157 1862 1191 opi-

1046 1198 1047 1206 *
1069 1196 1154 1220 natur,
1172 1191 1198 1217 id
1209 1191 1281 1226 quod
1293 1193 1423 1226 scriptum
1435 1192 1557 1227 reliquit:
1575 1192 1735 1219 »Chaldaeis
1747 1194 1773 1219 in
1785 1201 1862 1228 prae-

1068 1228 1184 1254 dictione
1205 1234 1230 1255 et
1246 1230 1272 1255 in
1289 1230 1421 1256 notatione
1437 1230 1570 1265 cuiusque
1586 1231 1654 1256 vitae
1669 1238 1703 1257 ex
1722 1230 1802 1256 natali
1817 1230 1861 1256 die

1069 1266 1180 1291 minime
1192 1274 1250 1292 esse
1261 1266 1455 1293 credendum«
1477 1269 1518 1293 88.
1535 1267 1659 1294 Nominat
1669 1268 1748 1294 etiam
1761 1267 1862 1294 Panae-

1069 1303 1135 1334 tius,
1152 1303 1199 1337 qui
1216 1312 1286 1330 unus
1301 1312 1315 1329 e
1327 1303 1422 1330 Stoicis
1438 1304 1630 1340 astrologorum
1647 1304 1779 1339 praedicta
1793 1306 1862 1331 reie-

1045 1349 1046 1352 ’
1068 1341 1112 1371 cit,
1126 1340 1287 1368 Archelaum
1298 1346 1323 1368 et
1333 1341 1523 1372 Cassandrum,
1539 1350 1660 1369 summos
1671 1342 1816 1378 astrologos
1828 1342 1861 1368 il-

1045 1407 1047 1414 ,
1070 1378 1122 1404 lius
1133 1379 1234 1409 aetatis,
1248 1388 1300 1414 qua
1312 1384 1367 1406 erat
1378 1380 1449 1414 ipse,
1462 1388 1547 1415 quum
1560 1381 1585 1406 in
1597 1381 1692 1406 ceteris
1703 1380 1861 1416 astrologiae

1068 1416 1190 1450 partibus
1211 1416 1385 1447 excellerent,
1412 1417 1461 1443 hoc
1482 1417 1671 1452 praedictionis
1691 1425 1788 1453 genere
1809 1426 1860 1444 non

1068 1462 1141 1479 usos.
1171 1452 1269 1489 Scylax
1279 1454 1507 1484 Halicarnasseus,
1521 1454 1661 1481 familiaris
1673 1454 1799 1485 Panaetii,
1813 1463 1861 1481 ex-

1067 1490 1167 1516 cellens
1179 1491 1205 1517 in
1217 1490 1372 1526 astrologia,
1387 1491 1513 1526 idemque
1525 1493 1552 1518 in
1565 1491 1679 1527 regenda
1693 1500 1742 1517 sua
1753 1492 1860 1518 civitate

1067 1528 1207 1562 princeps,
1229 1532 1312 1554 totum
1333 1528 1381 1555 hoc
1397 1528 1571 1555 Chaldaicum
1588 1528 1759 1564 praedicendi
1774 1537 1861 1565 genus

1067 1565 1229 1599 repudiavit.
1265 1567 1306 1591 89.
1323 1565 1374 1592 Sed
1386 1570 1415 1592 ut
1426 1567 1526 1593 ratione
1537 1571 1652 1597 utamur,
1666 1566 1775 1593 omissis
1786 1567 1862 1593 testi-

1068 1602 1132 1632 bus,
1149 1602 1188 1628 sic
1200 1603 1244 1628 isti
1255 1602 1407 1637 disputant,
1425 1604 1472 1638 qui
1485 1603 1549 1630 haec
1560 1603 1753 1630 Chaldaeorum
1765 1603 1861 1630 natali-

1067 1639 1108 1665 cia
1125 1639 1259 1673 praedicta
1276 1639 1433 1666 detendunt.
1476 1641 1536 1667 Vim
1552 1640 1697 1675 quamdam
1713 1649 1772 1667 esse
1785 1642 1861 1667 aiunt

1068 1676 1197 1711 signifero
1209 1677 1235 1702 in
1247 1677 1319 1707 orbe,
1333 1678 1380 1711 qui
1395 1677 1495 1704 Graece
1508 1677 1631 1708 ζωδιακός
1641 1677 1753 1708 dicitur,
1769 1677 1858 1709 talem,

1069 1718 1097 1739 ut
1112 1714 1171 1739 eius
1182 1713 1256 1739 orbis
1268 1722 1320 1740 una
1331 1722 1455 1749 quaeque
1466 1723 1527 1749 pars
1538 1714 1589 1740 alia
1603 1714 1656 1741 alio
1667 1714 1745 1741 modo
1755 1720 1861 1742 moveat

1068 1751 1245 1785 immutetque
1255 1750 1369 1781 caelum,
1385 1751 1497 1786 perinde
1510 1756 1539 1778 ut
1549 1760 1672 1786 quaeque
1683 1751 1775 1778 stellae
1787 1753 1813 1778 in
1826 1753 1860 1779 iis

1068 1787 1246 1822 finitimisque
1262 1788 1384 1822 partibus
1399 1789 1454 1815 sint
1468 1797 1576 1823 quoque
1593 1793 1724 1823 tempore,
1746 1797 1860 1825 eamque

1068 1825 1123 1850 vim
1136 1825 1208 1850 varie
1220 1825 1321 1851 moveri
1332 1825 1366 1851 ab
1378 1825 1412 1851 iis
1423 1825 1573 1856 sideribus,
1589 1834 1658 1860 quae
1674 1831 1803 1853 vocantur
1817 1835 1861 1854 er-

1067 1862 1160 1887 rantia.
1199 1861 1289 1894 Quum
1303 1867 1392 1888 autem
1408 1864 1435 1889 in
1447 1871 1504 1889 eam
1517 1863 1604 1897 ipsam
1615 1868 1716 1897 partem
1727 1863 1801 1890 orbis
1813 1873 1860 1890 ve-

1067 1899 1162 1928 nerint,
1172 1899 1198 1925 in
1210 1907 1262 1934 qua
1273 1900 1308 1925 sit
1318 1904 1392 1926 ortus
1403 1901 1472 1930 eius,
1485 1901 1532 1935 qui
1544 1905 1680 1932 nascatur;
1694 1901 1777 1927 autin
1788 1909 1857 1932 eam,

1065 1944 1134 1970 quae
1145 1936 1319 1962 coniunctum
1335 1936 1439 1971 aliquid
1455 1937 1551 1964 habeat
1565 1942 1611 1963 aut
1623 1938 1806 1970 consentiens;
1819 1938 1859 1974 (ea

1066 1972 1199 2008 triangula
1215 1972 1254 1999 illi
1270 1979 1296 2000 et
1310 1973 1439 2008 quadrata
1455 1975 1615 2009 nominant.)
1652 1974 1758 2001 Etenim
1773 1984 1859 2010 quum

1066 2012 1235 2044 temporum‘
1252 2011 1315 2037 anni
1331 2015 1573 2047 tempestatumque
1587 2011 1655 2038 caeli
1670 2013 1859 2040 conversiones

1065 2048 1343 2083 commutationesque
1362 2053 1449 2075 tantae
1471 2048 1535 2075 liant
1554 2057 1663 2075 accessu
1678 2049 1816 2076 stellarum
1833 2055 1859 2078 et

1066 2093 1186 2117 recessu;
1209 2093 1349 2120 quumque
1360 2094 1390 2112 ea
1402 2087 1429 2112 vi
1439 2085 1504 2112 solis
1517 2085 1680 2118 efficiantur,
1697 2094 1766 2121 quae
1781 2086 1859 2114 vide-

1066 2130 1140 2147 mus:
1166 2130 1219 2148 non
1240 2122 1388 2149 verisimile
1403 2123 1504 2154 solum,
1527 2122 1575 2149 sed
1593 2124 1674 2150 etiam
1690 2132 1784 2150 verum
1798 2132 1858 2151 esse

1065 2163 1186 2189 censent.
1203 2159 1329 2193 perinde,
1351 2165 1499 2195 utcumque
1514 2165 1678 2195 temperatus
1693 2161 1728 2187 sit
1742 2169 1799 2192 aer,
1821 2162 1857 2188 ita

1064 2204 1161 2230 pueros
1171 2197 1286 2222 orientes
1297 2197 1410 2224 animari
1421 2202 1500 2232 atque
1511 2197 1628 2228 formari,
1641 2206 1676 2224 ex
1685 2206 1769 2233 eoque
1781 2199 1858 2234 inge-

1065 2233 1122 2263 nia,
1141 2241 1242 2264 mores,
1260 2234 1394 2265 animum,
1407 2243 1518 2269 corpus,
1535 2235 1666 2261 actionem
1678 2235 1762 2265 vitae,
1778 2243 1857 2262 casus

1064 2270 1197 2304 cuiusque
1209 2275 1376 2306 eventusque
1388 2271 1463 2307 fingi.
1482 2272 1574 2298 XLIII.
1586 2273 1628 2298 90.
1640 2271 1662 2298 O
1672 2271 1856 2299 delirationem

1065 2307 1265 2333 incredibilem!
1287 2308 1345 2334 Non
1360 2309 1432 2335 enim
1448 2310 1537 2336 omnis
1551 2317 1624 2335 error
1637 2308 1750 2335 stultitia
1764 2314 1804 2336 est
1813 2309 1857 2336 di-

1064 2344 1158 2371 cenda.
1197 2344 1303 2376 Quibus
1314 2346 1395 2372 etiam
1406 2347 1537 2382 Diogenes
1548 2345 1654 2372 Stoicus
1663 2345 1793 2377 concedit,
1806 2346 1857 2374 ali-

1064 2381 1130 2416 quid
1146 2385 1176 2408 ut
1189 2382 1343 2416 praedicere
1358 2384 1475 2418 possint,
1497 2383 1636 2409 dumtaxat
1650 2382 1724 2418 quali
1739 2383 1857 2418 quisque

1064 2423 1157 2445 natura
1165 2439 1171 2449 ,
1188 2424 1214 2445 et
1228 2419 1261 2445 ad
1277 2428 1359 2454 quam
1369 2421 1486 2455 quisque
1497 2421 1614 2446 maxime
1625 2428 1681 2445 rem
1691 2425 1770 2454 aptus
1781 2419 1856 2447 futu-

1064 2464 1110 2481 rus
1121 2456 1165 2482 sit.
1205 2455 1310 2487 Cetera,
1328 2465 1397 2492 quae
1412 2457 1596 2492 profiteantur,
1613 2461 1692 2492 negat
1706 2456 1761 2483 ullo
1777 2457 1856 2485 modo

1063 2501 1142 2527 posse
1157 2493 1235 2519 seiri:
1257 2494 1359 2520 etenim
1372 2495 1542 2530 geminorum
1556 2493 1655 2520 formas
1669 2501 1728 2520 esse
1739 2494 1852 2524 similes,

1063 2530 1145 2555 vitam
1159 2535 1239 2565 atque
1251 2529 1383 2557 fortunam
1393 2531 1553 2566 plerumque
1562 2530 1708 2565 disparem.
1749 2531 1854 2558 Procles

1063 2571 1088 2592 et
1098 2567 1291 2602 Eurysthenes,
1303 2568 1574 2595 Lacedaemoniorum
1585 2576 1670 2603 reges,
1683 2569 1786 2603 gemini
1799 2568 1854 2595 fra-

1063 2608 1116 2630 tres
1130 2603 1246 2630 fuerunt.
1286 2606 1328 2631 91.
1349 2605 1382 2632 At
1398 2605 1484 2631 hinec
1495 2604 1605 2631 totidem
1616 2613 1700 2631 annos
1711 2606 1850 2632 vixerunt:

1062 2649 1131 2667 anno
1141 2642 1212 2667 enim
1219 2641 1304 2668 Procli
1315 2642 1370 2669 vita
1379 2642 1487 2669 brevior
1497 2641 1556 2673 l'uit,
1565 2641 1734 2677 multumque
1745 2643 1769 2669 is
1779 2642 1854 2670 fratri
