1941 3052
231 128 280 154 615
801 122 843 147 513.
879 120 914 146 M.

233 207 302 223 ιιιιιιι,
343 195 412 228 Quid
432 199 480 224 est,
497 191 568 227 quod
586 190 645 218 addi
659 190 760 226 possit?
778 195 917 216 contentus
929 198 960 216 eo
970 198 1022 216 non
1044 190 1046 222 ζ

232 235 316 261 fuisti.
368 231 595 266 Frequentissimo
606 233 698 254 senatu
712 227 1023 253 liuh-1ntintnn.s‹·‹lente
1044 231 1045 247 l

232 277 333 307 patruo,
348 270 414 296 lianc
427 269 473 294 tibi
486 276 543 293 esse
555 275 615 291 cum
630 265 760 291 Dolabella
771 273 893 290 caussam
905 264 968 294 odii,
982 263 1024 290 di—
1044 282 1046 302 ξ

230 318 288 335 cere
299 315 381 333 ausus
395 316 432 335 es,
445 304 515 339 quod
528 304 560 328 ab
572 312 602 327 eo
613 303 695 328 sorori
707 307 732 327 et
745 302 819 327 uxori
833 306 1023 335 tuacutuprum

231 345 348 371 oblatum
370 352 428 368 esse
443 340 628 374 comperisses.
668 339 734 371 Quis
752 339 915 373 interpretari
928 342 1022 373 potest,

231 381 453 415 impudentiorne.
478 378 525 412 qui
543 378 569 403 in
585 380 692 407 senatu,
715 385 747 402 un
764 376 917 410 improbior,
934 376 981 410 qui
998 376 1023 401 in

231 418 401 446 Dolabellam,
425 425 456 441 an
473 414 611 448 impurior,
628 413 674 448 qui
692 418 763 448 patre
774 413 906 442 audiente,
920 421 952 438 an
963 421 1024 438 cru·

230 455 322 484 delion
346 454 391 488 qui
415 453 440 478 in
457 452 529 478 illam
546 452 669 477 miserum
687 456 739 477 tam
755 459 860 485 spurce,
879 454 930 476 tam
944 450 1024 484 impie
1045 475 1047 483 A

230 491 349 518 dixeri-⁵¹?
370 489 496 516 xxxlx.
510 490 567 514 400.
581 488 633 514 Sed
645 487 676 513 ad
687 487 862 522 chirographa
874 487 1022 513 redeamus.
1046 488 1047 499 ³

230 531 303 562 Quae
325 534 367 554 tua
389 527 439 553 fuit
462 525 596 562 cognitio?
634 526 697 552 Acta
717 526 788 551 enim
810 525 930 551 Caesaris
953 524 1024 558 pacis

229 575 324 593 caussa
336 564 488 591 confirmata
500 568 563 589 sunt
574 572 587 589 a
599 567 706 595 senatu3
728 571 797 597 quae
808 562 917 596 quidem
930 562 1025 587 Caesar
1045 545 1047 592 l

230 604 343 638 egisset,
367 611 417 628 non
433 610 472 632 ea,
489 609 557 636 quae
569 600 706 627 Caesarem
723 600 810 635 egisse
821 599 933 625 dixisset
944 599 1026 625 Anto-

231 642 302 667 nius.
327 639 400 666 Unde
413 640 461 665 ista
473 637 636 672 erumpunt?
655 646 709 672 quo
723 642 827 663 auctore
838 635 1026 671 proferuntur?
1046 634 1047 668 l

231 678 259 704 Si
279 682 343 704 sunt
364 676 437 707 falsa,
459 685 507 702 cur
521 674 684 710 probantur?
711 675 734 700 si
747 683 816 704 vera,
833 683 881 700 cur
893 672 1026 699 veneunt?
1046 669 1048 722 l

231 715 264 742 At
284 715 322 741 sic
343 714 486 749 placuerat,
511 717 539 739 ut
559 721 591 739 ex
607 712 733 738 Kalendis
753 712 837 738 Iuniis
857 711 890 737 de
906 711 1025 737 Caesaris
1046 730 1048 751 l

231 753 296 779 actis
315 760 376 779 cum
398 751 509 777 consilio
528 750 732 785 cognosceretis⁸
772 748 848 781 Quod
869 748 919 774 fuit
938 748 1026 774 consi-
1046 767 1048 779 ,

233 789 318 816 lium‘?
355 797 436 824 quem
462 796 591 822 umquam
612 786 765 813 advocasti?
803 794 870 821 quas
893 785 1025 812 Kalendas
1047 788 1049 798 ⁴

232 828 321 854 lunias
336 825 514 860 exspectasti?
534 825 572 851 An
587 833 640 855 eas,
653 824 686 850 ad
698 833 765 859 quas
777 828 810 853 te,
825 823 969 858 peragratis
981 831 1027 848 ve-

233 869 383 891 teranorum
393 863 514 892 coloniis,
527 863 655 897 stipatum
667 861 748 888 armis
760 861 893 887 retulisti?
1047 847 1049 892 l

286 901 308 928 Ο
329 901 489 936 praeclaram
510 899 583 925 illam
604 899 830 934 percursationem
847 903 919 924 tuam
936 905 1027 923 mense
1048 893 1049 914 l

232 939 317 974 Aprili
338 943 417 972 atque
439 938 515 968 Maio,
534 941 599 968 tum,
617 945 702 971 quum
726 936 804 962 etiam
821 936 938 970 Capuam
957 934 1028 961 colo—

204 974 208 981 ’
233 978 304 1003 niam
330 975 460 1002 deducere
486 979 596 1000 conatus
617 974 659 1000 es!
700 972 931 1006 Quemadmodum
953 971 1027 998 illinc

233 1014 340 1044 abieris,
364 1012 404 1038 vcl
427 1012 515 1047 potius
532 1020 613 1046 paene
633 1019 683 1037 non
699 1011 805 1041 abieris,
824 1011 935 1036 scimus.
969 1010 1026 1034 lOl.
1048 1025 1050 1046 l

233 1051 283 1078 Cui
305 1055 332 1077 tu
349 1050 407 1076 urbi
425 1050 566 1075 minitaris.
606 1049 712 1075 Utinam
727 1056 830 1078 conere,
845 1052 872 1074 ut
884 1045 1028 1081 aliquando

232 1088 301 1115 illud
324 1096 405 1121 paene
421 1086 540 1113 tollatur!
571 1086 604 1112 At
619 1095 700 1120 quam
716 1085 851 1112 nobilitata
868 1089 908 1110 est
923 1089 966 1110 tua
984 1083 1027 1109 illa
1049 1087 1057 1098 '¹

234 1125 422 1161 peregrinatio!
438 1123 508 1156 Quid
521 1123 691 1158 prandiorum
703 1127 854 1157 apparatuS,
867 1121 933 1156 quid
945 1121 1029 1147 furio-

233 1171 289 1189 sam
307 1162 479 1189 vinolentiam
495 1166 567 1187 tuam
584 1160 734 1195 proferam?
757 1160 813 1186 Tua
825 1159 873 1185 ista
884 1158 1029 1185 detrimen·
1050 1157 1058 1195 ᾗ

235 1205 258 1227 ta
275 1204 351 1226 sunt:
379 1199 424 1225 illa
441 1203 539 1225 nostra.
579 1198 680 1233 Agrum
692 1198 868 1231 Campanum,
882 1197 929 1231 qui
943 1203 1028 1231 quum

234 1237 266 1263 de
283 1236 460 1271 vectigalibus
476 1235 652 1266 eximebatur,
671 1239 699 1262 ut
716 1234 849 1261 militibus
861 1234 977 1264 daretur,
991 1237 1029 1258 ta-

234 1283 295 1301 men
314 1273 399 1309 infligi
416 1282 543 1309 magnum
559 1272 722 1307 reipublicae
738 1271 839 1298 vulnus
851 1271 1027 1305 putabamus:

235 1312 306 1338 hunc
327 1316 354 1337 tu
370 1310 605 1345 compransoribus
620 1311 673 1336 tuis
689 1314 715 1336 et
729 1309 908 1336 collusoribus
924 1307 1030 1333 divide-

234 1349 292 1376 bas.

233 1395 297 1422 agro
317 1385 452 1420 Campano
472 1384 622 1411 collocatos.

236 1422 381 1450 Leontino‘?

661 1384 732 1416 Quid
752 1385 803 1410 iam
815 1391 912 1418 querar
923 1383 956 1408 de
967 1390 1030 1417 agro

233 1498 330 1534 grandi
351 1497 456 1524 foenore
467 1501 493 1523 et
504 1496 655 1523 fructuosae
667 1496 828 1523 ferebantur.

235 1535 319 1562 millia
331 1535 463 1570 iugerum,
480 1535 557 1569 quasi
570 1539 594 1560 te
606 1542 701 1560 sanum
714 1533 833 1560 fecisset:
856 1532 954 1558 rhetori
966 1531 1029 1562 duo,

234 1573 313 1608 quasi
323 1572 454 1599 disertum
472 1571 555 1598 facere
568 1572 707 1606 potuisset.
748 1570 800 1597 Sed
811 1569 844 1596 ad
856 1570 905 1596 iter
915 1568 1032 1595 ltaliam-

234 1618 288 1645 que
307 1609 458 1636 redeamus.
488 1609 546 1635 XL.
566 1610 621 1634 ¹02.
640 1608 780 1635 Deduxisti
795 1607 925 1634 coloniam
937 1605 1032 1633 Casili-

235 1656 310 1677 num,
323 1655 377 1682 quo
388 1646 483 1673 Caesar
493 1650 553 1673 ante
564 1645 720 1672 deduxerat.
754 1644 919 1671 Consuluisti
932 1651 974 1669 me
985 1651 1031 1678 per

236 1684 336 1711 litteras
357 1684 390 1710 de
406 1684 496 1719 Capua
515 1688 544 1710 tu
559 1683 684 1718 quidem;
716 1682 763 1708 sed
779 1682 849 1708 idem
865 1681 898 1707 de
913 1680 1032 1707 Casilino

235 1721 448 1756 respondissem:
480 1729 618 1755 possesne,
641 1720 687 1747 ubi
707 1719 810 1746 colonia
826 1723 905 1749 esset,
919 1726 950 1744 eo
959 1717 1031 1744 colo·
1058 1717 1060 1725 '

236 1759 306 1785 niam
317 1766 412 1785 novam
424 1758 482 1784 iure
493 1757 634 1784 deducere.
668 1757 770 1793 NQavi
781 1757 808 1783 in
820 1764 877 1782 eam
889 1754 1028 1785 coloniam,

234 1804 304 1831 quae
324 1800 394 1822 esset
415 1795 551 1829 auspicato
570 1794 693 1825 deducta,
711 1794 776 1820 dum
791 1797 862 1820 esset
875 1792 1028 1822 incolumis,

235 1832 366 1859 coloniam
388 1841 483 1859 novam
499 1832 556 1859 iure
572 1831 682 1858 deduci:
704 1831 811 1858 colonos
831 1838 913 1856 novos
933 1829 1029 1855 ascribi
1051 1840 1053 1861 ¹,

236 1878 314 1905 posse
335 1870 470 1904 rescripsi.
511 1869 551 1896 Tu
571 1873 660 1896 autem
681 1868 822 1895 insolentia
837 1867 937 1897 elatus,
957 1866 1030 1893 omni

236 1907 417 1941 auspiciorum
438 1907 496 1933 iure
512 1906 625 1937 turbato,
639 1906 788 1933 Casilinum
803 1905 933 1932 coloniam
944 1903 1031 1930 dedu-

235 1945 308 1974 xisti,
325 1952 379 1979 quo
394 1949 448 1970 erat
463 1944 555 1978 paucis
566 1944 643 1970 annis
654 1947 713 1969 ante
724 1943 846 1973 deducta,
859 1947 889 1969 ut
900 1941 1031 1968 vexillum

234 1981 341 2008 tolleres
357 1985 383 2007 et
393 1985 509 2007 aratrum
525 1980 751 2007 circumduceres:
773 1980 852 2006 cuius
863 1979 973 2015 quidem
984 1987 1032 2005 vo-

234 2027 307 2045 mere
327 2023 428 2053 portam
441 2017 547 2053 Capuae
567 2026 651 2053 paene
665 2018 856 2052 perstrinxisti,
870 2021 900 2044 ut
914 2016 1031 2044 florentis

234 2055 353 2083 coloniae
369 2056 530 2082 territorium
545 2056 720 2082 minueretur.
744 2056 801 2081 ⁴03.
813 2055 854 2081 Ab
866 2054 914 2081 hac
925 2054 1032 2090 religio-

236 2101 301 2119 num
313 2093 512 2128 perturbatione
523 2092 631 2120 advolas
643 2093 671 2119 in
681 2093 717 2119 M.
725 2092 858 2122 Varronis,
868 2092 1031 2118 sanctissimi

236 2135 317 2166 atque
336 2130 500 2166 integerrimi
520 2130 585 2161 viri,
612 2129 727 2156 fundum
748 2129 924 2156 Cassinatem.

237 2166 313 2194 iure‘?
331 2175 385 2203 quo
404 2166 467 2194 ore‘?
485 2167 599 2198 Eodem,
622 2168 743 2203 inquies,
755 2167 847 2202 quoin
859 2165 988 2193 heredum
1000 2166 1030 2192 L.
1053 2178 1054 2182 =

236 2205 345 2236 Rubrii,
367 2213 422 2239 quo
437 2205 465 2231 in
480 2204 608 2231 heredum
624 2205 655 2231 L.
671 2204 785 2231 Turselii
802 2204 918 2239 praedia,
934 2212 990 2239 quo
1004 2204 1032 2230 in

236 2241 355 2277 reliquas
366 2241 575 2268 innumerabiles
590 2242 783 2277 possessiones.
822 2241 856 2268 Et
867 2242 890 2268 si
901 2241 934 2267 ab
946 2241 1030 2271 hasta,

238 2279 324 2306 valeat
334 2279 418 2310 hasta,
427 2278 531 2305 valeant
541 2279 656 2311 tabulae,
670 2279 884 2309 modoCaesaris,
897 2287 949 2305 non
961 2283 1030 2308 tuae,

236 2316 338 2352 quibus
353 2316 480 2347 debuisti,
494 2325 546 2343 non
556 2317 657 2351 quibus
668 2321 724 2343 tute
735 2321 761 2343 te
772 2316 928 2343 liberavisti.
968 2316 1034 2342 Var-

236 2354 309 2380 ronis
324 2354 435 2389 quidem
447 2353 610 2381 Cassinatem
623 2353 738 2380 fundum
749 2354 812 2389 quis
823 2353 941 2380 veniisse
951 2351 1034 2379 dicit?

238 2391 300 2426 quis
329 2391 432 2418 hastam
457 2391 536 2417 istius
555 2391 717 2418 venditionis
742 2390 828 2418 vidit?
857 2391 920 2426 quis
940 2398 1033 2417 vocem

238 2429 376 2462 praeconis
390 2428 511 2455 audivit?
531 2429 638 2455 Misisse
652 2432 678 2455 te
691 2428 759 2455 dicis
770 2428 972 2459 Alexandriam,
984 2427 1033 2462 qui

239 2469 338 2491 emeret
351 2474 365 2491 a
380 2465 502 2492 Caesare.
541 2466 634 2501 Ipsum
649 2466 721 2492 enim
735 2469 889 2500 exspectare
904 2472 1033 2501 magnum

239 2499 300 2527 fuit.
337 2503 392 2528 «04.
414 2502 480 2535 Quis
495 2511 558 2529 vero
568 2503 671 2529 audivit
683 2511 811 2537 umquam
821 2501 933 2537 (nullius
943 2506 1033 2528 autem

241 2538 314 2564 salus
335 2547 413 2565 curae
433 2539 557 2573 pluribus
578 2539 639 2575 fuit)
658 2539 692 2566 de
706 2539 821 2566 fortunis
837 2539 962 2566 Varronis
977 2547 1033 2565 rem

241 2573 324 2600 ullam
344 2583 402 2602 esse
417 2576 579 2603 detractam?
597 2576 686 2609 Quid‘?
705 2577 729 2603 si
743 2577 822 2603 etiam
838 2576 946 2611 scripsit
960 2575 994 2603 ad
1009 2580 1034 2602 te

241 2611 350 2642 Caesar,
373 2616 403 2638 ut
423 2613 561 2641 redderes:
584 2614 651 2649 quid
666 2614 731 2640 satis
747 2618 832 2648 potest
846 2613 900 2640 dici
915 2613 948 2640 de
963 2617 1034 2640 tanta

342 1349 437 1374 Mimos
458 1348 518 1373 dico
538 1352 564 1374 et
584 1347 689 1377 mimas,
713 1351 800 1381 patres
820 1346 975 1380 conscripti,
1001 1344 1028 1370 in
1050 1334 1052 1363 Ῑ

421 1422 640 1458 quandoquidem
666 1422 715 1448 hae
739 1420 874 1456 quondam
901 1420 1031 1446 arationes
1051 1422 1053 1425 ’

235 1460 369 1495 Campana
392 1464 418 1486 et
438 1460 574 1490 Leontina,
592 1460 619 1485 in
635 1459 728 1494 populi
745 1458 856 1485 Romani
869 1456 1031 1521 plaz-inienio
1052 1462 1053 1488 ᾗ

869 1507 876 1521 ι
896 1504 910 1521 e
931 1498 1030 1520 icotria
1052 1516 1053 1522 ,

973 2128 1032 2161 Quo
1052 2131 1055 2146 '⁸

242 2648 427 2684 impudentia?
449 2650 565 2677 Remove
583 2651 686 2687 gladios
706 2659 852 2687 parumper
870 2649 945 2681 illos,
965 2658 1033 2686 quos

948 119 978 146 T.
1012 119 1287 146 Cistssnnxls

1076 190 1208 215 videmus.
1250 190 1302 215 lam
1320 188 1466 223 intelliges,
1483 189 1561 216 aliam
1572 197 1694 215 caussam
1705 197 1764 215 esse
1776 188 1866 216 bastae

1075 227 1207 256 Caesaris.
1221 226 1299 252 aliam
1311 226 1485 252 confidentiae
1496 232 1521 253 et
1532 228 1687 253 temeritatis·
1698 232 1767 252 tuae.
1809 227 1865 254 Non

1076 264 1146 290 enim
1163 268 1187 290 te
1202 263 1327 289 dominus
1344 263 1422 289 modo
1438 264 1490 289 illis
1506 264 1626 293 sedibus,
1639 264 1685 290 ned
1697 264 1788 299 quivis
1799 264 1867 290 ami-

1075 310 1136 331 cus,
1160 301 1278 330 vicinus,
1302 301 1412 335 hospes,
1430 306 1581 335 procurator
1595 301 1703 327 arcebit.
1745 300 1812 327 xm.
1834 302 1868 328 At

1075 347 1155 373 quam
1169 337 1330 364 multosdies
1343 338 1368 364 in
1380 347 1409 363 ea
1422 337 1484 364 villa
1496 342 1538 364 tur
1559 339 1649 364 intime
1660 338 1866 372 estperbaccba-

1077 376 1133 401 tusl
1156 375 1196 402 Ab
1214 375 1275 401 bora
1288 375 1361 401 tertia
1374 375 1523 405 bibebatur,
1538 347 1686 405 iisdebutur,
1700 375 1865 402 vomebatur.

1076 414 1098 439 Ο
1109 417 1173 439 tecta
1186 413 1242 447 ipsa
1255 413 1443 445 misera,qu‹1m
1457 414 1555 445 dispari
1564 414 1678 438 domino!
1697 412 1867 447 Quamquam

1075 449 1210 484 ‹piomodo
1231 450 1280 476 iste
1299 449 1444 475 dominus?
1463 449 1515 475 Sed
1532 454 1618 475 tamen
1630 458 1710 484 quam
1721 450 1755 476 ab
1766 450 1868 484 dispari

1077 488 1246 513 tenebantur!
1272 486 1427 513 Studiorum
1438 487 1509 512 enim
1522 495 1632 512 suorum
1644 487 1679 513 Μ.
1694 487 1773 513 Varro
1784 487 1869 513 voluit

1075 534 1134 551 esse
1146 524 1222 554 illud,
1237 533 1287 550 non
1301 524 1443 550 libidinum
1455 523 1647 550 deversorium.
1679 524 1735 550 105.
1757 525 1829 556 Quae
1842 525 1869 551 in

1077 562 1121 587 illa
1143 562 1203 588 xilla
1225 567 1283 588 ante
1306 561 1476 587 dicebantur!
1498 570 1567 596 quae
1582 561 1778 597 cogitabantur!
1800 569 1870 596 quae

1046 618 1055 630 ,⁷
1079 599 1171 625 litteris
1197 599 1404 625 mandabantur!
1427 599 1484 625 lura
1510 598 1602 633 populi
1628 599 1751 627 Romani,
1774 607 1870 625 monu—

1077 642 1164 663 menta
1190 637 1334 667 maiorum,
1360 637 1448 662 omnis
1472 636 1616 670 sapientiae
1641 636 1706 662 ratio
1727 635 1870 671 omnisque

1077 674 1219 700 doctrinae.
1260 674 1292 699 At
1308 682 1383 703 vero,
1397 678 1420 699 te
1433 673 1573 708 inquilino,
1586 674 1647 707 (non
1659 673 1730 699 enim
1742 672 1871 708 domino.)

1078 711 1253 746 personabant
1264 711 1351 737 omnia
1365 710 1474 737 vocibus
1485 711 1633 737 ebriorum:
1657 710 1780 736 natabant
1795 711 1870 745 pavi-

1079 754 1164 775 menta
1182 748 1256 775 vino:
1285 748 1426 774 madebant
1442 748 1568 783 parietes:
1592 748 1701 780 inm-nui
1717 748 1792 782 pueri
1808 756 1870 774 cum

1079 786 1232 815 meritoriis.
1253 790 1337 811 scorta
1358 786 1425 811 inter
1442 790 1538 811 matres
1555 784 1669 811 familias
1686 784 1869 811 versabantur.

1077 824 1188 849 Cassino
1216 822 1362 849 salutatum
1389 823 1544 853 veniebant,
1570 823 1690 856 Aquino,
1712 823 1869 848 Interamna.

1078 860 1220 886 Admissus
1240 865 1281 887 est
1301 868 1388 886 nemo.
1429 861 1487 886 lure
1509 859 1534 886 id
1555 859 1675 895 quidem.
1715 860 1742 886 ln
1764 859 1871 886 homine

1078 898 1148 924 enim
1182 898 1338 932 turpissimo
1367 897 1557 924 obsolefiebant
1581 896 1719 931 dignitatis
1743 897 1869 931 insignia.

1080 937 1135 961 406.
1153 934 1242 967 Quum
1258 935 1320 961 inde
1335 935 1443 961 Romam
1456 934 1625 969 proficiscens
1637 934 1668 959 ad
1680 934 1816 968 Aquinum
1829 942 1872 959 ac-

1078 972 1194 1002 cederet,
1211 973 1318 998 obviam
1335 972 1359 998 ei
1376 972 1504 1006 processit
1519 972 1558 1006 (ut
1569 976 1608 997 est
1620 971 1745 1006 frequens
1757 971 1872 997 munici-

1080 1010 1165 1045 pium)
1180 1018 1274 1045 magna
1291 1018 1354 1035 sane
1369 1008 1524 1035 multitudo.
1564 1009 1596 1035 At
1613 1009 1662 1034 iste
1680 1013 1769 1043 operta
1782 1008 1872 1034 lectica

1081 1047 1148 1073 latus
1159 1051 1200 1073 est
1211 1056 1257 1081 per
1267 1046 1406 1081 oppidum,
1420 1051 1449 1072 ut
1459 1051 1590 1072 mortuus.
1613 1044 1699 1072 Stulte
1709 1046 1870 1080 Aquinates:

1079 1084 1125 1110 sed
1147 1089 1233 1110 tamen
1255 1085 1281 1110 in
1298 1085 1339 1109 via
1356 1083 1518 1110 babitabant.
1549 1082 1619 1115 Quid
1635 1081 1787 1117 Anagnini?
1809 1082 1871 1114 Qui.

1079 1130 1164 1157 quum
1175 1126 1265 1147 essent
1275 1121 1356 1150 devii.
1369 1120 1574 1150 descenderunt,
1588 1125 1616 1146 ut
1628 1120 1723 1150 istum.
1737 1124 1873 1154 tamquam

1079 1160 1102 1185 si
1117 1164 1187 1185 essct
1197 1158 1300 1188 consul,
1313 1157 1467 1184 salutarent.
1507 1156 1665 1184 Incredibile
1676 1157 1763 1188 dictu3
1785 1161 1873 1183 tamen

1080 1196 1148 1222 inter
1169 1204 1261 1222 omnes
1280 1195 1430 1226 constabat,
1453 1196 1587 1222 neminem
1605 1202 1663 1220 esse
1683 1193 1872 1227 resalutatum;

1080 1233 1236 1268 praesertim
1261 1241 1347 1268 quum
1371 1232 1439 1259 duos
1466 1241 1558 1258 secum
1578 1232 1733 1267 Anagninos
1754 1231 1872 1262 haberet.

1082 1270 1232 1297 Mustellam
1248 1275 1274 1296 et
1289 1270 1434 1296 Laconem:
1456 1278 1571 1305 quorum
1588 1268 1652 1295 alter
1666 1268 1818 1305 gladiorum
1834 1272 1875 1295 est

1081 1308 1214 1343 princeps,
1227 1307 1292 1334 alter
1303 1307 1470 1342 poculorum.
1506 1307 1563 1332 ⁴07.
1584 1305 1654 1338 Quid
1665 1314 1714 1341 ego
1725 1305 1784 1332 illas
1795 1306 1874 1333 istius

1081 1346 1168 1372 minas
1179 1344 1409 1380 contumeliasque
1418 1344 1741 1378 commemorem,quibus
1752 1344 1875 1370 invectus

1081 1387 1121 1409 est
1132 1383 1159 1409 in
1170 1382 1312 1413 Sidicinos,
1326 1383 1433 1408 vexavit
1444 1381 1611 1411 Puteolanos,
1623 1380 1872 1416 quodC.Cassium,

1081 1420 1154 1455 quod
1177 1420 1272 1446 Brutos
1292 1424 1416 1454 patronos
1436 1417 1625 1454 adoptassent‘!
1648 1426 1744 1454 magno
1763 1417 1874 1453 quidem

1081 1457 1194 1488 iudicio,
1213 1456 1315 1488 studio,
1333 1456 1531 1487 benevolentia,
1548 1457 1669 1486 caritate,
1687 1464 1739 1482 non
1754 1460 1784 1482 ut
1795 1460 1832 1486 te,
1846 1459 1876 1482 ut

1080 1494 1214 1525 Basilum,
1232 1495 1259 1520 vi
1273 1499 1299 1521 et
1313 1495 1403 1524 armis,
1417 1499 1442 1520 et
1452 1493 1518 1520 alios
1530 1493 1610 1520 vestri
1622 1492 1736 1523 similes,
1747 1500 1816 1527 quos
1826 1491 1877 1519 cli-

1081 1537 1156 1559 entes
1168 1540 1246 1559 nemo
1252 1531 1349 1558 habere
1360 1531 1433 1562 velit,
1442 1540 1493 1558 non
1506 1530 1585 1557 modo
1596 1539 1654 1556 esse
1666 1529 1874 1556 illorumcliens.

1081 1570 1161 1596 XLII.
1177 1570 1278 1596 Interea
1294 1569 1359 1595 dum
1376 1574 1404 1595 tu
1419 1569 1497 1595 abes:
1519 1569 1567 1603 qui
1582 1567 1640 1594 dies
1651 1566 1695 1594 ille
1705 1566 1822 1603 collegae
1836 1567 1876 1593 tui

1083 1607 1142 1637 fuit,
1156 1615 1240 1642 quum
1253 1605 1331 1636 illud.
1344 1605 1417 1641 quod
1429 1610 1456 1632 tu
1468 1605 1587 1632 venerari
1598 1604 1712 1636 solebas,
1726 1604 1835 1631 bustum
1848 1604 1876 1630 in

1083 1644 1138 1671 foro
1153 1643 1266 1670 evertit?
1289 1643 1346 1675 Qua
1361 1651 1388 1669 re
1402 1643 1451 1669 tibi
1467 1643 1600 1672 nuntiata,
1613 1646 1643 1668 ut
1656 1641 1792 1668 constabat
1807 1641 1876 1668 inter

1082 1690 1136 1712 eos,
1147 1681 1196 1716 qui
1208 1689 1260 1707 una
1272 1679 1389 1709 fuerunt,
1397 1679 1546 1706 concidisti.
1568 1678 1639 1711 Quid
1649 1679 1874 1713 eveneritpostea,

1082 1719 1181 1745 nescio.
1222 1718 1322 1744 Metum
1342 1717 1421 1744 credo
1441 1717 1559 1743 valuisse
1578 1721 1604 1742 et
1618 1724 1700 1742 arma.
1741 1715 1876 1752 Collegam

1081 1755 1192 1790 quidem
1209 1754 1243 1781 de
1258 1754 1335 1781 caelo·
1345 1754 1497 1784 detraxisti,
1515 1753 1693 1788 effecistique,
1711 1761 1763 1780 non
1775 1758 1802 1779 tu
1814 1753 1877 1788 qui-

1081 1793 1143 1819 dem
1159 1793 1238 1819 etiam
1260 1800 1340 1823 nune,
1359 1797 1388 1818 ut
1403 1790 1502 1818 similis
1518 1791 1571 1821 tui,
1587 1790 1635 1817 sed
1650 1795 1733 1822 certe,
1750 1795 1781 1817 ut
1795 1790 1878 1817 dissi-

1083 1830 1154 1857 milis
1165 1834 1237 1856 esset
1247 1829 1300 1855 sui.

1138 1869 1196 1893 ⁴08.
1226 1866 1278 1899 Qui
1300 1874 1361 1892 vero
1375 1865 1438 1892 inde
1452 1865 1553 1892 reditus
1567 1864 1697 1891 Romam?
1728 1863 1802 1897 Quae
1817 1872 1878 1899 perb

1082 1904 1198 1931 turbatio
1218 1905 1298 1930 totius
1314 1902 1411 1929 Urbis?
1444 1903 1652 1929 Memineramus
1667 1901 1779 1929 Cinnam
1795 1901 1877 1928 nimis

1082 1946 1225 1977 potentem,
1239 1940 1342 1967 Sullam
1355 1944 1446 1975 postea
1458 1939 1653 1971 dominantem
1675 1938 1754 1965 modo
1763 1947 1879 1975 regnan-

1082 1985 1135 2006 tem
1155 1979 1293 2006 Caesarem
1308 1977 1471 2004 videramus.
1511 1977 1591 2003 Erant
1605 1976 1715 2003 fortasse
1724 1975 1817 2012 gladii,
1829 1974 1878 2003 sed

1083 2015 1240 2047 absconditi,
1258 2023 1307 2042 nec
1326 2015 1361 2041 ita
1376 2013 1466 2041 multi.
1506 2015 1558 2041 Ista
1578 2022 1641 2041 vero
1655 2021 1724 2049 quae
1738 2017 1763 2039 et
1778 2017 1877 2048 quanta

1083 2054 1204 2080 barbaria
1223 2053 1277 2079 est!
1299 2052 1413 2088 Agmine
1433 2051 1564 2087 quadrato
1577 2059 1639 2077 cum
1649 2050 1747 2087 gladiis
1757 2058 1878 2085 sequun-

1083 2096 1140 2118 tur:
1171 2095 1310 2117 scutorum
1331 2090 1437 2116 lecticas
1453 2089 1551 2124 portari
1563 2088 1697 2115 videmus.
1736 2087 1878 2123 Atquebis

1083 2128 1194 2164 quidem
1209 2128 1263 2154 iam
1278 2127 1442 2157 inveteratis,
1459 2131 1547 2161 patres
1561 2125 1715 2160 conscripti,
1734 2129 1871 2151 eonsuetu-

1083 2166 1146 2193 dine
1156 2164 1346 2192 obduruimus.
1372 2163 1500 2190 Kalendis
1511 2163 1595 2190 Iuniis
1604 2171 1692 2198 quum
1702 2162 1730 2188 in
1740 2166 1875 2192 senatum,

1083 2208 1114 2230 ut
1130 2207 1187 2229 erat
1202 2202 1388 2232 constitutum,
1405 2201 1497 2227 venire
1508 2200 1650 2231 vellemus,
1663 2203 1735 2226 metu
1745 2199 1878 2234 perterriti

1083 2244 1192 2275 repente
1211 2239 1380 2275 diffugimus.
1405 2239 1463 2264 ⁴09.
1475 2238 1509 2264 At
1518 2238 1577 2269 iste,
1589 2237 1639 2273 qui
1649 2240 1743 2264 senatu
1753 2244 1806 2262 non
1816 2243 1879 2272 ege-

1083 2283 1131 2308 ret,
1154 2285 1241 2312 neque
1256 2276 1419 2303 desideravit
1431 2283 1606 2310 quemquam.
1618 2278 1645 2301 et
1654 2273 1744 2309 potius
1755 2272 1878 2300 discessu

1084 2319 1173 2341 nostro
1193 2314 1305 2341 laetatus
1325 2317 1379 2344 est,
1400 2313 1545 2347 statimque
1559 2311 1605 2338 illa
1619 2310 1751 2338 mirabilia
1762 2309 1878 2337 facinora

1083 2351 1177 2379 effecit.
1217 2350 1269 2384 Qui
1293 2349 1470 2386 chirographa
1489 2349 1607 2376 Caesaris
1626 2347 1792 2375 defendisset
1810 2347 1878 2374 lucri

1083 2390 1127 2416 sui
1147 2397 1252 2419 caussa,
1273 2387 1297 2414 is
1321 2387 1394 2423 leges
1413 2387 1542 2417 Caesaris,
1559 2393 1659 2420 easque
1674 2383 1830 2419 praeclaras,
1848 2388 1879 2411 ut

1084 2425 1279 2462 rempublicam
1298 2429 1438 2451 concutere
1458 2427 1561 2459 posset,
1583 2422 1691 2449 evertit:
1734 2429 1877 2448 numerum

1084 2471 1214 2491 annorum
1225 2462 1370 2498 provinciis
1380 2461 1546 2497 prorogavit:
1567 2459 1796 2494 idemque,quum
1807 2463 1878 2485 acto-

1083 2510 1144 2528 rum
1159 2500 1278 2528 Caesaris
1299 2498 1424 2526 defensor
1437 2505 1498 2524 esse
1510 2496 1627 2527 deberet,
1649 2496 1713 2523 etin
1724 2495 1841 2531 publicis
1851 2499 1878 2522 et

1083 2539 1112 2565 in
1130 2537 1242 2573 privatis
1262 2536 1343 2563 rebus
1363 2540 1419 2562 acta
1429 2534 1549 2562 Caesaris
1563 2533 1680 2560 rescidit.
1719 2534 1748 2560 In
1758 2532 1876 2568 publicis

1084 2574 1153 2602 nihil
1186 2579 1227 2602 est
1260 2573 1319 2609 lege
1341 2573 1464 2609 gravius:
1496 2572 1524 2598 in
1548 2571 1659 2606 privatis
1688 2570 1876 2597 firmissimum

1498 2608 1564 2634 alias
1585 2609 1644 2634 sine
1663 2606 1875 2643 promulgatione

1722 2645 1876 2671 Testamen-

1084 2617 1125 2639 est
1147 2615 1346 2638 testamentum.
1395 2609 1479 2644 Leges

1084 2648 1207 2681 sustulit,
1229 2647 1295 2675 alias
1313 2651 1343 2674 ut
1356 2645 1466 2677 tolleret,
1492 2644 1681 2682 promulgavit.
