1941 3052
244 150 306 175 1360
796 148 852 172 2853.
893 145 928 172 M.

242 218 393 252 indulgeat,
413 219 543 244 liunuinm·
560 221 668 243 naturae
684 218 791 251 penitus
806 216 945 245 oblivisci.
963 224 1037 241 com-

243 252 406 290 munemque
421 257 541 281 omnium
563 254 742 280 ⁴·mnlitioneni
760 262 882 280 recusare
904 252 1038 279 iudicabi-

243 298 294 320 tur.

243 331 343 360 mines,
361 339 445 364 quum
463 329 502 354 vel
519 338 562 358 ea,
579 337 648 362 (luae
664 328 791 353 omnibus
804 327 960 362 perferenda
972 327 1039 353 sub-

243 367 384 401 eundaque
397 371 472 395 sunt,
490 366 634 391 detrectare
647 365 759 395 audent,
779 364 835 395 vel,
848 364 914 400 qnid
927 366 998 399 ipsos
1012 365 1037 390 in

245 414 254 429 x
264 405 295 430 itn
308 404 412 433 deveat,
429 411 553 437 quaeque
565 403 641 437 sequi
654 407 698 428 aut
710 402 831 437 refugere
843 402 970 433 debeant,
985 410 1035 428 non
1060 414 1062 421 v

242 445 355 467 cernunt
376 441 450 466 satis.
490 440 566 471 Quod
593 440 731 474 proprium
758 439 914 474 prudentiae
940 448 1038 465 tutinus

242 483 295 504 est:
312 486 392 512 quam
407 477 584 503 humanarum
597 479 731 503 actionum
745 477 946 503 moderatricem
959 486 971 502 a
984 476 1038 502 (liis

243 514 439 541 inunortalilms
454 523 512 540 esse
524 515 708 545 constitutam,
732 514 839 540 infitiari
853 523 929 540 nemo
941 518 1036 548 potest.
1060 534 1061 543 ,

244 553 289 577 ⁴72
322 553 402 586 Atqui
419 551 480 577 linic
493 556 544 577 tam
557 551 691 586 praeclaro
703 551 850 586 divinoque
863 551 967 577 muneri
980 550 1037 585 pla-

242 598 273 615 ne
285 588 400 618 obsistit,
409 590 456 623 qui
469 589 552 614 nimio
563 589 652 615 ‹lolore
664 588 782 615 ducitur.
806 589 862 615 Non
875 588 953 614 modo
964 589 1036 614 enim

240 636 268 652 se
286 627 375 660 ipsum
392 627 450 651 sine
467 625 521 651 ullo
539 626 625 652 fructu
642 626 759 653 lacrimis
771 635 800 652 ac
813 626 934 652 tristitiae
947 625 1035 655 tradit,

239 663 379 689 sedetiam
395 664 468 689 omni
486 663 563 698 plane
579 663 692 689 consilio
703 672 732 689 ac
748 663 848 690 iudicio
860 668 944 689 vacat.

240 701 311 727 enim
325 701 403 731 ratio,
421 701 443 726 si
460 709 488 726 se
505 700 594 726 dolore
606 700 703 727 auferri
716 700 804 728 sinat‘?
819 701 865 727 ubi
877 700 1034 731 constantia,

239 739 262 764 si
275 737 328 764 sibi
345 738 402 772 ipse
419 743 550 773 repugnet
564 743 590 764 et
606 739 632 764 in
647 747 765 765 maerore
780 737 881 764 iaceat‘?
901 738 947 764 ubi
958 737 1037 763 deni-

239 783 292 810 que
305 774 467 805 humanitas,
477 776 509 806 si,
519 784 547 801 se
560 775 695 802 bominem
708 785 766 802 esse
778 775 887 805 oblitus,
903 775 969 801 nihil
982 775 1035 801 sibi

239 821 301 839 cum
318 817 400 839 morte
416 821 559 839 commune
574 821 633 839 esse
645 813 804 840 contendat‘?
825 814 878 839 lam
894 821 956 838 vero
969 812 1035 838 illud

240 849 442 880 stultissimum,
455 850 622 881 existimare,
634 859 703 885 qnae
714 851 794 877 ceteri
807 850 929 876 homines
942 849 1035 876 libenti
1057 877 1059 885 ⁴

239 887 329 914 animo
344 887 467 918 subeant,
481 888 515 913 iis
526 896 554 914 se
567 896 618 914 non
630 897 688 914 esse
699 888 868 914 obstrictum.
892 889 948 913 ⁴73.
964 886 1035 919 Quid

239 924 330 950 enim‘?
345 933 376 950 an
390 925 511 960 ignorare
522 926 668 960 quisquam
680 930 779 960 potest,
797 930 895 960 quanta
908 925 976 951 inter
988 924 1036 950 bo-
1056 958 1058 963 ,

213 967 217 974 ¹
239 962 326 988 mines
343 962 466 997 cognatio
481 962 529 993 sit,
551 968 705 998 quantaque
720 961 888 989 similitudo?
918 962 1033 992 Etenim.

240 1000 293 1025 nisi
306 999 354 1025 boc
366 1008 459 1025 verum
474 999 744 1031 fateremur,caussae
757 1000 824 1026 nihil
836 1004 914 1030 esset,
928 1008 976 1025 cur
988 999 1036 1025 ho-

238 1045 282 1062 mo
295 1036 431 1063 bominem
443 1037 569 1067 consilio,
587 1046 627 1068 re,
640 1038 723 1073 gratia
737 1038 853 1068 iuvaret,
871 1037 904 1063 ab
917 1037 1035 1063 bostium
1057 1067 1058 1070 Ἰ

239 1074 341 1108 impetu
353 1083 382 1100 ac
394 1073 510 1100 laesione
522 1074 685 1102 defenderet.
720 1074 797 1107 Quod
808 1080 897 1101 contra
910 1074 1034 1100 videmus
1056 1082 1058 1111 ξ

238 1111 372 1137 accidere:
398 1116 438 1141 ut,
456 1112 503 1146 qui
520 1112 553 1138 ab
570 1112 611 1138 his
628 1113 778 1139 actionibus
790 1117 891 1138 avertat
902 1112 1033 1142 animum,

237 1157 290 1174 non
303 1148 381 1175 modo
393 1149 420 1174 in
432 1149 532 1184 vulgus
544 1150 719 1184 improbetur,
728 1149 774 1176 sed
787 1150 866 1176 etiam
879 1149 1036 1175 inhumani-

237 1186 299 1212 tatis
312 1194 341 1211 ac
354 1185 465 1212 feritatis
476 1192 625 1213 accusetur.
657 1186 732 1214 Certe
744 1188 816 1213 enim
829 1195 881 1213 non
893 1195 906 1212 e
919 1195 1036 1213 marmo-

236 1231 265 1249 re
286 1222 385 1257 sculpti
406 1228 452 1249 aut
470 1232 483 1249 e
505 1224 597 1250 robore
617 1223 699 1250 dolati
720 1233 829 1250 sumus:
852 1228 893 1250 est
908 1224 935 1250 in
957 1223 1035 1250 nobis

236 1260 458 1295 quiddam,quod
470 1261 566 1295 pietate
579 1261 817 1296 misericordiaque
829 1266 976 1292 moveatur,
986 1269 1035 1288 nec

236 1298 374 1333 exstingui
387 1298 456 1324 sinat
468 1297 551 1329 illam,
567 1307 620 1333 qna
630 1298 683 1325 diis
694 1299 810 1334 proximi
823 1307 928 1330 sumus,
938 1300 1036 1325 iuvan-

236 1334 263 1360 di
276 1343 305 1360 ac
318 1334 502 1361 benefaciendi
515 1335 690 1363 voluntatem.
731 1337 772 1363 LI.
794 1337 850 1363 474.
866 1337 957 1372 Itaque
968 1336 1036 1362 insi-

235 1377 292 1398 tum
306 1372 409 1398 bomini
420 1377 500 1407 atque
511 1374 633 1400 innatum
646 1374 765 1405 videtur,
778 1379 820 1405 ut,
834 1375 939 1409 quoties
951 1373 1035 1400 alium

236 1409 373 1435 bominem
382 1430 388 1440 ,
406 1411 532 1444 quamvis
544 1411 677 1442 alienum,
696 1412 781 1446 premi
793 1411 943 1438 calamitate
955 1416 1034 1446 atque

235 1455 362 1473 aerumna
376 1447 473 1478 videat,
486 1449 621 1475 crucietur
631 1449 730 1480 animo,
745 1457 801 1479 nec,
810 1450 833 1475 si
845 1448 957 1475 facultas
968 1457 1035 1483 sup-

234 1489 319 1518 petat,
342 1484 530 1511 dimittendam
547 1490 622 1520 putet
637 1486 711 1512 illius
732 1485 894 1512 sublevandi
915 1487 1035 1513 occasio-

235 1530 306 1547 nem.
347 1521 433 1553 Quam
444 1523 516 1548 enim
533 1523 605 1557 ipse,
628 1524 652 1549 si
663 1532 694 1550 eo
706 1523 762 1550 loco
774 1528 858 1554 esset,
880 1523 1035 1559 benignita-

234 1563 286 1585 tem
299 1558 352 1585 sibi
365 1560 496 1594 impartiri
507 1565 656 1595 optaret,ea
668 1565 697 1587 ut
708 1561 735 1587 in
747 1560 831 1587 alium
842 1565 941 1591 utatur,
956 1565 1035 1587 natu-

233 1605 260 1622 ra
278 1597 355 1622 tacita
372 1596 489 1631 quadam
506 1606 569 1624 voce
585 1606 692 1624 monere
707 1606 736 1624 ac
748 1599 902 1633 praecipere
914 1597 1032 1624 videtur.

232 1634 306 1665 Quae
323 1634 406 1669 igitur
421 1634 474 1660 sibi
489 1636 597 1661 evenire
613 1644 691 1670 posse
705 1635 825 1667 dubitet,
843 1644 873 1662 ea
888 1636 912 1661 si
927 1636 1034 1662 contin-

233 1676 306 1705 gant,
320 1679 368 1697 cur
379 1672 482 1707 angiae
494 1672 645 1707 perturbari
657 1672 741 1699 velit?
752 1678 856 1700 auteur
867 1681 918 1699 non
930 1673 1030 1708 potius,

233 1707 351 1734 humana
367 1708 412 1735 illa
424 1717 483 1735 esse
495 1714 520 1736 et
530 1710 658 1736 omnibus
670 1710 827 1737 hominibus
839 1710 978 1745 proclivia,
992 1709 1033 1736 fa-

232 1744 336 1771 teatur?
359 1747 414 1772 ⁴75.
430 1746 534 1778 Quanto
545 1748 645 1774 rectius
657 1747 712 1779 ille,
720 1748 768 1782 qui
779 1749 903 1774 hominem
913 1756 939 1774 se
949 1756 1033 1783 agno-

232 1783 284 1808 scit
300 1785 416 1818 nihilque
429 1785 534 1810 Ιιιιηιαιιι·
544 1794 560 1811 α
571 1793 597 1811 se
607 1786 719 1811 alienum
727 1784 823 1818 putat?
843 1786 934 1820 Itaque
945 1793 1032 1820 quum

233 1819 302 1846 hanc
318 1828 352 1846 ex
367 1821 465 1847 animis
482 1823 580 1848 nostris
595 1823 764 1856 opinionem,
786 1821 855 1848 mala
870 1823 960 1849 onmia
979 1831 1031 1849 non

232 1865 291 1882 esse
303 1857 430 1889 humana,
447 1858 530 1885 veluti
544 1860 675 1885 immitem
688 1859 834 1894 quamdam
845 1864 871 1886 et
885 1860 1031 1886 immanem

231 1894 576 1927 belluam,extraxerimus,
585 1896 702 1931 profecto
714 1897 804 1923 minus
816 1897 914 1923 misere
926 1897 1032 1923 minus-

231 1939 285 1965 que
296 1931 410 1958 sollicite
422 1933 558 1959 vivemus.
600 1934 777 1968 Relinquetur
788 1935 860 1960 enim
872 1933 917 1960 illa
929 1935 1031 1970 cogita-

231 1969 277 1999 tio,
291 1977 479 2004 quaecumque
490 1970 622 2002 accidant,
632 1970 733 1997 fortiter
745 1970 853 1997 ferenda
865 1979 934 2002 esse,
948 1971 1031 1998 nihil-

231 2014 284 2040 que
296 2014 374 2040 posse
387 2007 489 2033 homini
501 2009 619 2039 evenire,
632 2016 686 2043 quo
698 2008 820 2034 funditus
832 2013 1028 2043 prosternatur:

231 2042 315 2078 idque
328 2044 361 2069 ita
373 2045 431 2075 erit,
445 2045 468 2070 si
481 2044 685 2080 nobismetipsis
697 2054 748 2072 non
761 2046 968 2077 assentabimur,
982 2046 1031 2072 sed
1052 2066 1055 2072 .

231 2081 385 2112 veritatem,
398 2089 451 2116 qua
463 2081 532 2108 nihil
543 2082 722 2117 praeclarius,
740 2083 945 2117 praestabilius,
963 2083 1031 2110 ube-

231 2118 288 2144 rius
299 2126 358 2144 esse
371 2123 465 2153 potest,
475 2124 527 2145 toto
538 2125 643 2154 pectore
654 2120 856 2155 amplectemur.
877 2121 946 2147 Haec
957 2121 1030 2147 enim

230 2154 277 2181 illa
288 2160 336 2186 est,
349 2164 432 2190 quam
443 2157 568 2187 assecuti,
586 2157 710 2184 meliores
722 2157 806 2184 multo
817 2157 952 2185 efficimur
961 2163 987 2184 et
997 2158 1030 2185 ad

230 2192 389 2227 perferenda
408 2194 577 2220 incommoda
598 2194 787 2230 praeclaraque
807 2195 958 2231 peragenda
975 2195 1031 2222 ala-

229 2230 342 2262 criores,
387 2231 443 2256 ⁴76.

229 2275 315 2302 quum
326 2272 379 2298 est.
394 2267 529 2295 laudabile
540 2269 715 2301 arbitramur,
734 2269 858 2305 nihilque
870 2270 958 2302 aliud,
977 2271 1030 2297 nisi

229 2306 337 2340 egregia
354 2304 413 2335 illa,
436 2314 470 2332 ex
485 2306 587 2341 quibus
604 2315 664 2333 vera
676 2307 761 2342 gloria
775 2308 907 2338 nascitur,
924 2309 1030 2343 expeti-
1050 2307 1060 2349 .ῖῖ

230 2350 300 2368 mus.
322 2343 360 2368 Ac
371 2342 439 2369 mihi
451 2343 545 2370 videor
556 2345 638 2370 nimis
649 2346 729 2371 etiam
741 2353 812 2371 nnnc
824 2350 937 2380 anguste
948 2350 1028 2380 atque

228 2379 336 2406 exiliter
347 2388 435 2415 agere.

229 2417 256 2442 in
268 2425 321 2451 quo
333 2416 460 2444 fidentius
471 2423 551 2453 atque
563 2418 678 2445 alacrius
684 2419 820 2446 exsultare
830 2420 917 2454 possit
927 2419 1029 2446 oratio?

229 2452 281 2479 Sed
300 2453 394 2480 faciam
411 2455 596 2490 impudenter,
614 2457 638 2482 si
654 2456 818 2482 medicinam
829 2457 957 2483 deserens
968 2458 1029 2483 ani-

228 2498 347 2522 morum,
360 2500 441 2526 quam
453 2501 487 2519 ex
497 2493 624 2520 omnibus
640 2494 756 2520 maxime
768 2493 862 2520 utilem
877 2502 936 2520 esse
948 2493 1028 2520 intel-

229 2526 291 2562 ligo,
301 2528 334 2554 ad
348 2537 436 2555 meam
447 2531 529 2556 unius
540 2530 744 2557 delectationem
755 2539 907 2557 sermonem
917 2540 1026 2558 omnem

228 2569 399 2600 mentemque
415 2572 579 2594 convertam.
622 2568 678 2594 477,
700 2567 823 2594 Dolorem
845 2569 928 2604 igitur
944 2569 1026 2595 nimis

228 2609 316 2627 acrem
328 2610 357 2627 ac
369 2602 528 2630 diuturnum
541 2604 701 2640 fugiendum
716 2605 852 2635 diximus,
875 2610 901 2632 et
914 2605 1026 2640 quidem

228 2638 416 2679 probabiliter,
430 2649 516 2674 quum
527 2650 561 2668 ex
571 2650 602 2668 eo
613 2641 683 2668 mala
695 2641 778 2668 multa
785 2643 1027 2678 maximequegra-

228 2683 271 2701 Via
287 2675 390 2702 soleant
404 2678 517 2709 exoriri,
539 2684 629 2705 contra
645 2688 708 2706 vero
729 2679 798 2706 nihil
817 2679 891 2706 boni.
932 2680 1025 2715 Neque

335 293 440 324 Quibus
454 293 532 317 relius
547 291 718 326 intelligitur,
736 292 854 323 graviter
868 299 978 325 peccare
991 290 1039 315 lio·
1061 289 1063 318 ζ

986 663 1036 689 Ubi
1059 660 1061 695 ζ

465 2240 551 2266 quum
566 2232 648 2262 nihil,
671 2233 725 2259 nisi
740 2232 813 2267 quod
829 2238 931 2259 rectum
946 2238 973 2259 et
985 2241 1031 2259 ae-

475 2380 528 2413 Qui
544 2382 617 2407 enim
633 2381 709 2408 latior
719 2382 802 2408 obiici
812 2391 925 2417 campus
936 2387 1026 2417 queat,
1057 2374 1059 2427 l

962 144 992 171 T.
1028 144 1315 171 CICERONIS

1060 214 1070 244 il
1091 216 1161 241 enim
1174 215 1248 241 dolor
1259 223 1292 241 ex
1305 214 1358 242 illis
1371 214 1451 241 rebus
1462 220 1510 245 est,
1520 216 1545 242 in

1557 216 1659 252 quibus
1673 216 1712 243 vel
1725 216 1757 243 ad
1770 216 1886 252 proban-

1091 252 1155 277 ‹lum
1175 252 1215 278 vel
1232 252 1264 278 ad
1282 252 1489 286 vituperandum
1503 253 1585 280 multa
1597 259 1622 280 et
1634 263 1729 290 magna
1740 255 1886 280 mntraria-

1092 298 1149 315 rum
1163 290 1294 315 rationum
1308 291 1380 323 paria
1392 295 1523 316 momenta
1539 297 1726 325 agnoscantur.
1750 292 1801 317 lloc
1812 292 1884 317 enim

1061 324 1069 358 l}
1091 327 1113 352 si
1130 326 1274 356 accideret,
1293 335 1398 361 agerem
1415 327 1607 357 verecundius,
1631 337 1717 363 neque
1730 330 1810 355 mein
1822 336 1885 354 eum

1060 366 1062 394 ἰ
1092 364 1178 389 locum
1195 363 1375 393 demitte-rem,
1401 364 1472 390 unde
1486 364 1591 390 nullum
1604 364 1682 399 plane
1693 367 1795 392 exitum
1809 365 1886 391 vide·

1092 410 1156 427 rem.
1197 400 1262 431 Sed,
1286 402 1413 436 quoniam
1431 401 1495 427 haec
1516 402 1549 428 ita
1565 411 1594 428 se
1610 402 1721 433 habent,
1743 403 1883 432 conti-udo.

1068 454 1069 468 1
1092 438 1254 464 vincendum
1275 447 1334 464 esse
1349 439 1469 465 animum
1486 438 1625 474 dolorique
1640 440 1736 466 acriter
1750 440 1885 466 obsisten-

1060 475 1069 509 1}
1089 475 1165 501 dum.
1205 476 1268 501 Sive
1278 476 1350 501 enim
1363 476 1556 511 nosmetipsos.
1573 477 1631 502 sive
1643 477 1719 512 vulgi
1729 478 1884 511 opinionem

1068 513 1069 520 ¹
1089 514 1252 548 cogitemus,
1277 512 1302 538 id
1319 513 1397 539 nobis
1412 514 1471 539 sine
1488 513 1540 539 ulla
1552 513 1720 540 dubitatione
1731 514 1883 540 faciendum

1089 555 1138 576 est.
1183 551 1238 576 ⁴78.
1255 550 1300 580 At.
1314 551 1337 576 si
1354 550 1387 576 ad
1405 555 1522 576 mortuos
1539 551 1612 585 ipsos
1628 552 1748 577 animum
1761 551 1886 578 traduca-

1090 596 1160 617 mus,
1173 588 1220 622 qui
1233 596 1378 622 possumus
1389 588 1666 623 existimare.gratum
1679 588 1733 615 illis
1740 588 1884 624 sore‚quod

1090 625 1173 651 nimio
1184 624 1274 651 dolore
1285 624 1456 651 cruciemur¹.⁷
1469 626 1626 660 praesertim
1638 634 1723 661 quum
1735 634 1769 652 ex
1778 625 1883 652 eonihil

1089 662 1120 688 ad
1137 662 1196 688 illos
1208 661 1340 692 utilitatis,
1354 662 1401 688 sed
1413 662 1578 696 permultum
1590 662 1623 689 ad
1635 672 1683 689 noa
1694 663 1834 690 dedecoris
1845 668 1884 689 at-

1058 703 1061 720 ¹
1088 708 1140 734 que
1159 700 1320 726 incommodi
1338 705 1484 734 permanet.
1525 700 1596 732 Quid
1616 701 1699 736 igitur
1715 709 1760 727 eos
1777 701 1850 735 ipsos
1870 709 1884 726 a

1088 737 1166 763 nobis
1182 742 1273 771 optare
1289 742 1368 772 atque
1384 742 1508 772 expetere
1523 737 1704 764 arbitremur?
1723 738 1796 764 Nihil
1809 746 1882 768 sane.

1088 775 1141 800 nisi
1158 780 1187 801 ut
1201 782 1246 800 eos
1263 773 1361 801 illustri
1377 775 1505 802 memoria
1521 783 1551 801 ac
1571 774 1752 802 recordatione
1775 775 1885 802 decore-

1088 820 1159 838 mus.

1162 850 1240 876 Nemo
1251 858 1288 876 me
1299 851 1422 876 lacrumis
1432 852 1540 880 decoret,

1057 892 1059 904 ⁴
1087 887 1123 913 ait
1134 887 1251 913 Ennius:

1160 939 1196 944 —
1209 924 1273 950 cur?
1293 925 1356 959 quia
1368 926 1446 951 volito
1456 925 1522 951 vicu·
1532 933 1578 957 per
1588 933 1635 951 ora
1646 926 1740 951 our-dm.

1056 968 1058 992 ,¹
1087 962 1140 988 Lll.
1156 963 1212 988 479.
1228 961 1298 993 Quid
1311 963 1394 997 igitur
1404 967 1444 988 est
1454 970 1632 992 caussae,cur
1643 961 1733 988 fletum
1747 961 1885 988 lacrimas-

1086 1008 1139 1034 que
1151 998 1273 1025 recuset‘?
1294 1000 1428 1025 Nimirum
1444 1007 1474 1025 ea
1489 999 1588 1035 gloria.
1605 1008 1687 1035 quam
1703 1008 1731 1025 se
1743 999 1831 1025 adhuc
1843 1000 1884 1025 vi-

1087 1041 1193 1063 ventem
1209 1042 1361 1063 assecutum
1377 1045 1436 1063 esse
1451 1036 1611 1063 confidebat.
1652 1037 1780 1063 Eamdem
1803 1037 1885 1071 igitur

1086 1074 1121 1100 ob
1131 1082 1255 1100 caussam
1268 1079 1388 1100 nostrum
1400 1082 1508 1109 quoque
1521 1073 1622 1100 luctum
1629 1074 1884 1109 mortuisingratum

1087 1111 1284 1146 molestumque
1298 1111 1351 1137 fore
1362 1113 1548 1146 suspicemur,
1571 1120 1620 1137 nec
1635 1111 1708 1137 aliud
1723 1120 1768 1138 eos
1781 1120 1794 1137 a
1806 1111 1885 1137 nobis

1086 1148 1237 1184 quidquam
1249 1148 1367 1184 flagitare
1378 1149 1533 1179 credamus,
1551 1157 1647 1183 quam,
1666 1153 1694 1174 ut
1710 1148 1737 1175 id
1749 1149 1839 1183 ipsum
1852 1147 1886 1174 il-

1088 1185 1129 1217 lis,
1143 1195 1197 1221 quo
1208 1187 1326 1213 maxime
1337 1185 1517 1216 delectamur,
1534 1186 1695 1212 tribuamus.
1738 1187 1793 1211 ⁴80.
1815 1185 1885 1212 Haec

1087 1228 1175 1250 autem
1187 1223 1271 1259 gloria
1282 1228 1323 1250 est
1333 1229 1359 1250 et
1369 1223 1479 1250 assidua
1491 1222 1599 1250 illorum
1611 1224 1719 1250 virtutis
1726 1222 1882 1253 recordatio,

1056 1261 1059 1294 l
1086 1269 1168 1296 quam
1183 1262 1206 1287 si
1225 1269 1348 1288 sermone
1369 1261 1576 1296 laudationeque
1597 1266 1684 1287 nostra
1706 1259 1885 1287 immortalem

1056 1300 1059 1323 ἰ
1086 1298 1192 1325 efficere
1205 1298 1290 1329 liceat,
1304 1298 1354 1325 hoc
1365 1307 1419 1325 uno
1429 1298 1462 1325 de
1475 1299 1587 1324 mortuis
1599 1306 1646 1325 nos
1661 1297 1703 1324 vel
1715 1298 1815 1332 optime
1828 1305 1885 1324 me·

1056 1335 1058 1350 *
1086 1336 1150 1362 ritos
1162 1336 1316 1362 existimare
1327 1345 1479 1371 possemus.
1518 1335 1608 1368 Quid?
1617 1335 1690 1370 quod
1701 1343 1773 1365 eum,
1785 1335 1834 1370 qui
1845 1336 1885 1361 sic

1085 1372 1186 1404 doleat,
1204 1378 1232 1400 ut
1244 1374 1357 1400 recreari
1369 1374 1576 1408 confirmarique
1587 1381 1639 1399 non
1651 1373 1749 1407 possit,
1768 1381 1801 1398 ne
1811 1372 1884 1398 divi-

1063 1432 1064 1435 .
1086 1419 1150 1437 num
1165 1411 1276 1445 quidem
1293 1419 1392 1437 numen
1409 1411 1529 1441 horrere,
1551 1410 1746 1445 sapientissimi
1762 1410 1884 1436 homines

1063 1445 1065 1457 ‘
1085 1448 1280 1483 prodiderunt?
1320 1450 1376 1474 484.
1397 1448 1514 1483 impium
1525 1453 1614 1474 autem
1624 1452 1674 1477 est,
1687 1447 1790 1482 quibus
1800 1446 1884 1473 debe-

1062 1495 1064 1508 ·
1085 1494 1146 1511 mus
1158 1486 1256 1513 omnia.
1271 1486 1304 1511 iis
1316 1486 1464 1520 pessimam
1476 1484 1573 1511 referre
1585 1485 1713 1520 gratiam:
1736 1489 1826 1511 contra
1837 1493 1884 1510 ve-

1062 1539 1064 1552 ,
1085 1531 1122 1553 ro,
1135 1523 1182 1557 qui
1194 1522 1305 1548 deorum
1318 1522 1449 1549 voluntati
1461 1527 1616 1557 paruerunt,
1625 1521 1749 1556 nihilque
1760 1530 1798 1552 se.
1810 1521 1885 1556 quod

1062 1567 1063 1581 l

1062 1589 1064 1605 r

1062 1644 1063 1656 l

1062 1553 1064 1563 '
1085 1560 1118 1586 ab
1141 1559 1196 1586 illis
1218 1560 1287 1586 ultro
1301 1559 1422 1591 daretur,
1447 1559 1557 1586 moleste
1577 1559 1645 1585 ferre
1669 1558 1881 1589 declaraverunt,

1085 1605 1130 1623 eos
1147 1605 1199 1624 non
1215 1596 1304 1623 solum
1318 1597 1441 1624 viventes
1453 1597 1597 1632 praecipua
1609 1596 1688 1623 laude
1699 1597 1804 1623 ornavit
1814 1596 1884 1622 anti-

1062 1634 1063 1638 ’
1084 1635 1183 1670 quitas,
1192 1634 1240 1660 sed
1246 1635 1326 1661 etiam
1338 1643 1352 1661 e
1364 1635 1418 1661 vita
1429 1642 1553 1670 egressos
1565 1639 1694 1669 perpetuo
1704 1633 1788 1660 coluit
1799 1633 1884 1660 hono·

1084 1680 1126 1698 re:
1140 1671 1222 1707 idque
1233 1680 1264 1698 eo
1274 1671 1426 1698 studiosius
1437 1679 1466 1698 ac
1479 1671 1618 1702 libentiuS,
1633 1672 1658 1697 si
1671 1679 1740 1706 quos
1751 1670 1885 1697 intellexit

1084 1718 1147 1735 cum
1162 1709 1274 1736 deorum
1290 1709 1366 1736 cultu
1382 1709 1600 1735 exercitationem
1616 1709 1725 1735 virtutis
1741 1713 1766 1734 et
1779 1709 1884 1743 praeci-

1084 1755 1164 1781 puam
1181 1747 1209 1773 in
1224 1747 1350 1773 mortales
1366 1746 1571 1772 beneficentiam
1586 1746 1771 1772 coniunxisse.
1812 1745 1884 1772 Scite

1083 1783 1215 1819 profecto,
1239 1789 1268 1810 ut
1281 1789 1367 1810 cetera
1384 1783 1467 1810 ferme
1483 1784 1583 1809 omnia.
1626 1784 1683 1809 ⁴82.
1705 1782 1775 1815 Quid
1792 1782 1884 1809 enim‘?

1054 1819 1063 1855 ,ἶ
1083 1821 1178 1848 maiori
1191 1821 1268 1847 laude
1280 1820 1395 1856 dignum
1406 1829 1440 1847 ex
1451 1820 1579 1847 omnibus
1586 1819 1668 1846 rebus
1675 1819 1801 1846 humanis
1809 1829 1882 1846 com-

1053 1861 1063 1875 4·
1083 1867 1231 1885 memorare
1243 1859 1388 1893 possimus,
1397 1866 1478 1893 quam
1491 1866 1562 1888 eum,
1576 1858 1624 1892 qui
1637 1858 1718 1884 vitam
1729 1857 1809 1884 ducat
1820 1866 1881 1883 cum

1061 1897 1062 1925 i
1083 1896 1181 1922 virtute
1198 1896 1382 1925 coniunctam,
1405 1895 1438 1921 ad
1452 1895 1564 1921 deorum
1581 1894 1684 1921 cultum
1700 1899 1779 1929 atque
1798 1894 1883 1921 hono-

1053 1931 1062 1963 4Ξ
1083 1942 1138 1959 rem
1155 1938 1317 1968 perpetuum
1332 1934 1358 1959 in
1375 1933 1499 1959 homines
1513 1932 1635 1958 studium
1651 1940 1681 1958 ac
1697 1932 1823 1967 pietatem
1834 1940 1882 1967 ag-

1082 1970 1212 2005 gregare?
1222 1979 1270 1996 nec
1281 1970 1432 2005 quidquam
1444 1969 1578 1996 tantulum
1591 1969 1669 1996 modo
1680 1969 1708 1995 in
1721 1970 1782 1995 eius
1792 1969 1882 1996 animo

1083 2010 1226 2038 exsistere,
1240 2007 1312 2042 quod
1325 2016 1377 2034 non
1388 2007 1430 2034 vel
1442 2008 1535 2042 pietati
1548 2006 1590 2033 vel
1606 2007 1765 2033 humanitati
1777 2006 1819 2032 vel
1833 2006 1882 2032 de-

1083 2046 1165 2080 nique
1177 2045 1271 2071 virtuti
1282 2045 1317 2071 sit
1327 2043 1557 2071 consentaneum?
1576 2045 1642 2070 Llll.
1661 2045 1717 2070 ⁴83.
1734 2044 1788 2070 Nec
1801 2043 1879 2070 aliam

1053 2080 1062 2112 'l
1081 2091 1146 2109 sane
1162 2082 1196 2109 ob
1212 2091 1336 2108 caussam
1352 2082 1504 2117 perturbari
1519 2090 1626 2108 omnem
1643 2082 1725 2107 vitam
1735 2089 1824 2107 errore
1839 2082 1882 2108 in-

1060 2114 1062 2154 l
1082 2121 1214 2155 scitiaque
1230 2119 1370 2150 videmus,
1391 2120 1446 2146 nisi
1460 2119 1547 2154 quod.
1564 2127 1633 2154 quae
1649 2119 1677 2145 in
1693 2118 1811 2145 hominis
1826 2119 1879 2144 vita

1052 2164 1061 2180 π
1082 2158 1226 2192 praecipua
1238 2165 1298 2183 esse
1309 2156 1542 2191 deberent,pietas
1553 2165 1616 2192 erga
1627 2155 1701 2185 deos.
1718 2156 1745 2182 in
1758 2155 1880 2182 homines

1060 2182 1061 2231 l
1082 2195 1272 2224 beneficentia.
1298 2195 1385 2220 virtus
1403 2195 1432 2220 in
1448 2194 1566 2230 ingeniis
1582 2202 1612 2220 ac
1628 2192 1764 2224 moribus,
1779 2201 1810 2219 ea
1825 2192 1880 2220 fere

1081 2233 1170 2259 omnia
1182 2231 1371 2267 negliguntur:
1389 2231 1539 2266 eademque
1551 2231 1666 2261 ratione,
1681 2238 1751 2265 quae
1763 2231 1880 2257 maxime

1051 2279 1060 2304 ,ῃ
1081 2270 1165 2296 vitare
1181 2269 1357 2299 deberemus,
1379 2277 1409 2295 ea
1426 2268 1546 2295 studiose
1562 2268 1729 2303 expetimus,
1746 2275 1879 2302 caecoque

1081 2308 1183 2342 impetu
1195 2305 1308 2332 ferimur
1318 2305 1351 2332 ad
1364 2305 1409 2332 illa
1418 2327 1424 2336 ,
1442 2306 1546 2341 quibus
1562 2306 1617 2332 vita
1633 2309 1721 2331 nostra
1733 2304 1812 2339 plane
1823 2303 1879 2331 fera

1058 2359 1059 2371 l
1080 2350 1159 2379 atque
1172 2344 1298 2370 immanis
1309 2343 1436 2370 efficitur.
1468 2344 1511 2369 Ex
1522 2343 1572 2369 boc
1583 2342 1654 2369 fonte
1664 2342 1825 2377 cupiditates
1836 2342 1878 2368 in-

1080 2381 1218 2408 satiabiles
1233 2381 1405 2411 exoriuntur,
1428 2381 1531 2415 quibus
1541 2389 1593 2406 non
1606 2379 1685 2406 modo
1695 2378 1818 2414 singulos
1829 2378 1878 2405 ho-

1057 2432 1059 2453 ,
1080 2420 1176 2449 mines,
1185 2418 1233 2444 sed
1244 2423 1310 2444 totas
1322 2417 1440 2444 familias
1451 2418 1624 2444 etuniversas
1635 2416 1758 2443 funditus
1769 2424 1877 2442 eversas

1056 2461 1059 2484 l
1079 2457 1202 2482 civitates
1227 2455 1368 2481 videmus:
1399 2460 1536 2490 praeterea
1559 2454 1719 2484 seditiones,
1750 2453 1875 2483 insidiae,

1056 2489 1058 2512 l
1078 2493 1229 2519 discordiae
1245 2501 1390 2527 rerumque
1406 2497 1431 2518 et
1447 2492 1589 2518 hominum
1603 2490 1694 2517 clades
1704 2494 1731 2516 et
1740 2490 1875 2516 interitus.

1078 2531 1120 2557 Ex
1140 2530 1183 2556 bis
1203 2530 1283 2556 etiam
1299 2529 1474 2556 incredibiles
1493 2528 1599 2555 dolores
1616 2532 1754 2558 emanant,
1774 2527 1876 2562 quibus

1078 2567 1230 2602 perturbari
1246 2567 1329 2593 vitam
1339 2587 1345 2597 ,
1368 2575 1456 2601 neque
1471 2566 1560 2593 solum
1572 2566 1726 2594 insuavem,
1744 2564 1792 2590 sed
1802 2573 1877 2590 acer-

1079 2605 1220 2631 bissimam
1231 2603 1303 2630 effici
1314 2612 1423 2630 necesse
1434 2608 1484 2630 est.
1517 2604 1572 2629 ⁴84.
1594 2601 1671 2634 Quod
1681 2606 1772 2628 contra
1783 2601 1876 2636 probis

1078 2643 1261 2676 virtutemque
1272 2641 1427 2667 amantibus
1438 2639 1545 2666 accidit.
1579 2639 1647 2664 Nam
1658 2638 1768 2665 divinae
1779 2638 1876 2665 volun-

1055 2689 1057 2703 ε
1079 2680 1125 2706 tati
1139 2678 1354 2713 obtemperantes
1366 2677 1434 2704 nihil
1447 2678 1474 2703 in
1485 2685 1514 2703 se
1525 2677 1607 2711 ipsis,
1623 2675 1671 2702 sed
1683 2676 1710 2702 in
1720 2684 1751 2702 ea
1761 2683 1790 2702 se
1802 2676 1875 2710 ipsos
