1941 3052
1005 426 1059 450 ⁴09.

740 492 772 520 M.
809 492 987 522 TULLII
1023 492 1314 523 CICERONlS

322 567 1021 618 ACADEMICORUM

1091 569 1732 619 POSTERIORUM

804 669 974 696 LIBER
1019 668 1248 699 PRIMUS.

495 736 524 773 A
543 736 572 774 D
634 738 676 774 M.

260 893 337 914 ΛΚΘ,
366 894 391 914 ln
402 894 442 914 hoc
453 894 679 915 Academicorum
689 895 881 922 posteriorum
893 896 1000 919 fraumen-

206 931 229 949 to
242 933 293 955 post
303 928 429 953 exordium,
441 936 482 955 quo
492 929 570 950 Cicero
585 930 611 949 de
624 929 728 950 instituto
745 930 900 958 philosophiae
914 931 1000 952 Latinis

205 963 289 985 litteris
299 963 445 984 illustrandae
455 964 501 988 angit
515 968 536 984 et
545 965 654 985 sermonis
664 964 796 986 instituendi
811 966 948 986 occasionem
963 967 1000 986 de-

205 1001 320 1023 monstrat.
331 1006 348 1019 c.
362 1001 426 1020 t—s.
443 999 512 1019 Varro
523 999 624 1026 primum,
638 999 690 1020 inde
699 1006 712 1020 a
722 1002 812 1021 Socrate
819 1005 921 1028 repetens
931 1008 1000 1027 usque

204 1034 231 1054 ad
242 1033 364 1055 Arcesilam
372 1049 377 1058 ,
392 1033 548 1061 philosophiae
564 1034 670 1055 rationem
681 1035 784 1062 exponit.
799 1043 818 1055 c.
829 1039 872 1056 ⁴—
880 1039 910 1056 1³.
921 1036 1000 1056 deinde

204 1068 282 1090 Cicero
293 1069 319 1089 ab
330 1068 431 1090 Arcesila
441 1069 534 1096 incipit,
549 1073 571 1090 et
581 1069 603 1089 in
613 1070 727 1090 Carneade
736 1065 826 1090 desinit.
855 1071 943 1091 Summa
953 1077 999 1091 ser-

204 1103 276 1125 monis
286 1103 422 1125 Varroniani
432 1103 485 1125 haee
495 1107 539 1124 eat:
553 1105 665 1125 Socratem
680 1105 773 1132 primum
783 1105 884 1133 coepisse
894 1107 921 1126 de
933 1106 999 1127 mori-

203 1139 244 1159 bus
255 1138 335 1164 magis,
350 1146 413 1166 quam
427 1139 454 1159 de
469 1146 539 1160 rerum
555 1143 633 1160 natura
643 1139 768 1167 disputare,
784 1144 849 1167 atque
863 1141 887 1160 in
897 1141 999 1162 omnihus

203 1174 342 1195 sermonibus
352 1181 414 1194 usum
426 1181 474 1194 esse
485 1174 526 1194 illa
535 1175 633 1200 (leontio,
642 1181 684 1200 qua
694 1174 750 1195 nihil
762 1181 786 1195 se
795 1175 853 1196 seire
862 1175 954 1201 diceret,
965 1176 999 1196 ni-

203 1209 223 1229 si
235 1209 291 1229 nihil
301 1216 325 1230 se
335 1209 400 1229 scire.
429 1208 533 1230 Plutonis
544 1212 615 1229 autem
625 1209 735 1230 Socratici
752 1210 885 1231 auctoritate
899 1217 964 1231 unam
977 1215 999 1231 et

201 1243 375 1265 consentientem
389 1244 474 1265 duobus
492 1243 607 1265 vocabulis
625 1243 782 1271 philosophiae
797 1245 888 1266 formam
907 1245 998 1266 institu-

202 1283 245 1300 tam
256 1286 313 1304 esse,
325 1279 504 1300 Academicorum
515 1282 536 1299 et
546 1279 745 1306 Peripateticorum
753 1295 758 1304 ,
770 1280 808 1307 qui
818 1283 898 1301 certam
910 1284 931 1301 et
940 1288 997 1302 com-

201 1313 282 1341 pletam
293 1313 450 1341 philosophiae
460 1313 575 1335 formulam
586 1315 757 1341 composuerint,
770 1315 807 1336 sed
814 1315 948 1336 Socraticam
959 1316 998 1336 du-

201 1348 330 1370 bitationem
345 1351 367 1370 et
381 1348 482 1370 omnihus
493 1349 520 1369 tle
534 1347 600 1369 rehu·
611 1349 660 1369 aine
668 1350 798 1371 assensione
807 1350 936 1378 disputandi
947 1358 998 1371 con-

201 1384 339 1405 suetudinem
349 1384 493 1411 reliqnerint,
510 1387 575 1410 atque
589 1383 622 1404 ita
631 1388 698 1405 artem
709 1385 865 1413 philosophiae
875 1386 997 1411 effecerint,

199 1422 245 1440 αι.
270 1418 394 1446 Triplicem
405 1422 475 1440 autem
487 1418 558 1439 fuine
567 1418 740 1447 philosophandi
750 1420 870 1444 rationem.
882 1427 962 1446 imum,
972 1422 999 1442 de

199 1454 250 1476 vim
260 1458 282 1475 et
291 1454 390 1475 moi-ihm
397 1470 404 1479 ,
419 1461 475 1481 quae
485 1460 498 1474 a
507 1457 586 1475 natura
596 1458 719 1481 peteretur,
731 1454 766 1475 cui
778 1455 909 1482 parendum,
919 1455 943 1476 in
956 1462 998 1482 qua

200 1496 306 1511 summum
316 1490 395 1510 bonum
406 1489 552 1516 quaerendum
562 1489 669 1514 dicerent,
676 1497 694 1510 c.
702 1493 721 1511 5.
728 1492 747 1510 8.
758 1491 784 1510 de
793 1494 882 1511 nubum
890 1491 997 1516 alteram,

199 1530 255 1550 qnae
264 1524 416 1545 contineretur
426 1525 543 1546 effectione
553 1528 576 1545 et
589 1523 694 1549 materia,
710 1531 773 1552 qnam
783 1526 876 1550 fingeret
885 1529 907 1546 et
916 1526 996 1546 forina-

202 1562 237 1579 ret
246 1559 344 1584 effectio.
358 1568 376 1581 c.
390 1564 408 1580 ⁷.
420 1560 472 1581 coll.
483 1567 501 1582 e.
512 1564 531 1582 2.
543 1562 645 1586 certium,
656 1568 711 1588 quae
721 1561 746 1582 in
760 1562 849 1583 ratione
859 1565 881 1583 et
889 1562 998 1582 disseren-

202 1595 230 1614 do
240 1598 377 1620 versaret-ur,
394 1602 406 1615 a
416 1595 519 1616 sensibus
534 1596 620 1623 quidem
635 1597 734 1621 ductam,
751 1597 789 1617 sed
799 1597 843 1620 ita.
858 1601 882 1618 ut
892 1597 998 1618 iudicium

203 1628 306 1650 veritatis
317 1630 409 1651 nonnisi
419 1631 486 1651 menti
496 1631 639 1656 tribueretur,
648 1638 703 1658 quae
713 1631 761 1652 sola
770 1636 876 1657 cerneret,
883 1632 935 1659 quid
944 1640 999 1653 sem-

203 1670 243 1690 per
252 1667 312 1685 esset
322 1664 426 1692 simplex.
433 1668 455 1686 et
463 1665 531 1686 unius
541 1666 600 1687 modi
611 1671 632 1687 et
643 1667 696 1690 tale.
702 1666 768 1694 quale
777 1672 844 1692 esset,
851 1674 914 1694 quam
924 1668 999 1688 ideam

203 1699 364 1726 appellavisset
382 1700 456 1721 Plato.
485 1702 573 1722 Omnem
591 1708 604 1722 a
623 1701 727 1723 sensibus
744 1703 831 1723 ductam
849 1702 996 1728 cognitionem

203 1734 338 1762 opinabilem
353 1739 437 1756 tontum
453 1742 510 1761 ene.
527 1736 644 1758 scientiam
657 1740 741 1758 tantum
751 1737 774 1757 in
785 1737 921 1758 motionibus
931 1737 999 1758 animi

203 1773 225 1790 et
236 1770 362 1791 rationibus
370 1770 453 1796 inesse,
464 1778 483 1792 c.
494 1774 513 1793 8.
542 1771 688 1793 Aristotelem
697 1772 777 1793 deinde
786 1772 880 1800 primum
889 1772 952 1793 ideas
965 1772 998 1793 la-

204 1805 340 1830 befactae-05
352 1805 532 1833 Theophrastum
542 1806 611 1828 vitam
620 1808 705 1828 beatam
714 1807 739 1827 in
749 1807 797 1828 sola
806 1806 890 1828 virtute
900 1814 950 1828 esse
959 1815 998 1834 pu-

203 1840 269 1861 sitam
289 1847 390 1866 negasse.
418 1841 543 1862 Stratonem
563 1845 632 1863 totum
652 1849 676 1863 se
690 1843 716 1863 ad
734 1846 826 1863 naturae
841 1842 998 1863 obscuritatem

203 1875 338 1900 contulisse,
353 1884 371 1897 e.
383 1879 403 1898 9.
431 1877 541 1897 Zenonem
558 1881 638 1902 autem,
653 1876 794 1904 disciplinam
809 1877 919 1902 corrigere
933 1883 997 1897 cona-

203 1913 260 1934 mm,
276 1910 371 1937 plurima
384 1910 408 1931 in
422 1911 507 1939 triplici
522 1911 564 1932 illa
577 1911 665 1932 ratione
678 1919 784 1937 novasse,
799 1919 817 1933 e.
834 1915 865 1933 ¹0.
880 1914 910 1933 11.
938 1912 996 1932 Tum

202 1951 254 1965 vero
266 1945 352 1965 Zenoni
367 1952 390 1966 ae
405 1946 538 1973 opposuisse
554 1946 688 1972 Arcesilam,
703 1954 774 1967 rerum
789 1947 926 1968 obscuritate
939 1954 996 1968 com·
1023 1958 1025 1966 ‹

203 1983 283 2000 motuni
291 1996 296 2004 ,
312 1983 334 2000 et
348 1987 464 2001 revocasse
477 1984 573 2002 veterum
584 1981 646 2002 illam
657 1982 758 2003 omnihus
768 1982 795 2002 de
804 1983 870 2002 rehus
881 1982 998 2002 dubitandi

203 2015 396 2039 consuetudinem.
413 2015 512 2043 nihilque
527 2016 614 2037 dixisse
629 2016 683 2037 seiri
698 2023 775 2044 posse,
792 2023 819 2037 ne
832 2016 937 2044 idipsum
949 2017 997 2043 qui-

203 2050 258 2073 dem,
275 2050 333 2076 quod
346 2050 449 2071 Socrates
460 2051 594 2078 excepisset.
609 2051 637 2072 ef.
650 2055 673 2072 l„
684 2051 712 2072 11.
723 2058 741 2072 e.
752 2054 784 2072 24.
808 2051 870 2072 Hane
880 2058 930 2072 esse
940 2052 996 2072 Aea-

202 2085 295 2106 demiam
306 2092 383 2106 novam
394 2085 527 2112 appellatam
538 2090 560 2106 ot
569 2087 596 2106 ad
607 2086 740 2107 Carneadem
750 2086 884 2113 perductam,
894 2093 913 2108 c.
924 2089 956 2107 ¹2.

253 2141 273 2167 Ι.
298 2142 320 2167 l.
342 2136 375 2168 In
387 2141 507 2168 Cumano
518 2150 604 2177 nuper
615 2151 700 2177 quum
712 2151 819 2170 mecum
829 2144 934 2171 Atticus
945 2153 994 2171 no-

197 2182 252 2204 ster
262 2183 341 2209 esset,
355 2179 507 2205 nuntiatum
519 2184 559 2206 est
570 2179 647 2206 nobis
662 2188 676 2206 a
689 2180 725 2206 M.
738 2181 868 2212 Varrone,
884 2182 993 2208 venisse

198 2223 260 2241 eum
271 2215 353 2242 Roma
365 2216 452 2250 pridie
464 2217 584 2251 vesperi,
598 2222 632 2247 et,
646 2218 699 2244 nisi
711 2217 745 2244 de
756 2219 800 2244 via
811 2217 900 2245 fessus
911 2224 990 2250 esset,

196 2253 323 2279 continuo
335 2253 368 2278 ad
380 2262 427 2279 nos
439 2258 582 2280 venturum
594 2253 688 2280 fuisse.
713 2255 790 2287 Quod
803 2264 888 2290 quum
899 2255 993 2282 audis-

196 2297 301 2319 semus,
327 2289 429 2316 nullam
449 2299 549 2317 morani
575 2292 798 2325 interponendam
822 2294 990 2327 putavimus,

195 2327 262 2360 quin
274 2326 429 2353 videremus
437 2327 582 2358 hominem,
591 2328 732 2355 nobiscum
743 2334 768 2355 et
779 2329 877 2356 studiis
889 2330 992 2356 eisdem

195 2368 219 2389 et
232 2368 362 2390 vetustate
374 2365 507 2391 amicitiae
517 2366 701 2392 coniunctum.
746 2367 838 2401 ltaque
849 2366 991 2393 confestim

195 2400 228 2425 ad
238 2409 300 2426 eum
316 2402 354 2427 ire
366 2403 549 2436 perreximus:
567 2402 744 2437 pannumque
756 2412 841 2438 quum
856 2405 915 2430 eius
927 2403 991 2430 villa

196 2436 366 2467 abessemus‚
389 2439 478 2473 ipsum
491 2439 523 2465 ad
535 2448 583 2465 nos
595 2440 747 2466 venientem
758 2440 892 2467 vidimus:
911 2446 991 2476 atque

194 2472 272 2499 illum
284 2475 427 2509 complexi,
436 2480 465 2502 ut
476 2485 533 2502 mos
544 2477 693 2502 amicorum
704 2482 752 2507 est,
761 2478 826 2503 satis
837 2486 900 2504 eum
912 2477 991 2513 longo

194 2510 335 2538 intervallo
351 2512 383 2538 ad
395 2521 471 2539 suam
483 2512 576 2539 villam
589 2513 758 2540 reduximus.
800 2516 824 2540 2.
846 2515 893 2540 Hic
904 2523 990 2549 pauca

193 2547 295 2580 primo,
312 2553 390 2582 atque
403 2558 446 2579 ea,
464 2550 683 2584 percontantibus
694 2550 786 2581 nobis,
809 2552 908 2586 ecquid
924 2551 989 2578 forte

194 2584 276 2609 Roma
288 2585 360 2615 novi,
373 2586 485 2616 Atticus,
499 2587 596 2613 Omitte
609 2588 672 2617 ista,
688 2595 756 2622 quae
769 2596 816 2613 nec
827 2589 986 2622 percontari,

194 2628 244 2646 nec
255 2620 347 2647 audire
358 2623 415 2648 sine
428 2623 548 2649 molestia
560 2632 715 2658 possumus,
729 2633 838 2658 quaeso,
852 2625 949 2659 inquit,
962 2630 989 2652 et

194 2665 292 2692 quaere
303 2658 401 2693 potum,
415 2660 512 2694 ecquid
525 2661 581 2695 ipse
593 2661 664 2688 novi.
704 2661 789 2688 Silent
800 2662 872 2688 enim
884 2662 987 2689 diutius

737 738 1121 776 TERENTIUM

1178 737 1555 776 VARRONEM.

1053 897 1144 923 Musae
1151 897 1284 928 Varronis,
1296 905 1376 932 quam
1389 897 1523 923 solebant:
1537 905 1584 923 nec
1596 901 1683 923 tamen
1695 898 1776 923 istum
1786 906 1845 923 res—

1053 943 1120 963 sare,
1134 935 1180 960 sed
1192 935 1287 965 celare,
1300 943 1368 970 quae
1380 935 1488 964 scribat.
1502 935 1637 960 existimo.
1678 935 1787 960 Minime
1799 943 1845 960 ve·

1052 981 1094 1002 ro.
1117 973 1206 1007 inquit
1226 971 1280 998 ille.
1321 972 1525 1006 Intemperantia
1545 972 1617 997 enim
1641 971 1754 997 arbitror
1773 980 1843 1001 esse,

1051 1008 1182 1039 scrihere,
1200 1009 1272 1044 quod
1287 1009 1415 1035 occultari
1432 1009 1506 1035 velit.
1541 1008 1592 1034 Sed
1609 1009 1694 1035 habeo
1708 1017 1776 1043 opus
1788 1018 1844 1035 ma-

1051 1055 1135 1082 gnum
1148 1047 1174 1072 in
1186 1046 1326 1076 manibus,
1343 1046 1415 1081 quod
1432 1047 1484 1072 iam
1501 1046 1604 1080 pridem
1619 1046 1652 1072 ad
1668 1046 1739 1072 hunc
1754 1047 1844 1081 ipsum

1051 1084 1103 1117 (me
1123 1089 1211 1109 autem
1232 1083 1348 1118 dicebat)
1367 1083 1499 1118 quaedam
1516 1084 1634 1113 institui.
1657 1091 1726 1118 quac
1742 1089 1767 1110 et
1782 1088 1846 1110 sunt

1051 1129 1147 1156 magna
1163 1129 1240 1151 sane,
1262 1125 1288 1146 et
1304 1120 1431 1147 limantur
1445 1129 1458 1146 a
1475 1129 1516 1146 me
1536 1120 1656 1155 politius.
1697 1122 1722 1147 3.
1743 1121 1843 1156 Etego,

1051 1158 1102 1184 Ista
1113 1158 1234 1192 quidem,
1249 1158 1369 1192 inquam,
1384 1158 1473 1188 Varro,
1489 1158 1540 1183 iam
1552 1157 1599 1183 diu
1611 1162 1777 1192 exspectans,
1792 1167 1844 1184 non

1050 1195 1136 1222 audeo
1152 1200 1239 1221 tamen
1254 1194 1386 1230 flagitare:
1403 1195 1496 1221 audivi
1512 1195 1585 1221 enim
1600 1203 1614 1221 e
1629 1195 1729 1221 Libone
1744 1200 1842 1225 nostro.

1050 1233 1129 1259 cuius
1141 1233 1211 1259 nosti
1222 1232 1354 1263 studium,
1367 1232 1445 1266 (nihil
1457 1232 1528 1258 enim
1540 1231 1674 1258 eiusmodi
1685 1231 1771 1258 celare
1782 1240 1845 1266 pos-

1050 1271 1227 1305 sumus,)non
1239 1275 1264 1296 te
1274 1277 1304 1295 ea
1316 1270 1500 1300 intermittere,
1513 1268 1561 1295 sed
1573 1270 1723 1295 accuratius
1735 1274 1844 1296 tractare

1051 1315 1099 1334 nec
1113 1306 1146 1333 de
1157 1307 1282 1333 manibus
1294 1315 1424 1342 umquam
1434 1306 1577 1341 deponere.
1612 1305 1681 1333 Illud
1693 1311 1781 1333 autem
1793 1307 1845 1332 mi-

1050 1344 1079 1370 hi
1094 1349 1154 1371 ante
1171 1344 1221 1371 hoc
1236 1348 1343 1378 tempus
1359 1352 1508 1379 numquam
1523 1344 1550 1370 in
1569 1349 1686 1370 mentem
1702 1344 1776 1371 venit
1790 1352 1803 1369 3
1820 1348 1845 1370 te

1049 1383 1200 1417 requirere:
1217 1381 1265 1408 sed
1277 1389 1360 1411 nunc.
1378 1386 1552 1416 posteaquam
1562 1389 1624 1407 sum
1635 1381 1787 1416 ingressus„
1802 1389 1844 1406 res

1049 1427 1108 1449 eas,
1125 1427 1193 1454 quas
1205 1423 1293 1445 tecum
1305 1419 1386 1445 simul
1398 1418 1496 1449 didici,
1513 1417 1639 1444 mandare
1651 1419 1842 1448 monumentis,

1049 1456 1305 1491 philosophiamque
1317 1461 1433 1482 veterem
1444 1455 1529 1487 illam,
1544 1464 1558 1482 3
1570 1455 1676 1482 Socrate
1686 1460 1780 1486 ortam,
1794 1456 1845 1482 La-

1049 1494 1113 1520 tinis
1130 1493 1224 1520 litteris
1240 1493 1388 1525 illustrare;
1406 1501 1519 1528 quaero,
1537 1492 1604 1528 quid
1620 1493 1668 1523 sit,
1685 1501 1745 1523 cur,
1757 1501 1842 1528 quum

1049 1530 1133 1557 multa
1148 1530 1265 1561 scribas,
1287 1539 1374 1567 genus
1389 1530 1439 1557 hoc
1454 1531 1662 1565 praetermittas,
1686 1531 1842 1564 praesertim

1048 1576 1133 1602 quum
1145 1572 1171 1594 et
1181 1569 1239 1603 ipse
1251 1568 1278 1594 in
1290 1576 1320 1594 eo
1334 1567 1464 1597 excellas,
1482 1572 1508 1594 et
1522 1567 1551 1593 id
1563 1566 1684 1593 studium
1696 1572 1802 1602 totaque
1812 1574 1843 1593 ea

1048 1613 1090 1631 res
1102 1605 1180 1641 longe
1191 1606 1286 1631 ceteris
1297 1610 1323 1631 et
1333 1604 1432 1631 studiis
1442 1610 1469 1631 et
1479 1604 1582 1631 artibus
1593 1604 1739 1631 antecedat.

1103 1659 1135 1685 11.
1157 1661 1182 1687 4.
1204 1661 1272 1686 Tum
1289 1659 1348 1690 ille,
1366 1660 1432 1686 Rem
1448 1668 1461 1686 a
1477 1668 1520 1685 me
1534 1667 1614 1694 saepe
1629 1658 1803 1685 deliberatam
1817 1664 1843 1685 et

1048 1695 1165 1724 multum
1180 1698 1305 1733 agitatam
1321 1698 1449 1732 requiris.
1489 1697 1581 1731 ltaque
1592 1704 1644 1723 non
1655 1696 1790 1722 haesitans
1801 1704 1843 1722 re-

1048 1733 1199 1769 spondebo:
1213 1733 1261 1761 sed
1273 1742 1303 1761 ea
1314 1734 1412 1763 dicam,
1429 1741 1498 1769 quae
1509 1733 1577 1760 mihi
1589 1738 1652 1760 sunt
1662 1734 1689 1759 in
1701 1738 1839 1768 promptu:

1047 1771 1120 1806 quod
1132 1772 1182 1798 ista
1194 1773 1252 1806 ipsa
1263 1771 1296 1798 de
1313 1780 1341 1798 re
1357 1770 1488 1801 multum,
1504 1775 1534 1797 ut
1549 1770 1620 1801 dixi.
1638 1775 1663 1796 et
1678 1770 1725 1796 diu
1741 1771 1843 1806 cogita-

1048 1809 1085 1835 vi.
1114 1809 1180 1835 Nam
1193 1817 1277 1843 quum
1288 1808 1489 1843 philosophiam
1501 1807 1621 1834 viderem
1632 1807 1842 1843 diligentissime

1047 1845 1157 1873 Graecis
1169 1846 1265 1873 litteris
1276 1845 1446 1881 explicatam.
1459 1845 1627 1875 existimavi.
1644 1845 1667 1871 si
1683 1845 1732 1880 qui
1747 1844 1780 1870 de
1794 1853 1842 1871 no—

1047 1885 1110 1910 stris
1125 1884 1184 1910 eius
1199 1883 1290 1909 studio
1305 1888 1471 1914 tenerentur,
1488 1883 1511 1909 si
1523 1887 1612 1909 essent
1622 1882 1732 1908 Graecis
1743 1881 1842 1908 doctri-

1047 1921 1089 1947 nis
1100 1920 1212 1951 eruditi,
1231 1921 1330 1947 Graeca
1342 1921 1444 1955 potius,
1461 1928 1544 1955 quam
1555 1924 1642 1946 nostra
1655 1918 1782 1946 lecturos:
1798 1919 1840 1945 sin

1047 1967 1061 1984 a
1077 1957 1239 1985 Graecorum
1258 1957 1361 1984 artibus
1381 1963 1406 1984 et
1425 1956 1579 1992 disciplinis
1599 1956 1786 1987 abhorrerent,
1808 1964 1841 1982 ne

1047 1995 1111 2021 haec
1127 1995 1238 2030 quidem
1254 2000 1406 2025 curaturos,
1422 2003 1492 2030 quae
1507 1994 1565 2020 sine
1579 1993 1729 2020 eruditione
1741 1993 1840 2020 Graeca

1046 2032 1163 2067 intelligi
1179 2041 1231 2058 nou
1246 2037 1373 2067 possunt:
1396 2032 1486 2067 itaque
1497 2040 1527 2057 ea
1538 2030 1612 2057 nolui
1623 2030 1754 2061 scribere,
1766 2035 1840 2065 'quae

1046 2078 1094 2096 nec
1106 2069 1205 2096 indocti
1218 2069 1368 2105 intelligere
1378 2073 1500 2104 possent,
1517 2077 1567 2095 nec
1581 2068 1652 2095 docti
1664 2067 1751 2103 legere
1761 2075 1840 2094 cura-

1046 2111 1113 2133 rent.
1153 2108 1178 2133 5.
1200 2106 1281 2133 Vides
1297 2112 1386 2133 autem
1401 2105 1495 2133 eadem
1510 2106 1578 2140 ipse.
1618 2104 1741 2132 Didicisti
1755 2105 1836 2135 enim,

1045 2152 1097 2170 non
1110 2152 1190 2178 posse
1199 2152 1248 2170 nos
1258 2143 1385 2170 Amafinii
1400 2148 1445 2170 aut
1455 2142 1558 2169 Rabirii
1572 2142 1676 2169 similes
1691 2150 1762 2171 esse.
1779 2142 1836 2176 qui,

1045 2181 1119 2208 nulla
1133 2186 1188 2207 arte
1199 2181 1334 2211 adhibita,
1352 2180 1385 2207 de
1401 2180 1482 2207 rebus
1498 2184 1558 2206 ante
1568 2179 1660 2206 oculos
1670 2179 1765 2214 positis
1776 2178 1838 2204 vul-

1044 2219 1102 2254 gari
1108 2227 1230 2244 sermone
1241 2217 1392 2253 disputant:
1407 2217 1475 2244 nihil
1486 2216 1628 2248 definiunt,
1636 2215 1705 2243 nihil
1715 2215 1839 2250 partiun-

1045 2261 1100 2286 tur,
1117 2255 1185 2281 nihil
1197 2260 1257 2290 apta
1270 2255 1474 2290 interrogatione
1484 2254 1660 2284 concludunt,
1676 2252 1778 2279 nullam
1789 2252 1837 2279 de-

1044 2293 1126 2327 nique
1138 2296 1220 2318 artem
1232 2301 1290 2318 esse
1301 2300 1351 2318 nec
1361 2291 1483 2322 dicendi,
1501 2300 1550 2317 nec
1565 2289 1715 2317 disserendi
1730 2294 1834 2324 putant.

1044 2330 1097 2355 Nos
1108 2334 1196 2355 autem
1209 2328 1568 2364 praeceptisDialecticorum
1581 2332 1606 2354 et
1615 2331 1748 2354 oratorum
1755 2328 1835 2352 etiam

1043 2367 1181 2401 (quoniam
1196 2371 1338 2401 utramque
1352 2367 1408 2392 vim
1419 2366 1545 2392 virtutem
1557 2373 1615 2391 esse
1627 2364 1709 2390 nostri
1720 2364 1837 2398 putant,)

1043 2404 1082 2429 sic
1094 2408 1229 2438 parentes,
1247 2408 1277 2429 ut
1292 2403 1398 2439 legibus
1406 2424 1412 2433 ,
1429 2402 1521 2428 verbis
1531 2409 1638 2437 quoque
1649 2400 1661 2413 ⁸
1672 2401 1750 2426 novis
1761 2401 1836 2436 cogi-

1042 2449 1104 2466 mur
1114 2441 1168 2467 uti:
1189 2449 1258 2475 quae
1269 2440 1340 2467 docti
1350 2441 1390 2474 (ut
1400 2439 1467 2474 dixi)
1478 2447 1492 2465 3
1503 2439 1612 2465 Graecis
1622 2442 1712 2472 petere
1723 2437 1832 2468 malent,

1043 2477 1142 2504 indocti
1154 2487 1168 2504 a
1180 2477 1258 2504 nobis
1269 2485 1302 2503 ne
1313 2477 1445 2511 accipient
1455 2475 1580 2511 quidem:
1597 2479 1627 2501 ut
1637 2474 1734 2500 frustra
1745 2475 1834 2501 omnis

1042 2515 1207 2549 suscipiatur
1217 2514 1300 2540 labor.
1322 2515 1347 2540 6.
1365 2514 1420 2540 lam
1430 2521 1493 2539 vero
1502 2512 1625 2547 physica,
1638 2512 1662 2537 si
1672 2512 1831 2546 Epicurum,

1041 2551 1069 2577 id
1081 2557 1133 2581 est,
1151 2553 1173 2577 si
1186 2551 1365 2577 Democritum
1376 2549 1516 2585 probarem
1525 2569 1531 2579 ,
1547 2557 1654 2583 possem
1668 2549 1786 2575 scribere
1797 2549 1833 2574 ita

1040 2588 1128 2622 plane,
1141 2593 1170 2614 ut
1181 2588 1340 2614 Amafinius.
1380 2586 1451 2619 Quid
1461 2591 1501 2612 est
1511 2586 1583 2612 enim
1595 2594 1733 2620 magnum,
1746 2594 1832 2620 quum

1040 2633 1149 2651 caussas
1160 2633 1249 2651 rerum
1260 2624 1434 2651 efficientium
1445 2621 1601 2653 sustuleris,
1615 2622 1648 2648 de
1658 2621 1832 2657 corpusculo-

1016 2675 1017 2678 *
1040 2671 1100 2688 rum
1119 2662 1163 2697 (ita
1184 2663 1256 2689 enim
1271 2660 1387 2696 appellat
1401 2660 1511 2695 atomos)
1531 2660 1705 2687 concursione
1723 2658 1833 2687 fortuita
