1941 3052
7 2552 24 2571 .·
46 2545 92 2573 illa
113 2547 272 2574 calamistris
294 2547 414 2574 inurere:

7 2668 10 2682 τ
47 2658 93 2693 qui
107 2659 160 2686 vita
174 2663 354 2691 excesserunt,
371 2664 544 2686 revertamur.

559 124 759 151 BRUTUS.
794 125 881 150 LIB.
917 125 1014 151 CAP.
1041 126 1191 151 70-77,

58 194 99 220 vel
113 194 243 228 optimum
259 193 363 220 fabrum
379 195 532 229 tignarium.
548 194 634 226 Quare
649 203 709 226 non,
718 199 848 229 quantum
870 194 872 225 Ξ

56 233 172 267 quisque
186 232 276 274 prosit
293 231 340 257 sed
354 232 446 266 quanti
461 233 577 274 quisque
592 233 634 263 sit,
647 232 848 266 ponderandum
870 239 872 270 1

56 274 108 302 est,
135 269 289 304 praesertim
308 277 392 311 quum
412 269 488 303 pauci
505 270 613 304 pingere
627 278 695 297 effre
689 270 732 304 gie
747 270 849 304 possint

57 311 102 333 aut
124 306 237 342 fingere·
268 307 380 340 operarii
404 311 493 332 autem
511 312 557 332 aut
579 296 662 332 baiuli
685 307 777 333 deesse
797 316 848 333 non

56 344 167 378 possint.
190 343 308 369 LXXIV.
329 345 388 370 258.
408 343 459 369 Sed
478 352 567 379 perge,
584 344 720 378 Pomponi,
737 344 769 370 de
784 344 849 370 Cae-

55 390 113 407 sare
127 385 152 407 et
166 380 246 407 redde
260 389 328 415 quae
343 385 451 406 restant.

111 418 204 445 Solum
227 418 346 452 quidem,
371 418 459 452 inquit
477 417 531 449 ille,
552 422 578 444 et
594 418 673 452 quasi
688 417 848 444 fundamen-

54 462 112 482 tum
130 456 239 482 oratoris
258 455 342 486 vides,
369 455 527 481 locutionem
549 455 714 481 emendatam
734 460 759 481 et
777 456 848 481 Lati-

55 502 130 525 nam3
158 493 236 519 cuius
259 501 341 527 penes
364 501 432 527 quos
459 492 516 518 laus
539 492 626 518 adhuc
645 492 704 523 suit,
726 501 777 518 non
797 492 848 518 fuit

54 531 162 556 rationis
178 534 224 556 aut
237 530 371 561 scientiae,
383 529 430 556 sed
443 530 521 564 quasi
535 530 618 556 bonae
632 530 845 556 consuetudinis.

55 568 129 594 Mitto
152 568 181 594 C.
198 567 327 598 Laelium,
352 568 380 593 P.
396 567 562 601 Scipionem:
585 567 676 592 aetatis
700 566 775 592 illius
797 567 846 592 ista

54 604 104 631 fuit
119 605 185 636 laus,
202 609 338 640 tamquam
353 605 526 635 innocentiae,
547 604 585 630 sic
599 604 689 630 Latine
705 604 844 638 loquendi:
868 613 870 630 1

54 651 102 668 366
115 643 236 668 omnium
251 646 351 675 tamen,
382 650 443 668 nam
462 641 569 667 illorum
585 641 719 675 aequales,
736 641 847 667 Caecili·
868 637 870 654 ³

54 688 100 705 um
115 684 140 706 et
153 680 309 711 Pacuvium,
327 679 394 705 male
409 679 509 705 locutos
524 678 657 704 videmus.
687 678 740 704 Sed
754 687 846 704 omnes
868 684 870 712 ¹,

54 722 110 743 tum
126 717 188 748 fere,
204 717 251 751 qui
266 725 314 743 nec
328 721 400 742 extra
414 716 508 742 urbem
523 716 590 741 hanc
604 716 726 742 vixerant
740 724 787 741 nec
802 724 846 742 eos

53 754 143 789 aliqua
157 754 291 780 barbaries
305 754 448 780 domestica
463 752 649 784 infuscaverat,
671 758 739 779 recte
754 752 847 787 loque-
868 769 869 791 ;

53 792 158 818 bantur.
181 790 233 817 Sed
248 791 316 817 hanc
330 795 399 817 certe
414 799 469 816 rem
484 790 640 816 deteriorem
656 795 774 816 vetustas
785 790 846 816 fecit
868 795 869 798 ’

53 833 78 855 et
91 829 189 855 Romae
204 832 228 854 et
242 829 270 854 in
285 828 402 855 Graecia.
437 827 629 854 Confluxerunt
642 828 713 854 enim
728 832 752 854 et
764 828 847 854 Athe·
867 847 869 863 ,

53 875 99 892 nas
122 870 147 892 et
165 866 192 892 in
212 866 279 892 hanc
296 866 391 892 urbem
410 865 488 891 multi
507 866 645 900 inquinate
661 865 797 900 loquentes
813 874 846 891 ex
867 893 868 899 ,

52 903 166 929 diversis
181 903 255 930 locis.
288 903 347 935 Quo
360 903 446 939 magis
461 903 652 945 expurgandus
666 907 706 929 est
720 912 807 929 sermo
821 908 846 929 et

52 940 202 967 adhibenda
221 945 357 975 tamquam
377 941 488 967 obrussa
507 941 581 972 ratio,
598 949 666 975 quae
682 941 778 966 mutari
794 950 844 966 non
867 942 868 947 ¹

52 982 145 1013 potest,
163 987 210 1004 nec
221 978 351 1004 utendum
362 978 521 1013 praw'ssima
532 978 734 1004 consuetudinis
745 978 844 1013 regula.

51 1017 110 1043 259.
127 1016 155 1041 T.
172 1015 363 1047 Flamininum,
380 1016 503 1050 quicum
519 1015 550 1047 Q.
562 1015 668 1041 Metello
678 1015 842 1045 consulfuit

51 1054 127 1088 pueri
141 1053 270 1079 vidimus.
291 1053 503 1079 Existimabatur
517 1053 584 1078 bene
599 1053 699 1083 Latine,
717 1053 763 1078 sed
776 1053 846 1079 litte-

52 1099 92 1117 ras
111 1091 254 1117 nesciebat.
289 1090 400 1117 Catulus
418 1094 472 1117 erat
490 1090 536 1116 ille
554 1090 664 1125 quidem
679 1091 789 1116 minime
804 1092 846 1117 in-
866 1101 868 1124 3

51 1128 154 1160 doctus,
179 1132 209 1154 ut
232 1137 245 1154 a
265 1132 290 1154 te
308 1128 399 1163 paullo
418 1132 531 1154 estante
545 1128 662 1154 dictum:
694 1128 741 1153 sed
756 1132 844 1154 tamen
866 1131 867 1134 ’

51 1166 168 1192 suavitas
187 1166 260 1192 vocis
279 1170 304 1192 et
323 1165 390 1191 lenis
405 1165 548 1200 appellatio
563 1165 709 1191 litterarum
724 1166 791 1192 bene
807 1166 845 1193 lo—

50 1203 151 1238 quendi
171 1202 268 1229 famam
287 1202 444 1229 confecerat.
483 1203 564 1234 Cotta,
581 1203 628 1237 qui
643 1211 671 1228 se
686 1202 763 1229 valde
777 1203 845 1230 dila-

51 1240 137 1266 tandis
157 1239 250 1266 litteris
269 1249 282 1266 a
301 1240 479 1266 similitudine
498 1240 612 1267 Graecae
627 1239 768 1267 locutionis
783 1242 844 1267 abs—
866 1263 867 1266 ,

51 1281 164 1304 traxerat
187 1278 351 1312 sonabatque
373 1278 535 1304 contrarium
555 1277 661 1309 Catulo,
687 1278 844 1314 subagreste

50 1315 178 1350 quiddam
202 1315 334 1350 planeque
357 1315 551 1346 subrusticum,
572 1314 623 1340 alia
641 1316 751 1350 quidem
766 1317 842 1351 quasi
865 1320 867 1328 ⁴

49 1352 149 1379 inculta
167 1356 192 1378 et
210 1352 326 1379 silvestri
346 1353 388 1379 via
407 1353 439 1378 ad
458 1352 579 1378 eamdem
595 1352 701 1379 laudem
716 1362 844 1387 pervene-

50 1395 96 1416 rat.
119 1390 231 1416 Sisenna
246 1394 334 1416 autem
349 1391 426 1425 quasi
441 1390 594 1416 emendator
607 1391 739 1416 sermonis
754 1392 843 1417 usitati
865 1411 867 1424 ,

49 1436 134 1462 quum
157 1436 215 1453 esse
239 1427 327 1458 vellet,
353 1436 385 1453 ne
399 1436 413 1453 a
427 1427 456 1454 C.
471 1427 555 1454 Rusio
568 1427 678 1462 quidem
693 1434 844 1455 accusatore

48 1465 172 1491 deterreri
188 1465 344 1500 potuit,quo
357 1465 448 1491 minus
461 1465 597 1491 inusitatis
613 1465 700 1491 verbis
715 1470 842 1493 uteretur.

48 1504 106 1529 260.
122 1501 254 1534 Quidnam
270 1503 340 1528 istuc
353 1501 410 1528 est‘?
430 1503 518 1537 inquit
532 1503 644 1528 Brutus:
669 1507 713 1529 aut
727 1504 789 1538 quis
804 1509 844 1530 est

48 1540 98 1566 iste
113 1539 141 1566 C.
156 1539 276 1566 Rusius‘?
294 1540 328 1566 Et
342 1539 396 1571 ille,
413 1540 475 1565 Fuit
488 1544 632 1569 accusator,
649 1540 744 1575 inquit,
754 1546 840 1572 vetus,

48 1586 102 1612 quo
120 1581 260 1603 accusante
279 1577 308 1603 C.
327 1577 460 1603 Rutilium
476 1577 588 1603 Sisenna
603 1577 750 1603 defendens
764 1578 840 1609 dixit,

48 1614 177 1649 quaedam
193 1615 251 1641 eius
265 1616 415 1647 sputatilica
429 1623 487 1640 esse
502 1615 623 1640 crimina.
650 1615 757 1642 LXXV.
773 1616 841 1642 Tum

48 1652 77 1679 C.
98 1652 207 1683 Rusius,
230 1652 429 1682 Circumvem'or,
449 1652 546 1687 inquit,
565 1654 669 1682 iudices,
688 1655 740 1679 nisi
753 1655 843 1679 subve-

48 1692 116 1716 nitis.
149 1689 267 1720 Sisenna,
293 1692 355 1723 quid
377 1691 462 1719 dicus,
487 1692 586 1715 nescio:
617 1694 701 1716 metuo
724 1693 841 1717 iusidias.

48 1727 212 1760 Sputatilica,
236 1729 298 1760 quid
320 1731 356 1753 est
378 1726 444 1753 hoc?
473 1731 549 1760 sputa
567 1729 629 1760 quid
642 1729 675 1753 sit
688 1730 749 1758 scio,
770 1730 841 1754 tilica

48 1766 139 1790 nescio.
173 1764 282 1790 Maximi
301 1765 386 1790 risus:
409 1763 455 1790 sed
469 1764 515 1790 ille
529 1768 617 1790 tamen
632 1764 771 1791 familiaris
786 1774 842 1791 me-

49 1810 80 1828 us
94 1805 163 1828 recte
178 1801 251 1836 loqui
266 1802 375 1836 putabat
389 1810 447 1827 esse
462 1802 588 1828 inusitate
604 1801 686 1836 loqui.
709 1803 841 1829 2Gl.Cae-

48 1848 91 1865 sar
108 1843 196 1865 autem
215 1840 344 1865 rationem
366 1839 497 1865 adhibens
519 1839 742 1865 consuetudinem
762 1840 841 1866 vitio—

48 1885 104 1902 sam
127 1881 152 1902 et
173 1880 325 1911 corruptam
348 1885 414 1911 pura
437 1880 463 1902 et
479 1877 632 1911 incorrupta
646 1877 841 1903 consuetudine

47 1913 178 1940 emendat.
198 1914 288 1949 Itaque
302 1922 387 1949 quum
402 1913 434 1939 ad
448 1913 517 1940 hanc
527 1913 685 1949 elegantiam
698 1915 839 1941 verborum

48 1951 210 1983 Latinorum,
230 1959 307 1986 quae,
328 1951 432 1977 etiamsi
446 1955 532 1977 orator
546 1960 597 1977 non
612 1951 658 1982 sis,
675 1956 701 1978 et
713 1952 751 1978 sis
766 1953 841 1987 inge-

48 1997 119 2014 nuus
136 1989 204 2014 civis
222 1988 366 2020 Romanus,
389 1993 476 2015 tamen
491 1989 639 2014 necessaria
653 1993 701 2020 est,
718 1989 840 2025 adiungit

47 2025 92 2052 illa
114 2026 225 2052 oratoria
248 2030 401 2053 ornamenta
423 2025 544 2052 dicendi:
576 2030 632 2052 tum
653 2026 759 2052 videtur
773 2031 840 2053 tam-

47 2071 128 2098 quam
147 2062 250 2088 tabulas
270 2063 337 2089 bene
355 2063 438 2097 pictas
456 2063 584 2089 collocare
602 2063 629 2089 in
644 2063 712 2090 bono
727 2063 838 2090 lumine.

47 2100 119 2126 Hanc
132 2108 217 2135 quum
233 2099 328 2126 habeat
341 2100 511 2135 praecipuam
527 2099 632 2126 laudem
647 2101 675 2127 in
689 2102 841 2128 communi-

47 2137 107 2169 bus,
124 2145 176 2164 non
191 2137 268 2163 video
281 2137 324 2163 cui
336 2137 431 2163 debeat
440 2137 542 2163 cedere.
559 2137 733 2172 Splendidam
744 2147 841 2173 quam-

47 2174 116 2206 dam,
137 2174 302 2209 minimeque
321 2175 503 2201 veteratoriam
526 2175 653 2201 rationem
676 2175 782 2202 dicendi
802 2181 841 2202 te·

47 2216 99 2243 net,
120 2220 192 2244 voce,
214 2216 296 2243 motu,
318 2211 401 2238 forma
419 2212 498 2238 etium
517 2212 655 2247 magnifica
674 2217 699 2239 et
712 2221 838 2248 generosa

46 2249 253 2285 quodammodo.
286 2250 343 2276 262.
360 2249 428 2275 Tum
442 2249 553 2275 Brutus:
578 2249 715 2276 Orationes
728 2251 838 2285 quidem

47 2287 105 2313 eius
128 2286 194 2313 mihi
218 2286 388 2313 vehementer
410 2286 563 2321 probantur,
583 2287 735 2322 complures
750 2293 838 2314 autem

48 2323 109 2360 legi.
142 2324 230 2359 Atque
253 2324 331 2350 etiam
354 2324 557 2350 commentarios
579 2324 710 2359 quosdam
731 2326 839 2360 scripsit

48 2369 136 2388 rerum
154 2369 278 2387 suarum:
305 2361 382 2387 valde
400 2361 519 2396 quidem.
536 2361 656 2396 inquam,
673 2362 836 2397 probandos;

47 2398 112 2425 nudi
127 2399 198 2425 enim
212 2403 284 2430 sunt.
300 2399 363 2425 recti
378 2403 404 2425 et
418 2399 533 2429 venusti,
549 2399 620 2425 omni
635 2404 729 2426 ornatu
743 2401 838 2426 oratio-

47 2435 89 2462 nis
107 2439 243 2471 tamquam
263 2440 336 2462 veste
354 2435 478 2462 detracta.
517 2435 569 2461 Sed
588 2436 652 2462 dum
673 2436 758 2463 voluit
772 2437 838 2463 alios

48 2472 143 2499 habere
167 2477 265 2508 parata,
290 2473 362 2499 unde
384 2477 528 2504 sumerent,
548 2473 594 2508 qui
611 2473 709 2500 vellent
723 2474 838 2500 scribere

47 2509 199 2537 historiam.
231 2510 329 2545 ineptis
347 2515 453 2546 gratum
472 2509 582 2537 sortasse
601 2511 671 2542 fecit,
687 2511 735 2546 qui
750 2511 839 2538 volent

442 2556 520 2574 sanos
543 2548 654 2582 quidem
680 2549 801 2575 homines
823 2557 836 2575 a

47 2584 187 2611 scribendo
205 2584 341 2611 deterruit
376 2585 448 2611 Nihil
467 2585 538 2611 enim
553 2590 592 2611 est
606 2586 632 2611 in
648 2585 757 2612 historia
772 2594 837 2620 pura

47 2625 72 2648 et
92 2621 191 2648 illustri
214 2622 342 2648 brevitate
364 2622 481 2649 dulcius.
516 2622 568 2648 Sed
582 2623 614 2649 ad
629 2631 683 2655 eos,
703 2623 726 2649 si
741 2622 835 2658 placet,

898 979 1019 1005 traditam
1042 980 1127 1005 tenuit
1141 980 1320 1014 disciplinam.

867 1030 868 1045 ;
897 1017 994 1042 mortui
1019 1022 1090 1048 sunt,
1116 1018 1146 1043 L.
1162 1018 1320 1051 Torquatus,
1345 1027 1427 1053 quem
1451 1023 1480 1045 tu
1503 1024 1622 1045 nontam
1641 1020 1692 1046 cito

1662 131 1689 138 0-

1646 131 1691 156 loo

957 195 1074 223 LXXVI.
1090 198 1148 222 263.
1165 196 1320 223 C.Sicinius
1334 197 1424 232 igitur,
1434 196 1591 232 Q.Pompeii
1607 199 1690 230 illius,

900 233 947 267 qui
966 241 1059 259 censor
1077 233 1136 264 suit,
1157 242 1188 260 ex
1208 233 1261 259 filia
1281 242 1372 268 nepos,
1388 236 1557 269 quaestorius
1571 241 1692 263 mortuus

900 275 948 301 est,
976 270 1122 304 probabilis
1145 276 1238 301 orator,
1262 271 1315 297 iam
1334 280 1396 297 vero
1415 272 1493 298 etiam
1508 272 1643 306 probatus,
1661 283 1693 300 ex

900 307 948 333 hac
963 308 1035 342 inopi
1050 307 1082 333 ad
1096 308 1255 339 ornandum,
1271 308 1318 334 sed
1333 308 1365 335 ad
1380 309 1572 335 inveniendum
1583 311 1693 345 expedi-

900 349 923 370 ta
943 345 1117 380 Hermagorae
1135 345 1287 380 disciplina.
1324 346 1360 372 Ea
1379 346 1424 372 dat
1441 348 1556 373 rationes
1570 352 1654 374 certas
1669 353 1694 374 et

900 387 1038 416 praecepta
1057 382 1177 415 dicendi3
1204 392 1273 417 quae
1286 382 1309 409 si
1323 384 1453 410 minorem
1467 384 1566 410 babent
1580 394 1693 419 appara-

900 423 966 450 tum,
992 420 1064 454 (sunt
1087 420 1158 446 enim
1180 420 1281 455 exilia,)
1304 425 1391 447 tamen
1410 421 1508 447 habent
1522 421 1641 448 ordinem
1669 428 1693 449 et

900 456 1030 490 quasdam
1052 466 1138 483 errare
1156 458 1183 483 in
1203 458 1315 484 dicendo
1333 467 1384 484 non
1399 459 1528 493 patientes
1543 459 1608 485 vias.
1642 461 1693 486 Has

900 493 944 519 ille
964 498 1056 520 tenens
1075 499 1099 520 et
1120 499 1228 528 paratus
1243 495 1275 521 ad
1290 504 1397 521 caussas
1412 497 1531 527 veniens,
1548 497 1691 523 verborum

900 540 950 556 non
974 540 1064 566 egens,
1091 532 1148 566 ipsa
1166 531 1211 557 illa
1229 534 1423 567 comparatione
1441 533 1638 569 disciplinaque
1652 535 1693 561 di-

898 568 996 594 cendi
990 577 1042 594 iam
1058 569 1084 594 13
1098 573 1268 612 patronorum
1284 579 1425 596 numerum
1440 576 1604 605 pervenerat.
1633 573 1690 598 264.

898 605 960 631 Erat
984 606 1062 631 etiam
1084 606 1125 631 vir
1147 606 1241 632 doctus
1259 608 1286 633 in
1305 608 1399 641 piimis
1414 608 1442 634 C
1458 608 1586 635 Visellius
1601 610 1690 640 Varro,

898 643 1073 669 consobrinus
1096 652 1181 674 meus,
1206 645 1253 678 qui
1272 643 1322 670 fuit
1339 654 1401 671 cum
1421 645 1520 672 Sicinio
1534 651 1616 673 aetate
1630 656 1694 673 con-

898 680 1015 706 iunctus.
1050 681 1074 706 Is
1097 689 1182 714 quum
1204 686 1263 715 post
1286 682 1406 708 curulem
1429 683 1589 710 aedilitatem
1611 684 1693 711 iudex

868 713 876 743 ¹}
898 718 1063 751 quaestionis
1086 722 1164 748 esset,
1190 723 1229 744 est
1253 724 1387 745 mortuus:
1411 720 1438 745 in
1453 729 1506 754 quo
1521 720 1603 747 fateor
1617 721 1691 757 vulgi

898 754 1029 780 iudicium
1044 763 1057 780 a
1072 755 1171 781 iudicio
1186 764 1243 781 meo
1257 756 1426 782 dissensisse.
1450 758 1515 783 Nam
1530 758 1630 792 populo
1640 768 1692 785 non

898 797 951 817 6131
966 793 1029 818 53115
1045 792 1202 819 vendibilis:
1227 802 1353 828 praeceps
1368 794 1499 828 quaedam
1513 800 1538 821 et
1552 804 1635 830 quum
1651 796 1692 821 id-

897 830 966 855 circo
981 829 1102 860 obscura,
1118 830 1181 864 quia
1196 835 1328 864 peracuta,
1346 836 1401 857 tum
1417 832 1508 874 rapida
1522 837 1546 858 et
1561 832 1692 859 celeritate

897 871 999 892 caecata
1013 868 1109 899 oratio,
1136 867 1182 893 sed
1198 876 1284 909 neque
1299 868 1387 894 verbis
1402 869 1530 903 aptiorem
1544 870 1595 895 cito
1609 870 1692 896 alium

897 903 1020 935 dixerim,
1038 913 1125 938 neque
1139 905 1278 931 sententiis
1293 906 1461 932 crebriorem.
1486 907 1620 933 Pr-aaeteici
1632 916 1693 942 per-

898 941 1003 967 sectus
997 951 1024 968 13
1040 941 1153 968 litteris
1148 943 1268 977 lurisque
1283 943 1391 969 civilis
1386 952 1437 969 iam
1452 949 1549 978 apatre
1559 944 1692 970 Aculeone

1352 982 1410 1008 265.
1430 981 1536 1016 Reliqui
1555 988 1626 1013 sunt,
1645 983 1691 1016 qui

897 1054 1028 1080 rhetorem
1048 1054 1172 1085 dixisses,
1193 1055 1251 1090 (etsi
1271 1064 1322 1081 non
1337 1055 1426 1082 deerat
1439 1056 1541 1091 oratio,)
1555 1066 1646 1092 quam,
1663 1062 1692 1083 ut

897 1091 991 1117 Graeci
1005 1091 1106 1123 dicunt,
1124 1092 1262 1119 πολιτικόν.
1295 1093 1376 1119 Erant
1390 1094 1417 1119 in
1432 1102 1462 1120 eo
1476 1093 1607 1128 plurimae
1623 1094 1692 1120 litte—

896 1137 947 1159 rae,
969 1137 1016 1155 nec
1035 1138 1080 1155 eae
1095 1129 1228 1165 vulgares,
1249 1130 1296 1156 sed
1315 1131 1452 1157 interiores
1466 1131 1597 1166 quaedam
1611 1137 1636 1158 et
1651 1140 1692 1158 re-

896 1166 1029 1199 conditae·
1057 1151 1159 1193 divina0
1163 1168 1298 1198 memoria,
1315 1177 1420 1194 summa
1436 1169 1578 1195 verborum
1593 1174 1618 1195 et
1631 1178 1692 1204 gra—

897 1205 964 1229 vitas
979 1208 1005 1230 61
1018 1204 1158 1237 elegantia.
1186 1205 1273 1239 Atque
1288 1205 1352 1231 haec
1365 1206 1454 1232 omnia
1469 1206 1538 1232 xitae
1551 1206 1691 1232 decorabat

895 1241 1013 1276 dignitas
1028 1246 1053 1267 et
1067 1242 1214 1277 integritas.
1237 1243 1278 1268 Me
1293 1243 1403 1278 quidem
1417 1243 1562 1270 admodum
1577 1244 1691 1270 delecta—

895 1279 940 1304 bat
958 1279 1036 1304 etiam
1055 1280 1149 1305 Triarii
1168 1285 1192 1305 et
1211 1280 1237 1306 in
1253 1280 1299 1306 illa
1318 1285 1400 1307 aetate
1415 1281 1492 1315 plena
1508 1281 1635 1308 litteratae
1649 1290 1691 1308 se-

896 1317 1009 1342 nectutis
1023 1317 1114 1343 oratio.
1141 1316 1244 1349 Quanta
1258 1319 1386 1344 seveiitas
1400 1319 1428 1344 in
1442 1318 1534 1345 vultu!
1557 1323 1689 1354 quantum

895 1353 1020 1387 pondus
1015 1363 1042 1380 13
1056 1354 1159 1380 verbis!
1187 1364 1267 1389 quam
1287 1355 1353 1381 nihil
1369 1364 1419 1382 non
1433 1356 1629 1382 consideratum
1644 1365 1692 1383 ex-

896 1391 950 1417 ibat
973 1400 1005 1417 ex
1027 1392 1083 1417 ore!
1115 1394 1173 1419 266.
1199 1393 1266 1418 Tum
1289 1393 1396 1424 Brutus,
1417 1393 1542 1428 Torquati
1558 1399 1582 1420 61
1597 1394 1690 1420 Τ113111

895 1429 1028 1455 mentione
1051 1434 1208 1460 couimotus,
1233 1430 1388 1465 (utrumque
1406 1431 1477 1456 enim
1492 1440 1584 1457 eorum
1599 1431 1691 1457 admo-

895 1465 960 1491 dum
979 1466 1129 1501 dilexerat,)
1148 1467 1202 1492 Nae
1220 1476 1277 1502 ego,
1294 1468 1390 1502 inquit,
1407 1467 1446 1503 (ut
1459 1468 1578 1494 omittam
1593 1473 1687 1499 661613,

894 1512 963 1538 quae
981 1508 1045 1529 sunt
1063 1504 1289 1539 inmuuei·abilia,)
1308 1505 1340 1530 de
1355 1505 1413 1531 istis
1427 1505 1533 1531 duobus
1547 1514 1632 1540 quum
1646 1514 1690 1531 eo-

894 1542 958 1575 gito,
984 1541 1068 1571 doleo,
1094 1540 1161 1567 311111
1185 1546 1257 1567 111331
1282 1547 1437 1577 perpetuam
1461 1544 1641 1568 auctoritatem
1657 1543 1689 1569 de

895 1587 958 1612 pace
977 1578 1108 1604 valuisse!
1144 1579 1209 1604 Nam
1230 1588 1276 1605 nec
1295 1580 1359 1605 istos
1378 1579 1537 1606 excellentes
1557 1580 1627 1606 viros
1642 1589 1690 1606 nec

896 1615 994 1641 multos
1008 1616 1074 1641 alios
1088 1621 1251 1650 praestantes
1265 1617 1337 1643 cives
1352 1617 1502 1652 respublica
1517 1617 1687 1652 perdidisset.

895 1652 1037 1683 Sileamus,
1055 1654 1174 1688 inquam,
1190 1654 1279 1684 Brute,
1301 1654 1334 1680 de
1349 1655 1416 1685 istis,
1433 1663 1465 1680 ne
1480 1663 1627 1689 augeamus
1642 1655 1690 1681 110-

895 1689 987 1716 101631.
1011 1691 1077 1716 Ν331
1092 1695 1117 1716 ct
1131 1692 1331 1725 praeteritorum
1347 1691 1491 1718 recordatio
1505 1697 1543 1717 cst
1558 1692 1649 1718 acerba
1665 1698 1689 1718 et

894 1728 1011 1753 acerbior
1030 1729 1191 1762 exspectatio
1213 1728 1387 1763 reliquorum.
1423 1730 1512 1763 ltaque
1535 1730 1688 1755 omittamus

895 1765 985 1800 lugere
1007 1769 1032 1791 et
1055 1770 1170 1796 tantum,
1195 1766 1262 1800 quid
1285 1766 1402 1801 quisque
1424 1766 1536 1792 dicendo
1562 1768 1686 1801 potuerit,

893 1802 1030 1837 (quoniam
1045 1803 1072 1828 id
1087 1803 1264 1838 quaerimus,)
1278 1804 1472 1837 praedicemus.

949 1840 1078 1866 Lxxvn.
1095 1841 1152 1866 267.
1170 1840 1238 1867 Sunt
1252 1842 1330 1867 etiam
1345 1850 1379 1867 ex
1393 1841 1434 1871 iis,
1450 1842 1497 1876 qui
1512 1841 1603 1867 codem
1619 1841 1689 1868 bello

892 1877 1054 1908 occiderunt,
1076 1878 1111 1903 M.
1131 1878 1254 1908 Bibulus,
1275 1878 1322 1913 qui
1341 1883 1366 1904 ct
1384 1879 1542 1913 scriptitavit
1557 1884 1685 1909 accurate,

892 1923 976 1949 quum
992 1915 1147 1949 praesertim
1163 1924 1214 1941 non
1228 1920 1298 1942 esset
1312 1920 1404 1947 orator,
1422 1921 1447 1942 ct
1461 1917 1514 1951 egit
1529 1916 1611 1942 multa
1626 1925 1688 1942 cou-

892 1956 1005 1978 stanter:
1037 1952 1142 1987 Appius
1161 1952 1298 1983 Claudius.
1319 1962 1393 1979 socer
1408 1958 1479 1984 tuus,
1496 1953 1595 1989 collega
1610 1959 1634 1979 61
1650 1953 1688 1979 sa-

893 1989 1004 2015 miliaris
1028 1998 1118 2022 meus,
1151 1990 1194 2016 liic
1216 1990 1268 2016 iam
1289 1995 1313 2017 ct
1331 1991 1395 2017 satis
1415 1991 1553 2017 studiosus
1572 1996 1597 2017 et
1611 1990 1687 2017 valde

891 2035 976 2061 quum
996 2027 1098 2058 doctus,
1121 2031 1176 2053 tuin
1196 2027 1274 2054 etiam
1292 2028 1451 2054 exercitatus
1465 2033 1550 2054 orator
1564 2033 1589 2054 ct
1602 2037 1687 2063 quum

892 2063 1038 2099 auguralis,
1065 2069 1120 2090 tum
1144 2065 1232 2091 omnis
1256 2065 1357 2099 publici
1381 2066 1448 2092 iuris
1467 2066 1686 2100 antiquitatisque

892 2106 996 2128 nostrae
1011 2102 1077 2128 bene
1093 2102 1194 2136 peritus
1210 2102 1269 2128 fuit.
1293 2103 1321 2128 L.
1334 2103 1464 2129 Domitius
1480 2103 1552 2129 nulla
1568 2103 1611 2129 1116
1626 2103 1687 2137 qui-

891 2138 951 2165 dem
974 2144 1037 2170 arte,
1062 2139 1109 2165 sed
1128 2140 1218 2166 Latine
1237 2144 1323 2166 tamen
1347 2145 1372 2166 et
1386 2140 1468 2166 multa
1487 2149 1548 2166 cum
1569 2140 1686 2166 libertate

892 2175 1005 2202 dicebat.
1028 2178 1086 2203 258.
1102 2177 1159 2203 Duo
1173 2182 1305 2211 praeterea
1320 2177 1425 2203 Lentuli
1440 2178 1602 2207 consulares,
1619 2186 1687 2212 qino—

892 2222 951 2239 rum
966 2213 1080 2240 Publius
1094 2214 1149 2244 ille.
1167 2219 1314 2241 nostrarum
1330 2215 1489 2241 iniuriarum
1505 2214 1581 2245 ultor,
1596 2220 1686 2241 auctor

891 2250 995 2282 salutis,
1011 2251 1145 2286 quidquid
1161 2251 1263 2282 habuit,
1280 2257 1529 2287 quantumcumque
1545 2252 1603 2281 suit,
1618 2251 1685 2278 illud

891 2292 975 2314 totum
993 2288 1087 2314 habuit
1101 2297 1114 2314 e
1129 2288 1284 2323 disciplina;
1312 2290 1487 2315 instrumenta
1503 2294 1610 2315 naturae
1624 2290 1685 2315 1166-

890 2329 961 2357 rant,
985 2325 1032 2351 sed
1052 2330 1140 2351 tantus
1155 2327 1236 2352 animi
1251 2326 1377 2360 splendor
1391 2331 1415 2352 et
1430 2331 1499 2352 tanta
1515 2327 1681 2361 magnitudo,

891 2367 919 2388 ut
941 2363 993 2388 sibi
1017 2363 1114 2393 omnia,
1139 2372 1208 2398 quae
1230 2363 1361 2390 clarorum
1382 2364 1499 2390 virorum
1519 2369 1615 2393 esseut,
1634 2373 1684 2390 non

889 2399 1024 2425 dubitaret
1043 2400 1180 2431 asciscere,
1202 2409 1286 2435 eaque
1304 2401 1376 2427 0111111
1395 2401 1524 2436 dignitate
1543 2401 1681 2428 obtineret.

890 2437 919 2463 L.
943 2441 1032 2463 autem
1056 2437 1184 2464 Lentulus
1206 2438 1271 2463 satis
1293 2443 1347 2464 erat
1367 2437 1440 2464 sortis
1458 2443 1551 2469 orator,
1568 2439 1590 2465 si
1606 2439 1684 2465 modo

889 2479 988 2506 orator;
1019 2474 1066 2500 sed
1084 2475 1216 2510 cogitandi
1233 2483 1282 2501 non
1299 2474 1398 2501 serebat
1413 2475 1543 2507 labor-cun
1576 2485 1626 2503 vox
1641 2485 1684 2503 ca-

890 2520 960 2542 nora,
979 2511 1057 2537 verba
1072 2520 1123 2538 non
1139 2512 1243 2538 horrida
1258 2521 1330 2543 sane,
1348 2517 1376 2538 ut
1391 2512 1467 2547 plena
1481 2518 1551 2539 esset
1565 2514 1646 2540 animi
1659 2520 1683 2540 ct

889 2549 996 2575 terroris
1008 2549 1104 2581 oratio;
1126 2558 1267 2584 quaereres
1283 2550 1308 2575 in
1324 2550 1430 2576 iudiciis
1446 2550 1554 2577 sortasse
1569 2551 1680 2578 melius:

889 2586 916 2612 13
931 2585 1067 2620 republica
1081 2586 1152 2621 quod
1167 2591 1230 2618 crat,
1246 2595 1304 2612 esse
1319 2587 1450 2614 iudicares
1464 2588 1537 2614 satis.
1570 2590 1628 2615 269.
1645 2589 1682 2615 Ne

889 2623 919 2649 T.
935 2623 1044 2658 quidem
1059 2624 1213 2650 Postumius
1227 2624 1438 2651 contemnendus
1452 2626 1478 2651 in
1493 2625 1618 2652 dicendo:
1650 2625 1682 2652 de

889 2660 1026 2695 republica
1048 2669 1111 2688 vero
1134 2670 1185 2688 non
1209 2662 1299 2688 minus
1323 2662 1466 2689 vehemens
1490 2668 1583 2694 orator,
1600 2672 1680 2698 quani

1421 2708 1478 2732 20·
