1941 3052
221 164 269 188 '202
789 163 831 188 ⁶2⁶2.
866 162 900 187 M.
935 162 965 187 Τ.

221 237 274 259 tur:
302 233 377 258 iube-i
393 233 446 258 ll-b'
463 241 517 257 ,xxx
535 232 599 257 lin-ri
619 232 684 258 ilari.
726 232 761 257 lta
781 232 813 257 ab
829 240 879 257 una
894 232 1008 260 rititntc.
1040 231 1042 255 ἱ

221 270 260 299 vi,
289 271 380 299 ruinis,
408 270 518 303 inqu-rio
540 269 689 303 iniuriaque
711 269 838 303 praetoris
861 269 1011 302 eripiuntur

221 307 297 333 tritici
319 307 482 332 medimnum
501 315 599 335 xxxin,
625 310 649 331 et
669 311 799 340 prat-terea
820 306 874 331 ll·S
892 314 938 331 lux.

221 345 283 370 hin-‹-
302 344 412 369 obss-ura
432 343 512 368 sunt?
537 347 594 372 aut.
621 343 642 368 si
661 351 753 368 omncs
773 342 894 368 homines
918 342 1008 372 velint.
1033 342 1035 362 ἱ

219 381 330 407 obsi-ura
346 390 403 406 esse
419 379 548 414 pos-mut?
572 388 640 413 quae
656 384 682 405 tu
699 379 784 413 palam
799 380 890 413 egisti,
908 381 933 406 in
948 389 1012 406 con-

221 422 299 443 ventu
324 418 472 451 imperasti,
500 416 626 442 omnihus
653 417 863 451 inspectantibus
885 417 1009 444 coegisti:
1033 405 1035 438 i

218 464 270 489 qun
285 454 317 480 ‹le
332 464 358 480 rc
373 454 551 489 Agyrinenses
566 454 736 486 magistratus
749 459 774 480 et
784 455 1008 489 ‹purique-primi,
1034 486 1035 490 Ἰ

218 501 286 526 quos
300 497 325 517 tu
342 492 379 517 tui
394 495 521 525 quaestus
535 499 628 516 caussa
643 491 756 516 evocasti
767 512 772 520 ,
793 496 847 516 acta
862 496 887 517 et
901 492 1010 526 imperia
1033 498 1035 531 ἰ

219 533 260 554 tun
276 529 383 553 domum
400 528 430 553 nd
446 533 566 553 senatum
586 536 665 554 suum
686 528 918 554 renuntiaverunt.-
944 537 1012 562 quo-
1040 531 1042 542 ¹

219 575 276 591 rum
300 565 471 594 renuntiatio,
498 564 602 597 legibus
625 564 744 595 illorum,
775 565 868 591 litteris
895 565 1011 600 puhlicis
1033 585 1035 598 ,

218 602 338 628 mandata
361 607 413 627 nst:
437 611 551 636 quorum
578 602 668 637 legati,
694 602 815 628 homines
839 603 1008 633 nobilissimi.
1033 604 1035 623 ⁵

218 640 314 665 Romae
332 644 406 669 sunt,
428 639 474 674 qui
495 639 543 665 hoc
562 639 631 665 idem
651 648 698 674 pro
712 640 863 666 testimonio
876 640 1009 666 dixerunt.
1033 667 1035 682 Ι

216 677 257 702 76.
275 677 428 709 Cognoscit<-
444 677 650 712 Agyrinensium
667 676 787 711 publicas
803 677 914 707 litteras,
935 677 1011 703 dein-

216 713 249 739 ‹le
269 714 450 739 testimonium
470 714 608 748 publicum
632 714 757 740 civitatis,
799 715 886 741 Recita
911 714 1010 741 litteras
1032 708 1035 758 J

217 750 347 785 publicas.
381 760 523 777 ιιττεκυ.
540 760 692 778 rusticae.
725 752 811 778 Recita
826 752 1009 778 testimonium
1032 764 1033 770 ¹

217 787 365 822 publicum.
406 797 607 815 ‘resi-innititur
639 798 794 816 rusticum.
836 789 1011 815 Animadver-
1032 774 1034 809 i

217 826 285 851 (istis
304 826 330 851 in
351 825 398 851 hoc
417 826 580 856 testimonio,
601 825 717 857 iudices,
738 826 942 860 Apollodorum,
967 827 1009 852 cui
1032 819 1033 843 i

216 863 330 898 Pyragro
343 871 488 897 cognomen
503 867 556 893 est,
578 864 724 898 principem
744 873 807 889 suae
821 864 949 894 civitatis,
973 864 1010 889 la-

215 900 369 926 crimantem
389 901 476 926 testari
495 909 524 925 ac
542 900 642 931 (licere,
668 909 814 936 numquam
840 906 897 935 post
917 901 1008 936 populi
1031 908 1033 935 ς

215 937 325 963 Romani
341 946 434 963 nomen
450 937 482 963 ab
494 937 592 963 Siculis
607 937 727 964 auditum
739 943 764 964 et
776 939 921 973 cognitum,
936 939 1009 974 Agy-
1031 944 1033 958 ¹

215 975 334 1000 rinenses
348 979 436 1000 contra
451 983 613 1009 quemquam
629 975 750 1001 infimum
762 976 848 1001 civem
860 976 1007 1002 Romanum
1031 998 1032 1015 ἦ

214 1011 316 1037 dixisse
331 1016 374 1037 aut
390 1011 484 1037 secisse
497 1013 651 1047 quippiam3
679 1013 726 1047 qui
746 1021 816 1039 nunc
829 1018 918 1039 contra
934 1022 1009 1047 prae-

210 1054 296 1084 ¹torem
312 1048 403 1083 populi
418 1049 528 1075 Romani
545 1050 648 1084 magnis
660 1050 765 1076 iniuriis
775 1055 800 1076 et
811 1059 908 1085 magno
919 1050 1007 1077 dolore
1030 1072 1032 1090 1

214 1085 321 1121 publice
336 1086 515 1112 testimonium
531 1086 617 1113 dicere
631 1092 796 1121 cogerentur.
828 1087 887 1118 Uni,
904 1088 1010 1114 meher-
1030 1115 1031 1119 ,

215 1123 282 1154 cule,
300 1123 363 1149 huic
375 1123 486 1155 civitati,
503 1124 604 1154 Verres.
621 1125 749 1151 obsistere
764 1129 807 1151 tua
822 1124 942 1151 defensio
957 1134 1007 1152 non
1030 1123 1031 1126 ’

215 1165 313 1195 potest:
338 1165 407 1187 tanta
425 1162 566 1187 auctoritas
585 1166 624 1187 est
642 1162 668 1188 in
683 1170 773 1188 eorum
789 1162 927 1188 hominum
943 1162 1009 1189 fide-

216 1198 299 1229 litate,
321 1202 409 1224 tantus
427 1198 502 1225 dolor
520 1199 545 1225 in
565 1199 676 1230 iniuria,
697 1203 766 1225 tanta
785 1199 878 1234 religio
892 1200 918 1226 in
934 1201 1009 1226 testi-

214 1236 311 1261 monio.
352 1235 450 1261 Verum
470 1244 521 1262 non
541 1244 592 1262 una
611 1241 635 1262 te
653 1241 768 1267 tantum,
789 1237 837 1263 sed
856 1237 1005 1268 universae,

213 1272 349 1298 similibus
363 1271 474 1299 afflictae
489 1273 677 1304 incommodis,
699 1273 876 1309 legationibus
889 1283 919 1300 ac
933 1275 1008 1301 testi-

213 1310 310 1336 moniis
325 1309 441 1344 publicis
454 1315 660 1345 persequuntur.

269 1346 380 1373 xxxu.
402 1348 444 1373 75.
466 1347 571 1374 Etenim
590 1347 716 1383 deinceps
735 1348 886 1379 videamus,
913 1348 1008 1375 Herbi-

213 1384 296 1410 tensis
309 1385 402 1410 civitas
417 1384 526 1411 honesta
540 1389 565 1411 ct
575 1390 649 1411 antea
661 1386 766 1420 copiosa
778 1385 1006 1420 quemadmodum

212 1421 323 1456 spoliata
337 1421 370 1448 ab
384 1422 435 1448 isto
448 1431 478 1448 ac
491 1426 584 1449 vexata
598 1423 642 1448 sit.
672 1422 705 1449 At
718 1431 832 1457 quorum
849 1422 1007 1449 hominum?

212 1467 380 1485 summorum
399 1463 544 1490 aratorum,
565 1460 803 1486 remotissimorum
817 1459 913 1491 asom,
935 1460 1007 1487 iudi-

211 1496 269 1526 ciis,
285 1497 480 1528 controversiis,
497 1497 598 1531 quibus
612 1505 718 1532 parcere
728 1496 910 1527 etconsulere.
927 1497 1006 1524 homo

211 1533 408 1568 impurissime,
431 1538 456 1560 et
469 1534 541 1569 quod
554 1542 640 1570 genus
654 1534 793 1561 hominum
808 1534 1006 1562 studiosissime

211 1579 366 1597 conservare
380 1570 507 1597 debuisti.
541 1571 629 1598 Primo
642 1580 711 1598 anno
724 1571 865 1598 venierunt
877 1572 936 1598 eius
950 1573 1005 1608 agri
1027 1571 1029 1605 ἦ

211 1607 339 1634 decumae
353 1608 432 1635 tritici
450 1608 570 1635 modium
587 1617 665 1635 xvun
705 1608 825 1640 Atidius,
845 1609 908 1635 item
927 1610 1006 1636 istius
1027 1620 1029 1627 κ

211 1645 333 1671 minister
346 1646 373 1671 in
387 1645 522 1677 decumis,
538 1654 622 1680 quum
637 1646 758 1677 emisset,
780 1650 805 1672 et
818 1645 944 1681 praefecti
959 1655 1007 1673 no-

211 1683 282 1708 mine
300 1691 385 1717 quum
404 1683 522 1709 venisset
534 1683 668 1709 Herbitam
687 1691 749 1709 cum
762 1683 896 1714 Veneriis,
918 1683 1006 1710 locus-

211 1728 264 1753 que
278 1720 301 1745 ei
315 1719 431 1754 publice,
447 1728 501 1755 quo
511 1720 700 1751 deverteretur,
716 1720 794 1746 datus
805 1724 888 1747 esset:
904 1729 1006 1757 cogun-

211 1760 254 1782 tur
271 1756 442 1783 Herbitenses
459 1757 483 1783 ei
502 1757 569 1784 lucri
587 1757 649 1784 dare
668 1757 746 1784 tritici
769 1757 889 1784 modium
907 1765 1005 1784 xxxvu

211 1793 304 1824 millia,
320 1802 406 1828 quum
417 1794 544 1821 decumae
554 1795 689 1821 venissent
699 1794 778 1821 tritici
793 1794 913 1821 modium
925 1802 1003 1822 xvm.
1026 1801 1028 1813 ¹

210 1830 297 1865 Atque
311 1831 361 1858 hoc
375 1836 477 1858 tantum
492 1831 558 1858 lucri
572 1836 704 1867 coguntur
713 1831 776 1858 dare
785 1831 902 1866 publice,
918 1840 1004 1867 quum

210 1868 263 1894 iam
282 1868 406 1902 privatim
425 1873 539 1895 aratores
556 1877 590 1895 ex
607 1869 678 1905 agris
696 1868 802 1904 spoliati
820 1873 899 1904 atque
913 1869 1005 1905 exagi—

210 1906 256 1931 tati
275 1905 483 1932 decumanorum
502 1906 609 1932 iniuriis
632 1905 824 1941 profugissent.
863 1907 906 1932 76.
929 1907 1005 1933 Anno

210 1942 328 1969 secundo
340 1951 427 1978 quum
440 1943 548 1970 emisset
561 1943 695 1978 Apronius
708 1943 834 1969 decumas
849 1943 929 1970 tritici
948 1952 1005 1970 mo—

210 1979 285 2006 dium
302 1987 426 2012 xxvncc,
446 1985 471 2006 et
489 1981 547 2016 ipse
565 1980 699 2006 Herbitam
717 1989 779 2007 cum
798 1980 843 2007 illa
861 1989 910 2007 sua
928 1989 1006 2016 prae-

209 2016 309 2043 donum
333 2017 409 2052 copia
432 2026 568 2053 manuque
593 2018 725 2044 venisset:
753 2017 871 2053 populus
896 2018 1004 2053 publice

209 2058 316 2080 coactus
333 2059 374 2081 est
392 2055 415 2081 ei
433 2054 552 2081 conferre
572 2054 638 2081 lucri
656 2055 735 2081 tritici
754 2054 874 2081 moditZtm
890 2063 954 2087 m,
979 2060 1005 2082 et
1026 2055 1027 2076 i

209 2091 387 2118 accessionem
406 2091 461 2118 H-S
479 2100 520 2118 cm
531 2100 581 2118 cio.
622 2092 658 2118 De
675 2092 825 2118 accessione
843 2092 950 2124 dubito,
970 2101 1003 2119 an

209 2129 325 2163 Apronio
339 2129 390 2163 ipsi
404 2129 464 2155 data
477 2129 525 2160 sit,
547 2137 646 2155 merces
659 2137 754 2164 operae
768 2129 938 2164 pretiumque
952 2130 1004 2156 im-

209 2165 361 2201 pudentiae.
402 2166 438 2192 De
461 2166 541 2193 tritici
562 2166 673 2201 quidem
695 2175 807 2193 numero
828 2171 912 2197 tanto.
940 2168 1003 2202 quis

209 2207 295 2238 potest
313 2203 448 2234 dubitare,
468 2204 535 2238 quin
553 2203 586 2230 ad
603 2204 686 2230 istum
705 2203 864 2238 praedonem
883 2203 1004 2230 frumen-

209 2240 318 2271 tarium,
346 2241 416 2267 sicut
438 2240 603 2277 Agyrinense
629 2240 808 2272 frumentum,
836 2241 1004 2276 pervenerit?

210 2277 284 2303 Anno
303 2286 365 2303 vero
382 2278 458 2304 tertio
477 2278 504 2304 in
522 2278 572 2304 hoc
590 2286 652 2313 agro
669 2277 864 2304 consuetudine
881 2287 950 2305 usus
963 2283 1004 2305 est

209 2315 290 2350 regia.
331 2314 456 2341 xxxltl.
477 2314 567 2341 Solere
585 2315 659 2342 aiunt
677 2315 803 2342 barbaros
821 2323 896 2351 reges
910 2316 1003 2342 Persa·
1024 2319 1026 2340 ,1

208 2360 267 2377 rum
291 2360 320 2378 ac
342 2351 470 2387 Syrorum
492 2351 584 2387 plures
606 2361 703 2378 uxores
722 2352 833 2379 habere:
858 2352 900 2379 his
913 2357 1002 2379 autem

208 2389 338 2415 uxoribus
352 2389 472 2415 civitates
485 2389 637 2420 attribuere,
654 2389 703 2416 hoc
717 2389 809 2416 modo:
825 2389 894 2416 Haec
907 2390 1001 2416 civitas

208 2425 314 2452 mulieri
328 2426 515 2453 redimiculum
530 2427 667 2462 praebeat,
688 2426 752 2453 haec
766 2427 793 2453 in
806 2426 920 2458 collum,
937 2427 1002 2453 haec

208 2462 235 2488 in
253 2463 352 2489 crines:
379 2464 414 2489 ita
434 2463 547 2498 populos
564 2464 662 2490 habent
679 2464 820 2490 universos
838 2472 890 2490 non
912 2463 1001 2490 solum

207 2500 326 2526 conscios
351 2499 470 2526 libidinis
494 2509 570 2532 suae,
599 2509 692 2527 verum
715 2501 794 2526 etiam
817 2501 998 2527 administros.

206 2535 249 2562 77.
270 2536 398 2563 Eamdem
420 2538 513 2569 istius,
538 2538 586 2573 qui
608 2546 637 2563 se
659 2546 749 2573 regem
768 2537 920 2564 Siculorum
941 2546 1000 2564 esse
1022 2547 1024 2572 g

207 2572 332 2604 ducebat¹
359 2573 491 2601 licentiam
514 2574 709 2609 libidinemque
731 2574 816 2600 fuisse
837 2575 997 2610 cognoscite.

206 2609 376 2637 Aeschrionis
391 2610 550 2645 Syracusani
565 2620 633 2638 uxor
645 2615 686 2637 est
698 2611 795 2646 Pippa,
810 2612 889 2637 cuius
903 2620 998 2638 nomen
1022 2627 1023 2636 η

206 2646 284 2673 istius
302 2648 420 2682 nequitia
438 2652 490 2674 tota
504 2648 594 2675 Sicilia
614 2647 800 2683 pervulgatum
819 2652 871 2680 est3
895 2648 928 2675 de
945 2657 998 2683 qua

206 2683 319 2711 muliere
332 2693 426 2711 versus
440 2685 549 2720 plurimi
563 2694 644 2720 supra
659 2684 775 2711 tribunal
790 2688 815 2711 et
827 2693 908 2720 supra
922 2693 999 2720 prae-
1020 2683 1030 2710 ix

979 307 1011 332 Λι
1033 300 1043 332 ι’

1033 636 1035 642 “
1063 639 1150 665 hausti
1174 644 1248 666 erant
1270 649 1299 666 ac
1323 648 1406 675 paene
1430 641 1535 675 perditi.

1032 873 1041 902 χ’
1062 863 1136 889 mimi
1151 863 1242 893 filiam,
1259 864 1284 889 vi
1299 864 1440 890 abductam
1454 864 1487 890 ab
1501 864 1603 891 Rhodio
1617 865 1734 891 tibicine.

1027 1839 1028 1843 ¹
1056 1836 1174 1867 praetore
1192 1831 1330 1868 vectigalis
1349 1831 1409 1859 fuit.

1000 161 1275 187 (listi-:nuxis

1063 231 1126 257 toria
1143 235 1224 265 caput
1241 231 1434 258 scribebantur.
1475 231 1521 259 llic
1536 232 1675 263 Aeschrio,
1697 233 1795 268 Pippae
1814 234 1855 260 vir

1063 268 1250 299 adumbratus,
1271 268 1297 295 in
1313 269 1514 296 Herbitensibus
1533 270 1654 296 decumis
1673 279 1759 297 novus
1778 271 1855 298 insti-

1063 306 1147 331 tuitur
1161 305 1330 340 publicanus.
1361 306 1529 333 Herbitenses
1542 316 1627 342 quum
1643 308 1770 337 viderent,
1785 309 1808 334 si
1822 308 1855 334 ad

1063 342 1250 369 Aeschrionem
1267 343 1380 377 pretium
1396 344 1541 374 recidisset,
1557 353 1585 370 se
1599 344 1631 371 ad
1642 345 1780 371 arbitrium
1793 345 1855 372 lihi-

1034 372 1042 391 l'
1062 379 1250 405 ‹linosissimae
1264 380 1385 406 mulieris
1399 380 1542 415 spoliatum
1557 382 1602 408 iri:
1620 382 1683 408 livini
1695 386 1757 408 sunt
1769 390 1855 417 usque

1063 425 1106 446 eo,
1131 416 1218 450 quoad
1242 426 1270 442 se
1294 416 1398 444 efficere
1423 426 1500 452 [nisse
1525 418 1728 445 arhitnbantur.
1769 419 1854 454 Supra

1063 453 1159 479 adiecit
1172 454 1312 480 Aeschrio:
1334 463 1420 489 neque
1434 455 1505 481 enim
1520 456 1662 484 metuebat.
1679 465 1721 486 ne,
1737 462 1855 491 praetore

1063 490 1155 521 Verre,
1170 490 1317 517 decumana
1332 492 1428 518 mulier
1441 491 1539 518 damno
1551 492 1619 519 affici
1635 498 1732 528 posset.
1773 493 1856 520 Addi-

1062 528 1131 554 citur
1149 528 1315 554 medimnum
1335 536 1395 554 vmc
1416 528 1538 555 millibus
1556 529 1668 556 dimidio
1686 530 1738 557 fere
1758 530 1852 565 pluris.

1062 573 1142 600 quam
1157 566 1294 600 superiore
1307 574 1386 592 anno.
1426 566 1547 593 Aratores
1566 566 1688 593 funditus
1701 568 1856 594 everteban—

1063 606 1119 628 tur:
1148 607 1173 628 et
1190 611 1221 628 co
1239 603 1338 637 magis,
1358 602 1431 638 quod
1450 604 1501 630 iarn
1520 604 1705 639 superioribus
1718 606 1795 631 annis
1808 614 1855 632 cx-

1576 641 1707 668 lntellexit
1731 642 1792 672 iste,
1820 643 1854 668 ita

1063 685 1159 711 magno
1173 677 1286 707 venisse.
1304 682 1333 704 ut
1346 677 1464 713 amplius
1477 678 1511 704 ab
1525 678 1727 705 Herbitensibus
1740 679 1854 714 exprimi

1063 723 1114 740 non
1131 719 1230 748 posset.
1270 715 1356 741 Dcmit
1369 715 1402 741 de
1415 716 1500 750 capite
1514 715 1679 742 medimnt'un
1695 725 1745 742 mc.
1780 716 1856 743 lubet

1062 751 1089 777 in
1104 751 1208 777 tabulas
1222 760 1270 786 pro
1284 752 1427 778 medimnis
1443 761 1503 778 vmc
1515 752 1605 779 referri
1618 761 1679 779 rur.
1700 754 1742 779 7⁸.
1759 753 1854 780 Hordei

1061 788 1187 814 decumas
1201 789 1322 815 eiusdem
1337 790 1390 824 agri
1403 790 1526 816 Docimus
1539 795 1646 816 emerat.
1670 790 1792 816 XXXIV.
1808 791 1855 817 Hic

1061 830 1101 852 est
1112 826 1245 857 Docimus,
1261 826 1293 852 ad
1307 835 1386 861 quem
1403 827 1451 853 iste
1465 827 1611 853 deduxerat
1622 828 1745 859 Tertiam,
1761 827 1854 855 Isidori

1769 865 1855 892 lluius

1061 900 1163 926 Tertiae
1178 900 1239 935 plus
1253 901 1346 931 ctiam,
1366 910 1446 936 quam
1462 901 1568 936 Pippae,
1586 902 1647 936 plus
1661 910 1741 937 quam
1755 907 1855 928 cetera-

1061 946 1130 968 rum,
1147 946 1176 964 ac
1190 946 1271 973 prope
1285 938 1370 964 dicam
1386 943 1486 965 tantum
1501 939 1571 973 apud
1586 940 1667 965 istum
1683 940 1708 965 in
1720 939 1853 966 Siciliensi

1062 979 1184 1009 praetura
1198 976 1340 1001 auctoritas
1355 975 1447 1006 valuit,
1463 981 1593 1011 quantum
1609 977 1634 1002 in
1651 976 1749 1002 urbana
1765 976 1855 1003 cheti-

1061 1011 1148 1038 donis.
1189 1013 1305 1039 Veniunt
1319 1012 1452 1039 llerbitam
1466 1013 1520 1040 duo
1535 1013 1660 1048 praetoris
1673 1013 1785 1044 aemuli,
1801 1022 1854 1040 nou

1061 1049 1178 1080 molesti,
1198 1049 1417 1076 muliercularum
1437 1051 1646 1076 taeterrimorum
1661 1051 1854 1085 improbissimi

1060 1087 1218 1122 cognitores,
1235 1088 1367 1122 incipiunt
1380 1087 1522 1122 postulare,
1539 1096 1655 1123 poscere,
1671 1089 1780 1114 minari:
1802 1096 1854 1115 non

1060 1129 1179 1158 poterant
1198 1129 1298 1155 tamen.
1318 1134 1403 1160 quum
1422 1130 1562 1160 cuperent,
1582 1126 1729 1160 Apronium
1744 1125 1852 1152 imitari.

1059 1161 1142 1187 Siculi
1153 1161 1258 1188 Siculos
1273 1170 1324 1188 non
1339 1167 1391 1188 tam
1406 1162 1637 1197 pertimescebant.
1677 1162 1765 1194 Quum
1780 1163 1853 1189 omni

1059 1199 1158 1225 ratione
1173 1203 1260 1225 tamen
1275 1199 1313 1226 illi
1327 1199 1568 1230 calumniarentur;
1588 1200 1745 1234 promittunt
1760 1199 1854 1226 Herbi-

1059 1240 1148 1262 tenses
1162 1236 1345 1263 vadimonium
1360 1236 1516 1272 Syracusas.
1550 1237 1587 1263 Eo
1602 1242 1772 1272 posteaquam
1789 1245 1854 1264 ven·

1059 1277 1115 1299 tum
1130 1278 1178 1305 est.
1194 1279 1328 1309 coguntur
1340 1273 1505 1305 Aeschrioni,
1522 1274 1549 1300 id
1563 1279 1610 1304 est.
1626 1274 1733 1309 Pippae.
1750 1278 1853 1301 tantum

1058 1310 1133 1342 dare,
1153 1316 1284 1346 quantum
1303 1315 1358 1337 erat
1375 1311 1408 1337 de
1425 1312 1511 1346 capite
1524 1311 1677 1345 demptum,
1698 1312 1776 1337 tritici
1796 1320 1853 1338 mo-

1058 1347 1132 1374 dium
1147 1356 1188 1374 cm
1199 1356 1239 1374 cm
1249 1356 1290 1374 cm
1300 1356 1344 1374 nc.
1371 1347 1543 1374 Mulierculae
1557 1347 1714 1383 publicanae
1726 1347 1810 1375 noluit
1819 1357 1853 1376 ex

1057 1384 1179 1411 decumis
1193 1385 1307 1412 nimium
1323 1385 1389 1412 lucri
1403 1385 1474 1416 dare.
1491 1394 1523 1412 ne
1537 1385 1601 1412 forte
1615 1385 1648 1412 ab
1663 1390 1790 1412 nocturno
1803 1394 1853 1413 suo

1057 1427 1171 1457 quaestu
1186 1423 1306 1449 animum
1320 1422 1353 1449 ad
1368 1423 1505 1459 vectigalia
1521 1422 1674 1449 redimenda
1689 1422 1851 1450 transferret.

1057 1460 1100 1486 79.
1122 1459 1294 1486 Transactum
1319 1460 1447 1495 putabant
1471 1460 1654 1491 Herbitenses,
1682 1469 1766 1495 quum
1790 1461 1849 1491 iste,

1057 1497 1123 1532 quid
1137 1497 1170 1523 de
1184 1497 1295 1528 hordeo.
1311 1497 1412 1533 inquit,
1427 1502 1453 1524 et
1466 1497 1498 1524 de
1512 1498 1631 1528 Docimo,
1647 1497 1762 1524 amiculo
1776 1497 1853 1525 meo?

1057 1534 1124 1570 quid
1137 1534 1277 1570 cogitatis?
1288 1535 1375 1570 Atque
1389 1535 1438 1562 hoc
1451 1535 1545 1571 agebat
1556 1535 1582 1561 in
1592 1534 1725 1565 cubiculo,
1738 1534 1849 1565 iudices,

1057 1576 1136 1607 atque
1156 1571 1180 1598 in
1201 1571 1298 1599 lectulo
1315 1581 1374 1599 suo.
1414 1572 1551 1608 Negabant
1569 1572 1608 1598 illi
1625 1572 1775 1607 quidquam
1796 1572 1850 1599 sibi

1057 1617 1116 1635 esse
1142 1608 1307 1635 mandatum.
1347 1609 1404 1636 Non
1430 1609 1523 1636 audio:
1553 1614 1689 1636 numerate
1714 1608 1778 1636 H-S
1800 1617 1850 1636 xn.

1056 1645 1126 1678 Quid
1141 1645 1256 1672 facerent
1269 1646 1378 1673 miseri?
1403 1651 1448 1672 aut
1461 1646 1527 1681 quid
1540 1645 1710 1672 recusarent?
1732 1654 1852 1681 praeser-

1057 1684 1104 1710 tim
1126 1691 1212 1718 quum
1236 1684 1263 1710 in
1287 1683 1384 1710 lectulo
1405 1683 1567 1710 decumanae
1590 1682 1710 1710 mulieris
1738 1684 1850 1720 vestigia

1057 1720 1177 1747 viderent
1191 1721 1317 1751 recentia,
1337 1720 1438 1755 quibus
1451 1720 1528 1747 illum
1542 1719 1700 1747 inflammari
1714 1720 1747 1746 ad
1760 1729 1852 1755 perse-

1058 1757 1203 1784 verandum
1218 1757 1419 1794 intelligebant?
1439 1758 1476 1784 lta
1489 1758 1584 1784 civitas
1598 1766 1650 1784 una
1664 1757 1798 1784 sociorum
1810 1762 1851 1785 at-

1055 1803 1108 1830 que
1126 1795 1271 1821 amicorum
1289 1795 1396 1822 duabus
1415 1795 1570 1822 taeterrimis
1590 1794 1757 1822 mulierculis
1770 1795 1850 1822 Verre

1447 1832 1535 1867 Atque
1553 1840 1602 1868 ego
1619 1840 1691 1858 nunc
1707 1840 1770 1859 eum
1793 1831 1851 1859 fru-

1055 1869 1137 1896 menti
1157 1878 1299 1896 numerum
1316 1874 1342 1896 et
1359 1878 1403 1896 eas
1421 1869 1528 1904 publice
1546 1870 1673 1904 pecunias
1693 1869 1850 1896 decumanis

1055 1907 1088 1933 ab
1101 1906 1306 1933 Herbitensibus
1319 1906 1393 1933 datas
1410 1915 1469 1933 esse
1486 1906 1559 1933 dico:
1585 1915 1641 1942 quo
1657 1906 1698 1933 illi
1716 1906 1850 1934 frumento

1055 1949 1080 1970 et
1097 1943 1199 1979 quibus
1217 1945 1339 1979 pecuniis
1357 1949 1444 1970 tamen
1463 1944 1496 1970 ab
1515 1943 1724 1971 decumanorum
1741 1944 1849 1971 iniuriis

1054 1982 1127 2007 cives
1144 1989 1209 2008 suos
1226 1990 1279 2008 non
1301 1981 1480 2008 redemerunt.
1519 1980 1632 2008 Perditis
1654 1981 1726 2008 enim
1747 1981 1801 2008 iam
1823 1985 1851 2008 et

1026 2022 1028 2043 ἰ
1055 2017 1166 2053 direptis
1184 2023 1316 2045 aratorum
1335 2018 1413 2045 bonis
1431 2018 1496 2045 haec
1513 2018 1669 2045 decumanis
1687 2026 1788 2045 merces
1801 2017 1850 2045 da-

1055 2055 1141 2086 batur.
1157 2060 1187 2082 ut
1200 2055 1344 2090 aliquando
1357 2064 1391 2082 ex
1403 2063 1496 2082 eorum
1510 2056 1580 2091 agris
1594 2060 1674 2090 atque
1687 2063 1721 2082 ex
1735 2055 1848 2082 urbibus

1055 2092 1167 2119 abirent.
1188 2094 1230 2119 80.
1246 2093 1337 2128 ltaque
1349 2101 1436 2128 quum
1446 2092 1570 2119 Philinus
1580 2092 1752 2123 Herbitensis,
1769 2092 1849 2120 homo

1026 2134 1027 2139 ¹
1054 2129 1171 2156 disertus
1193 2134 1220 2156 et
1241 2129 1360 2165 prudens
1381 2134 1408 2156 et
1425 2130 1497 2157 domi
1515 2129 1626 2161 nobilis,
1649 2129 1683 2156 de
1699 2128 1848 2156 calamitate

1054 2172 1186 2194 aratorum
1200 2171 1225 2193 et
1238 2167 1271 2193 de
1285 2166 1348 2203 fuga
1361 2171 1387 2193 et
1396 2166 1429 2193 de
1440 2167 1604 2202 reliquorum
1614 2167 1745 2202 paucitate
1755 2165 1848 2201 publi-

1032 2220 1034 2228 ,
1053 2212 1084 2230 ce
1096 2204 1210 2231 diceret:
1227 2204 1466 2235 animadvertistis,
1481 2204 1594 2235 iudices,
1608 2203 1738 2239 gemitum
1753 2203 1847 2238 populi

1053 2241 1178 2272 Romani,
1206 2242 1285 2267 cuius
1307 2241 1454 2277 frequentia
1478 2240 1541 2267 huic
1562 2248 1671 2267 caussae
1697 2248 1846 2275 numquam

1053 2277 1148 2305 defuit.
1188 2277 1246 2310 Qua
1259 2278 1293 2305 de
1305 2278 1439 2313 paucitate
1451 2282 1582 2304 aratorum
1596 2277 1647 2304 alio
1662 2276 1718 2304 1000
1731 2277 1829 2304 dicam.

1109 2315 1221 2342 XXXV.
1243 2316 1321 2342 Nunc
1337 2315 1420 2347 illud,
1443 2314 1516 2350 quod
1532 2322 1615 2350 paene
1632 2315 1769 2349 praeterii,
1793 2322 1846 2342 non

1053 2353 1162 2379 omnino
1175 2352 1381 2387 relinquendum
1396 2352 1511 2379 videtur.
1550 2352 1631 2382 Nam.
1652 2359 1700 2386 per
1717 2351 1781 2378 deos
1793 2352 1848 2378 im-

1054 2389 1191 2416 mortales!
1218 2389 1291 2425 quod
1304 2389 1337 2416 de
1350 2389 1436 2425 capite
1449 2389 1499 2416 iste
1516 2388 1646 2423 dempsit,
1665 2397 1721 2423 quo
1738 2388 1846 2416 tandem

1053 2426 1132 2453 modo
1146 2427 1222 2453 vobis
1236 2435 1287 2453 non
1302 2426 1380 2453 modo
1393 2425 1531 2453 ferendum
1540 2446 1546 2456 ,
1567 2434 1661 2452 verum
1674 2426 1754 2452 etiam
1767 2425 1846 2452 audi-

1052 2463 1152 2490 endum
1170 2463 1295 2490 videtur?
1332 2465 1374 2490 8⁸.
1395 2463 1469 2490 Unus
1487 2462 1575 2489 adhuc
1594 2462 1644 2489 fuit
1662 2467 1721 2497 post
1733 2462 1844 2489 Romam

1051 2501 1194 2532 conditam,
1218 2501 1266 2536 (dii
1287 2499 1450 2527 immortales
1468 2499 1564 2530 faxint,
1590 2508 1623 2526 ne
1640 2499 1676 2526 sit
1691 2498 1783 2534 alteri)
1799 2499 1844 2526 cui

1051 2537 1203 2572 respublica
1222 2542 1302 2564 totam
1320 2546 1349 2564 se
1371 2536 1497 2568 traderet,
1522 2536 1688 2571 temporibus
1708 2540 1797 2563 coacta
1818 2540 1844 2564 et

1051 2575 1129 2601 malis
1147 2574 1313 2606 domesticis,
1334 2574 1364 2601 L.
1383 2573 1467 2600 Sulla.
1507 2573 1554 2600 Hic
1572 2578 1674 2600 tantum
1692 2573 1791 2608 potuit,
1813 2577 1844 2600 ut

1050 2620 1129 2638 nemo
1145 2611 1193 2638 illo
1208 2612 1293 2638 invito
1310 2619 1358 2638 nec
1374 2610 1443 2637 bona
1456 2619 1504 2637 nec
1518 2611 1630 2646 patriam
1643 2618 1692 2637 nec
1707 2611 1788 2637 vitam
1800 2618 1844 2637 re-
1884 2636 1888 2644 ,

1050 2649 1133 2675 tinere
1147 2653 1249 2683 posset:
1275 2653 1377 2674 tantum
1391 2648 1473 2674 animi
1489 2648 1581 2674 habuit
1594 2647 1627 2674 ad
1640 2646 1793 2679 audaciam,
1812 2651 1844 2674 ut

1049 2685 1137 2712 dicere
1150 2686 1178 2712 in
1191 2685 1317 2712 concione
1329 2693 1383 2712 non
1395 2684 1537 2716 dubitaret,
1553 2684 1621 2712 bona
1634 2684 1735 2711 civium
1745 2684 1843 2712 Roma-
