1941 3052
278 137 453 164 EPISTOL.
475 138 523 164 AD
543 137 574 170 Q.
597 138 782 165 FRATREM
804 139 874 164 LIB.
898 139 934 165 11.
956 139 1011 165 ΕΡ.
1037 141 1069 166 il}
1089 142 1186 166 -16,
1218 140 1290 167 LIB.
1312 141 1354 167 111.
1377 141 1432 168 ΕΡ,
1456 143 1479 168 ⁴.

62 208 153 241 Quint.
175 206 269 234 t'oenus
290 207 342 235 fuit
358 224 371 228 -
387 208 404 235 S
419 224 432 228 -
447 218 481 235 ex
495 223 525 233 z
541 224 572 234 =
588 210 701 236 coitione
719 209 848 240 Memmii,

62 254 143 280 quam
153 253 214 271 cum
230 246 344 272 Domitio
361 246 467 277 habuit,
491 246 622 273 Scaurum
644 251 673 273 ut
693 247 812 273 vinceret
828 246 849 272 *.

61 282 184 309 Messalla
196 281 296 309 flaccet.
318 283 376 309 Non
390 283 450 309 dico
460 283 647 319 ὑπερβολικώς;
659 284 701 310 vel
713 284 777 310 H—S
789 292 852 310 cen-

60 321 111 347 ties
122 320 288 346 constituunt
299 320 326 346 in
338 321 522 356 praerogativa
532 322 714 355 pronuntiare.
746 322 798 347 Res
810 330 852 347 ar-

61 357 106 383 det
121 357 233 383 invidia.
275 357 426 384 Tribunicii
444 358 579 384 candidati
599 359 849 393 compromiserunt,

61 393 124 420 H-S
136 395 281 430 quingenis
297 395 324 421 in
340 394 461 430 singulos
476 396 547 430 apud
559 396 594 422 M.
607 396 732 422 Catonem
744 395 853 430 deposi—

61 431 104 462 tis,
117 436 206 466 petere
218 432 276 458 eius
287 432 424 464 arbitratu⁷
438 437 475 463 ut.
489 434 536 467 qui
548 437 636 459 contra
649 432 764 463 fecisset,
777 433 810 459 ab
822 441 852 459 eo

60 469 291 495 condemnaretur.
332 469 405 501 Quae
429 470 540 504 quidem
563 471 671 496 comitia
691 471 805 505 gratuita
828 470 852 495 si

60 505 173 537 fuerint,
196 511 225 532 ut
240 511 380 541 putantur,
402 506 464 542 plus
484 516 555 533 unus
575 507 638 534 Cato
653 507 746 538 fuerit,
769 515 851 542 quam

60 551 153 570 omues
166 543 237 579 leges
248 552 395 579 omnesque
407 544 520 571 iudices.

112 637 174 658 XVI.
186 637 205 658 Α
213 637 264 658 RG.
275 637 358 658 Scribit
368 638 394 658 ile
404 638 499 663 negotiis
510 638 571 663 suin
583 638 634 665 quid
645 638 668 659 in
678 642 756 659 senatu
767 641 850 663 aetum3

60 679 115 699 quae
126 672 209 693 iudicia
219 672 294 693 habita
304 673 349 693 nint
360 676 397 693 aut
407 673 504 697 instent3
516 673 627 694 materiam
639 673 743 694 carminis
753 674 850 694 serit-en-

59 708 94 732 «li,
111 711 213 735 superata
223 715 235 728 ι
245 709 340 728 Caesare
350 708 477 733 Britannia,
497 708 561 728 fratri
571 708 694 734 gratulatur
712 712 746 734 et,
761 709 813 736 quid
825 709 851 729 ile

60 743 107 765 suis
118 743 218 764 versibus
230 744 311 764 Caesar
320 742 411 767 iudicet,
423 743 557 764 sciscitatur.

226 780 311 801 (nomae,
321 780 413 801 Dumitiu,
422 780 474 803 App.
485 780 565 798 Pulchro
575 787 621 798 coss.
632 781 687 803 7οη.)

189 839 225 865 Μ.
247 838 389 866 CICERO
410 839 438 867 S.
459 840 489 866 D.
511 839 542 872 Q.
565 840 719 867 FRATRI.

115 887 138 912 ⁴.
160 879 256 917 Quum
276 894 290 911 a
310 894 352 912 me
369 885 468 912 litteras
484 885 587 912 librarii
606 895 687 913 manu
703 886 848 921 acceperis,

59 931 93 949 ne
104 922 226 958 paullum
241 923 288 949 otii
303 931 346 949 me
363 923 491 950 habuisse
508 923 638 955 iudicato,
659 932 745 958 quum
761 928 850 950 autem

58 968 129 990 mea,
152 959 285 994 paullum.
326 960 370 986 Sic
385 961 457 986 enim
478 960 587 992 habeto,
610 970 759 995 numquam
779 969 822 986 me
835 969 849 986 a

58 997 162 1023 caussis
173 1001 199 1023 et
209 997 318 1024 iudiciis
329 997 518 1024 districtiorem
534 997 632 1029 fuisse,
649 1003 727 1033 atque
744 998 771 1024 id
786 999 849 1024 anni

57 1038 176 1069 tempore
187 1035 349 1070 gravissimo
361 1039 386 1062 et
396 1035 530 1062 caloribus
541 1036 678 1062 maximis.
720 1035 772 1062 Sed
784 1035 849 1062 baec

57 1070 195 1107 (quoniam
206 1076 234 1098 tu
246 1072 281 1098 ita
291 1073 462 1108 praescribis)
470 1072 576 1099 ferenda
588 1078 663 1105 sunt;
677 1081 764 1108 neque
776 1081 850 1099 com-

57 1109 227 1140 mittendum,
241 1114 270 1136 ut
280 1114 325 1136 aut
335 1111 402 1144 spei,
412 1115 457 1136 aut
467 1111 620 1146 cogitationi
632 1115 735 1137 vestrae
747 1119 796 1146 ego
808 1111 850 1136 vi-

56 1146 120 1172 dear
130 1146 262 1173 defuisse:
276 1148 432 1182 praesertim
444 1156 539 1182 quum,
552 1148 657 1174 tametsi
669 1147 697 1174 id
708 1147 848 1174 difficilius

57 1182 150 1215 suerit,
173 1188 261 1210 tamen
282 1193 316 1211 ex
335 1184 384 1210 hoc
408 1184 496 1211 labore
516 1194 641 1221 magnam
659 1186 772 1220 gratiam
792 1194 849 1211 ma-

56 1229 191 1256 gnamque
203 1221 360 1257 dignitatem
370 1223 422 1248 sim
433 1222 603 1249 collecturus.
644 1223 744 1257 Itaque,
759 1227 788 1249 ut
799 1222 849 1249 tibi

56 1257 151 1293 placet,
165 1258 260 1284 damus
270 1267 387 1293 operam,
405 1268 437 1286 ne
448 1260 526 1286 cuius
536 1261 656 1286 animum
670 1259 846 1291 offendamus,

56 1300 135 1330 atque
148 1300 177 1322 ut
187 1296 266 1322 etiam
280 1296 313 1322 ab
325 1296 367 1322 his
380 1297 461 1331 ipsis,
479 1297 527 1332 qui
541 1306 589 1323 nos
600 1306 661 1323 cum
672 1297 783 1324 Caesare
795 1302 847 1324 tam

55 1333 213 1359 coniunctos
232 1333 335 1365 dolent,
358 1333 517 1370 diligamur,
541 1334 574 1360 ab
595 1335 688 1369 aequis
705 1343 780 1365 vero,
803 1339 849 1361 aut

55 1370 136 1396 etiam
148 1379 161 1396 a
172 1371 313 1405 propensis
324 1371 352 1397 in
364 1371 432 1398 hanc
443 1376 554 1406 partem,
568 1371 848 1398 vebementeretcola-

56 1416 118 1434 mur
132 1412 158 1434 et
177 1416 308 1434 amemur.
349 1410 374 1435 2.
396 1409 431 1435 De
453 1409 555 1435 ambitu
576 1418 661 1444 quum
682 1410 848 1436 atrocissime

55 1449 179 1480 ageretur
190 1445 216 1471 in
228 1450 321 1472 senatu
334 1445 432 1472 multos
443 1446 510 1477 dies,
519 1447 633 1481 quodita
639 1451 714 1473 erant
724 1455 848 1483 progres-

54 1482 79 1508 si
89 1481 224 1509 candidati
236 1482 398 1514 consulares,
413 1488 441 1510 ut
452 1492 503 1510 non
514 1488 584 1510 esset
595 1483 750 1510 ferendum:
766 1485 793 1510 in
805 1493 848 1510 se-

55 1523 119 1546 natu
131 1528 182 1546 non
195 1519 244 1546 fui.
284 1520 370 1547 Statui
382 1520 414 1547 ad
428 1520 529 1547 nullam
542 1521 703 1548 medicinam
716 1521 848 1556 reipubli-

54 1564 101 1583 cae
114 1557 172 1583 sine
184 1566 280 1593 magno
291 1558 426 1593 praesidio
436 1558 571 1585 accedere.
612 1561 636 1585 3.
658 1558 716 1591 Quo
727 1558 771 1585 die.
782 1559 847 1585 haec

54 1594 165 1628 scripsi,
183 1595 284 1621 Drusus
300 1600 355 1622 erat
368 1594 401 1621 de
412 1596 639 1630 praevaricatione
649 1605 663 1622 a
675 1596 792 1622 tribunis
803 1604 847 1622 ae-

54 1631 131 1657 rariis
143 1631 290 1663 absolutus,
304 1633 331 1658 in
342 1641 456 1664 summa,
469 1637 594 1668 quattuor
604 1634 752 1664 sententiis,
761 1642 846 1668 quum

53 1673 188 1695 senatores
199 1673 224 1695 et
235 1670 338 1704 equites
350 1670 531 1697 damnassent.
557 1670 613 1706 Ego
627 1671 721 1697 eodem
733 1671 776 1697 die
788 1675 847 1705 post

54 1705 194 1732 meridiem
206 1706 343 1733 Vatinium
354 1707 461 1734 aderam
472 1707 644 1735 defensurus.
675 1709 713 1735 Ea
724 1717 766 1735 res
781 1708 847 1734 faci-

54 1741 88 1769 lis
99 1747 148 1769 est.
170 1743 282 1770 Comitia
294 1745 322 1771 in
333 1753 453 1771 mensem
465 1744 537 1780 Sept.
551 1745 647 1772 reiecta
658 1750 731 1772 sunt.
762 1745 846 1772 Scau-

54 1780 78 1806 ri
87 1779 219 1807 iudicium
230 1781 319 1808 statim
331 1782 507 1814 exercebitur,
515 1783 559 1809 cui
572 1791 619 1809 nos
633 1792 685 1809 non
697 1783 844 1809 deerimus.

52 1817 229 1849 Συνδείπνους
239 1820 412 1853 Σοφοκλέους,
428 1828 592 1855 quamquam
604 1829 618 1847 a
630 1825 654 1847 te
664 1825 748 1847 actam
761 1820 847 1847 fabel-

53 1853 106 1881 lam
117 1854 196 1882 video
207 1863 265 1882 esse
276 1855 384 1888 festive,
403 1857 476 1884 nullo
492 1857 570 1884 modo
584 1858 706 1892 probavi.
747 1859 771 1885 4.
793 1858 847 1885 ve-

52 1891 98 1918 nio
109 1900 180 1918 nune
190 1892 223 1918 ad
234 1892 270 1923 id,
283 1893 355 1928 quod
367 1895 457 1921 nescio
467 1903 498 1920 an
510 1895 629 1929 primum
640 1904 698 1921 esse
710 1895 844 1923 debuerit.

52 1927 75 1955 Ο
85 1928 217 1955 iucundas
229 1929 296 1956 mibi
308 1935 366 1956 tuas
377 1931 409 1957 de
420 1932 556 1958 Britannia
569 1931 682 1959 litteras!
705 1933 844 1960 Timebam

51 1965 197 1997 Oceanum,
210 1966 336 1993 timebam
349 1967 421 1994 littus
434 1968 547 1995 insulae.
580 1969 693 2005 Reliqua
704 1979 755 1997 non
766 1971 846 2006 equi—

51 2002 114 2029 dem
124 2007 278 2035 contemno,
291 2004 338 2030 sed
350 2004 411 2039 plus
423 2005 522 2032 babent
533 2011 620 2033 tamen
631 2008 704 2042 spei,
717 2016 799 2043 quam
811 2009 845 2034 ti-

52 2041 147 2071 moris,
175 2041 316 2076 magisque
340 2050 400 2068 suni
425 2042 557 2070 sollicitus
583 2045 780 2079 exspectatione
802 2054 841 2076 ea,

52 2085 134 2112 quam
150 2082 233 2104 metu.
274 2078 309 2104 Te
325 2087 387 2105 vero
401 2079 535 2107 ὑπόθεσιν
550 2080 686 2107 scribendi
707 2083 843 2118 egregiam

52 2113 151 2141 habere
163 2115 251 2142 video.
291 2115 363 2148 Quos
375 2120 402 2142 tu
413 2117 495 2148 situs,
512 2126 580 2152 quas
595 2123 702 2145 naturas
719 2128 807 2147 rerum
819 2124 845 2146 et

52 2150 179 2183 locorum,
188 2161 255 2187 quos
267 2161 362 2183 mores,
370 2162 437 2188 quas
450 2159 552 2189 gentes,
561 2164 628 2190 quas
640 2164 754 2191 pugnas,
762 2166 843 2192 quem

51 2197 114 2216 vero
129 2190 219 2224 ipsum
236 2190 421 2225 imperatorem
438 2191 533 2218 babes!
556 2192 612 2228 Ego
628 2197 652 2219 to
668 2193 794 2225 libenter,
814 2200 844 2221 ut

52 2233 137 2262 rogas,
150 2227 251 2261 quibus
262 2227 342 2254 rebus
355 2228 405 2259 vis,
418 2228 553 2256 adiuvabo
566 2235 591 2256 et
603 2230 651 2257 tibi
662 2240 765 2262 versus,
775 2240 843 2267 quos

51 2271 80 2290 ro
99 2271 141 2295 as,
160 2263 248 2300 γλαῦκ’
265 2264 301 2294 εἰς
317 2264 429 2298 Ἀθήνας
449 2266 562 2293 mittam.
602 2269 627 2294 5.
650 2267 702 2294 Sed
720 2268 786 2295 beus
803 2274 840 2300 tu,

51 2307 80 2326 ce
92 2300 130 2326 ari
142 2300 234 2327 videor
249 2309 262 2327 a
277 2305 310 2328 te.
351 2301 565 2335 Quomodonam,
583 2305 620 2331 mi
637 2304 728 2337 frater,
747 2306 779 2332 de
795 2315 843 2333 no—

51 2337 112 2364 stris
124 2338 248 2364 versibus
260 2338 372 2365 Caesar?
388 2348 450 2365 nam
461 2341 580 2374 primum
593 2341 691 2369 librum
703 2351 732 2369 se
745 2343 842 2379 legisse

50 2374 158 2409 scripsit
168 2375 200 2402 ad
212 2384 254 2402 me
265 2380 334 2407 ante,
348 2381 373 2403 ct
384 2377 470 2411 prima
480 2378 528 2409 sic,
541 2382 569 2404 ut
580 2383 666 2415 neget,
679 2388 708 2406 se
720 2389 752 2407 ne
759 2381 843 2407 Grae-

51 2418 81 2438 ca
99 2411 210 2446 quidem
231 2413 340 2440 meliora
361 2413 468 2450 legisse.
509 2415 621 2451 Reliqua
642 2416 674 2443 ad
696 2418 840 2452 quemdam

52 2446 138 2475 locum
149 2449 329 2486 ρᾳθυμόῐερα.
355 2451 408 2477 Hoc
418 2452 490 2478 enim
502 2453 586 2479 utitur
597 2453 688 2480 verbo.
715 2455 761 2481 Dic
774 2455 841 2482 milii

52 2493 157 2518 verum,
173 2495 238 2514 num
249 2492 347 2514 autres
358 2497 433 2520 eum,
451 2490 637 2526 ιιιιῑχαρακιήρ
648 2499 699 2517 non
711 2491 842 2519 delectat?

50 2521 124 2549 Nihil
138 2527 190 2555 est,
209 2525 282 2559 quod
303 2534 419 2552 vereare.
460 2527 516 2562 Ego
531 2527 603 2554 enim
620 2537 652 2554 ne
663 2528 718 2563 pilo
728 2529 839 2564 quidem

51 2559 140 2586 minus
151 2569 193 2587 me
204 2562 308 2590 amabo.
348 2563 401 2589 Hac
413 2563 445 2590 de
457 2572 484 2590 re
496 2564 649 2599 φιλαλήθως
662 2570 700 2597 et,
719 2571 748 2594 ut
758 2567 837 2599 soles,

49 2596 136 2624 scribe
146 2596 269 2626 fraterne.

343 2658 506 2675 —.-q00.b
520 2666 543 2668 ᾗ

1646 144 1694 169 809

1283 213 1324 239 89.

1092 274 1245 304 LIBER
1278 275 1512 305 TERTIUS.

957 387 973 407 1,
991 387 1008 407 A
1016 388 1064 408 RG.
1082 388 1108 408 In
1116 389 1214 415 praediis
1225 389 1302 413 Quinti
1314 396 1337 410 se
1348 390 1464 416 quaedam,
1479 389 1573 411 maxime
1587 390 1609 411 in
1621 391 1696 411 aedifi-

904 422 967 442 can-ti
981 422 1067 443 ratione
1082 423 1208 444 conexis-e
1221 428 1386 449 commemorat,
1402 428 1423 445 et
1439 425 1464 445 ad
1474 425 1569 452 quinque
1582 425 1660 449 Quinti
1670 426 1697 446 de

904 457 972 477 variis
982 458 1047 478 rebus
1057 458 1164 485 epistulas
1175 460 1304 486 respondet;
1316 459 1381 480 simul
1392 461 1494 486 quaedam
1506 460 1532 480 ile
1543 461 1607 480 rebu-
1618 461 1696 481 Roma-

904 491 938 511 nis
948 492 1074 518 perscribit.

903 528 981 549 (Partim
991 529 1009 546 in
1020 529 1115 552 Arpinati,
1126 531 1195 553 partim
1207 532 1277 548 Romae
1289 538 1323 548 scr.
1333 532 1424 552 Domitio,
1433 532 1484 555 App.
1497 532 1577 549 I’ulelno
1587 539 1631 550 coss,
1641 535 1697 554 700.)

1035 572 1070 599 M.
1093 573 1236 600 CICERO
1255 573 1282 600 S.
1304 574 1334 600 D.
1356 574 1387 607 Q.
1409 575 1563 602 FRATRI.

958 617 978 643 I.
1003 619 1025 644 4.
1046 614 1108 653 Ego
1123 627 1156 645 ex
1174 619 1279 654 magnis
1294 619 1429 646 caloribus
1440 620 1501 655 (non
1516 622 1587 647 enim
1600 622 1697 648 memi-

903 654 993 680 nimus
1010 655 1133 690 maiores)
1149 656 1176 682 in
1192 656 1314 691 Arpinati
1330 666 1435 683 summa
1456 666 1518 684 cum
1537 660 1695 685 amoenitate

902 690 1022 718 fluminis
1033 701 1075 718 me
1087 693 1166 719 refeci
1179 693 1303 720 ludorum
1313 694 1420 726 diebus,
1433 695 1575 722 Philotimo
1587 696 1696 722 tribuli-

903 728 954 754 bus
965 730 1168 756 commendatis.
1208 731 1237 757 In
1249 732 1350 758 Arcano
1362 741 1385 758 a.
1398 731 1425 758 d.
1439 732 1630 767 1v.IdusSept.
1644 733 1693 759 fui.

902 765 942 791 lbi
957 766 1117 793 Messidium
1133 776 1195 793 cum
1211 768 1373 798 Philoxeno,
1391 778 1556 804 aquamque,
1578 779 1659 805 quam
1676 772 1695 797 ii

902 802 1036 830 ducebant
1052 812 1102 830 non
1119 803 1196 839 longe
1211 813 1224 830 a
1237 805 1314 836 villa,
1333 805 1402 832 belle
1413 815 1476 832 sane
1488 806 1614 833 fluentem
1626 807 1693 838 vidi,

901 841 1057 874 praesertim
1070 842 1187 868 maxima
1199 842 1331 873 siccitate,
1349 843 1556 879 uberioremque
1572 844 1695 879 aliquan-

902 882 926 903 to
940 885 999 904 sese
1011 878 1168 905 collecturos
1179 887 1237 905 esse
1249 880 1383 906 dicebant.
1424 880 1504 915 Apud
1517 882 1613 908 lterum
1626 887 1695 908 recte

901 919 966 941 erat.
1007 915 1036 941 In
1051 915 1185 943 Manliano
1199 916 1297 943 offendi
1313 917 1452 952 Diphilum
1468 918 1576 953 Diphilo
1597 919 1696 946 tardio-

901 960 967 978 rem.
1004 952 1057 978 Sed
1069 957 1157 980 tamen
1169 954 1237 980 nihil
1249 955 1273 980 ei
1285 955 1401 981 restabat
1410 960 1514 990 praeter
1525 955 1658 982 balnearia
1671 962 1696 983 et

901 989 1110 1016 ambulationem
1122 995 1147 1017 et
1158 992 1300 1018 aviarium.
1333 992 1402 1019 Villa
1415 993 1482 1019 mihi
1494 993 1571 1020 valde
1583 993 1693 1028 placuit,

900 1032 1039 1061 propterea
1050 1027 1122 1062 quod
1133 1037 1268 1055 summam
1283 1029 1440 1065 dignitatem
1447 1031 1626 1065 pavimentata
1634 1040 1696 1066 por-

900 1064 969 1090 ticus
976 1064 1104 1091 habebat:
1121 1066 1470 1102 quodmibinuncdenique
1481 1069 1613 1103 apparuit,
1622 1073 1696 1103 post-

900 1109 1014 1136 eaquam
1029 1107 1054 1128 et
1069 1103 1126 1137 ipsa
1149 1108 1200 1129 tota
1220 1109 1292 1138 patet
1312 1109 1336 1131 et
1351 1104 1491 1131 columnae
1508 1105 1604 1140 politae
1621 1111 1693 1132 sunt.

900 1139 995 1165 Totum
1007 1140 1034 1165 in
1046 1148 1077 1166 eo
1087 1145 1140 1171 est,
1157 1141 1240 1175 (quod
1256 1142 1323 1168 mihi
1339 1143 1389 1168 erit
1400 1143 1500 1177 curae‚)
1516 1144 1654 1169 tectorium
1667 1149 1695 1170 ut

899 1177 1062 1203 concinnum
1087 1178 1130 1204 sit.
1172 1179 1326 1205 Pavimenta
1352 1184 1421 1206 recte
1444 1180 1502 1206 fieri
1522 1180 1693 1207 videbantur.

900 1214 1024 1240 Camaras
1040 1215 1171 1249 quasdam
1187 1225 1239 1243 non
1255 1217 1368 1251 probavi
1384 1218 1536 1252 mutarique
1549 1219 1626 1244 inssi.
1668 1220 1692 1244 ἱ),

899 1250 957 1283 Quo
973 1251 1029 1278 loco
1046 1253 1072 1278 in
1088 1253 1192 1287 porticu
1207 1258 1232 1280 te
1243 1254 1360 1281 scribere
1375 1255 1450 1281 aiunt
1460 1260 1488 1281 ut
1500 1255 1624 1281 atriolum
1640 1256 1692 1285 liat,

900 1288 977 1320 mibi,
994 1294 1023 1315 ut
1034 1294 1085 1321 est,
1104 1291 1190 1326 magis
1206 1290 1337 1325 placebat.
1378 1292 1471 1326 Neque
1482 1293 1554 1318 enim
1567 1293 1631 1319 satis
1644 1292 1694 1319 loci

899 1334 957 1351 esse
969 1326 1112 1353 videbatur
1122 1327 1228 1354 atriolo:
1242 1337 1329 1364 neque
1342 1328 1395 1355 fere
1407 1329 1481 1360 solet,
1492 1330 1544 1355 nisi
1557 1330 1582 1355 in
1596 1330 1638 1356 his
1650 1338 1695 1355 ae-

899 1362 997 1389 dificiis
1009 1363 1065 1390 fleri
1074 1385 1080 1395 ,
1099 1365 1125 1391 in
1142 1365 1244 1400 quibus
1255 1371 1296 1392 est
1306 1367 1403 1392 atrium
1416 1367 1517 1393 maius:
1536 1376 1584 1393 nec
1596 1366 1694 1393 babere

899 1405 1000 1435 poterat
1011 1401 1136 1428 adiuncta
1147 1402 1273 1429 cubicula
1285 1404 1449 1430 eteiusmodi
1461 1404 1591 1430 membra.
1617 1405 1694 1430 Nunc

899 1438 948 1464 boc
960 1437 1002 1464 vel
1015 1438 1151 1466 honestate
1163 1440 1320 1472 testudinis,
1345 1441 1386 1466 vel
1403 1441 1479 1467 valde
1496 1441 1596 1468 bonum
1613 1443 1695 1468 aesti-

899 1484 963 1501 vum
976 1475 1063 1502 locum
1075 1476 1217 1504 obtinebit.
1258 1478 1297 1504 Tu
1310 1482 1397 1504 tamen
1409 1479 1433 1504 si
1444 1478 1521 1504 aliter
1535 1479 1633 1509 sentis,
1652 1488 1694 1505 re-

898 1513 986 1538 scribe
997 1522 1079 1547 quam
1090 1514 1220 1548 primum.
1261 1516 1289 1541 In
1306 1515 1450 1542 balneariis
1466 1525 1524 1542 assa
1541 1517 1567 1542 in
1580 1516 1692 1542 alterum

898 1550 1045 1586 apodyterii
1058 1551 1187 1587 angulum
1199 1553 1331 1587 promovi,
1340 1558 1476 1588 propterea
1489 1553 1561 1588 quod
1574 1554 1608 1580 ita
1620 1559 1695 1580 erant

897 1588 997 1622 posita,
1015 1593 1147 1615 uteorum
1160 1590 1343 1624 vaporarium,
1361 1599 1394 1616 ex
1410 1599 1463 1625 quo
1479 1591 1550 1626 ignis
1564 1592 1691 1626 erumpit,

898 1629 968 1651 esset
988 1625 1141 1652 subiectum
1161 1626 1306 1653 cubiculis.
1352 1628 1509 1663 Subgrande
1535 1628 1692 1654 cubiculum

897 1667 986 1688 autem
997 1667 1023 1689 et
1035 1663 1178 1690 hibernum
1191 1664 1274 1690 altum
1287 1664 1363 1691 valde
1375 1665 1496 1700 probavi,
1515 1665 1586 1700 quod
1601 1671 1626 1692 et
1636 1674 1694 1692 am-

897 1699 941 1734 pla
957 1705 1031 1726 erant
1046 1705 1071 1727 et
1088 1701 1144 1727 loco
1160 1702 1245 1736 posita
1262 1702 1453 1729 ambulationis
1469 1712 1523 1729 uno
1539 1702 1632 1733 latere,
1650 1712 1690 1733 eo,

896 1737 969 1772 quod
980 1742 1020 1764 est
1031 1739 1186 1773 proximum
1199 1739 1353 1766 balneariis.
1393 1739 1537 1766 Columnas
1552 1749 1638 1775 neque
1652 1750 1693 1765 re-

896 1780 965 1806 ctas,
982 1784 1068 1810 neque
1080 1785 1094 1802 e
1106 1777 1214 1812 regione
1226 1777 1351 1811 Diphilus
1362 1777 1511 1804 collocarat.
1553 1778 1604 1804 Eas
1617 1777 1693 1803 scili-

896 1817 938 1839 cet
961 1812 1132 1840 demolietur.
1182 1813 1334 1849 Aliquando
1360 1814 1554 1849 perpendiculo
1577 1820 1603 1842 et
1623 1814 1692 1841 linea

897 1850 983 1876 discet
993 1851 1042 1877 uti.
1082 1850 1198 1878 Omnino
1214 1860 1292 1886 spero
1308 1853 1401 1887 paucis
1416 1852 1556 1878 mensibus
1567 1861 1635 1887 opus
1647 1853 1693 1878 Di-

895 1887 965 1922 phili
977 1887 1125 1922 perfectum
1137 1888 1201 1915 fore.
1232 1890 1312 1916 Curat
1323 1890 1394 1916 enim
1406 1889 1615 1925 diligentissime
1627 1890 1693 1916 Cae-

895 1925 967 1956 sius,
991 1926 1038 1960 qui
1054 1930 1111 1952 tum
1126 1935 1233 1952 mecum
1250 1926 1310 1954 fuit.
1351 1928 1382 1953 11.
1404 1929 1428 1953 3.
1450 1928 1491 1953 Ex
1507 1935 1538 1954 eo
1555 1926 1612 1954 loco
1622 1932 1691 1954 recta

896 1962 1025 1989 Vitularia
1042 1964 1085 1990 via
1100 1963 1212 1998 profecti
1227 1973 1323 1991 sumus
1339 1965 1366 1991 in
1381 1964 1552 1991 Fufidianum
1565 1964 1689 1993 fundum,

895 2008 977 2035 quem
998 2000 1047 2026 tibi
1068 2002 1200 2035 proximis
1220 2002 1323 2029 nuntiis
1341 2002 1435 2036 ⁴Arpini
1457 2002 1490 2028 de
1507 2002 1611 2028 Fufidio
1627 2002 1691 2028 H-S

896 2045 1002 2064 ccciooo
1013 2046 1174 2065 emeramus.
1208 2039 1264 2075 Ego
1281 2039 1368 2066 locum
1385 2044 1483 2066 aestate
1495 2039 1690 2066 umbrosiorem

895 2074 953 2100 vidi
969 2083 1133 2110 numquam,
1150 2076 1293 2111 permultis
1311 2076 1374 2103 locis
1391 2085 1487 2112 aquam
1503 2076 1688 2111 profluentem,

895 2116 920 2138 et
935 2120 993 2138 eam
1010 2113 1131 2140 uberem.
1172 2114 1243 2146 Quid
1259 2114 1386 2149 quaeris?
1401 2115 1494 2150 Iugera
1511 2115 1529 2140 L
1545 2115 1612 2148 prati
1625 2114 1690 2141 Cae-

894 2149 952 2174 sius
964 2149 1137 2185 irrigaturum
1150 2150 1227 2177 facile
1238 2156 1262 2178 te
1273 2151 1461 2178 arbitrabatur.
1483 2151 1616 2186 Equidem
1629 2151 1688 2180 hoc,

894 2186 967 2221 qnod
984 2186 1081 2213 melius
1099 2187 1233 2223 intelligo,
1252 2188 1370 2218 affirmo,
1389 2188 1501 2214 mirifica
1517 2190 1649 2215 suavitate
1665 2194 1689 2214 te

895 2223 987 2249 viltam
1003 2223 1167 2254 habiturum,
1181 2226 1285 2259 piscina
1297 2230 1323 2252 et
1333 2225 1494 2252 salientibus
1510 2226 1622 2255 additis,
1642 2234 1690 2260 pa-

896 2260 1004 2291 laestra,
1022 2266 1048 2287 et
1062 2261 1131 2287 silva
1149 2261 1299 2289 viridicata.
1340 2262 1464 2289 Fundum
1480 2263 1562 2289 audio
1578 2268 1601 2289 te
1618 2263 1690 2289 bunc

894 2297 1062 2324 Bovillanum
1075 2298 1143 2325 velle
1155 2300 1278 2326 retinere.
1319 2300 1354 2325 De
1365 2308 1396 2326 eo
1407 2300 1473 2334 quid
1486 2300 1616 2329 videatur,
1632 2301 1689 2334 ipse

893 2335 1049 2362 constitues.
1066 2335 1165 2362 Calvus
1177 2336 1272 2366 aiebat,
1287 2345 1355 2371 aqua
1366 2336 1483 2371 dempta,
1497 2338 1592 2363 eteius
1603 2345 1689 2371 aquae

895 2373 951 2398 inre
962 2373 1114 2404 constituto,
1128 2378 1153 2399 et
1164 2374 1292 2400 servitute
1305 2373 1387 2400 fundo
1399 2373 1438 2400 illi
1450 2375 1584 2408 imposita,
1600 2379 1687 2401 tamen

894 2419 940 2436 nos
953 2410 1068 2444 pretium
1079 2418 1186 2436 servare
1199 2411 1317 2445 posse,si
1330 2410 1446 2437 vendere
1458 2411 1600 2438 vellemus.
1618 2412 1686 2438 Mes-

892 2447 993 2473 sidium
1006 2455 1111 2473 mecum
1124 2447 1216 2474 habui.
1250 2449 1274 2474 ls
1285 2457 1313 2474 se
1326 2449 1408 2474 ternis
1420 2449 1539 2474 nummis
1551 2449 1577 2475 in
1589 2449 1686 2483 pedem

893 2489 980 2511 tecum
992 2485 1155 2520 transegisse
1165 2485 1284 2512 dicebat:
1303 2494 1361 2511 sese
1373 2491 1461 2511 autem
1474 2495 1597 2512 mensum
1609 2486 1687 2521 pedi-

893 2522 944 2548 bus
954 2521 1042 2548 aiebat
1053 2530 1183 2557 passuum
1196 2531 1223 2549 ιιι
1234 2531 1285 2550 cia.
1308 2523 1373 2549 Mihi
1385 2523 1447 2558 plus
1461 2524 1550 2550 visum
1562 2529 1612 2550 est.
1633 2524 1686 2550 Sed

892 2559 1045 2594 praestabo,
1071 2564 1209 2595 sumptum
1235 2569 1369 2595 nusquam
1394 2560 1491 2587 melius
1512 2569 1590 2596 posse
1610 2562 1683 2596 poni.

892 2596 1032 2623 Chilonem
1043 2598 1216 2624 arcessieram
1229 2597 1352 2624 Venafro.
1375 2598 1427 2624 Sed
1440 2607 1470 2625 eo
1482 2599 1540 2633 ipso
1551 2598 1594 2625 die
1606 2604 1685 2633 quat·

892 2639 951 2660 tuor
965 2634 1024 2660 eius
1044 2642 1187 2661 conservos
1207 2640 1233 2661 et
1253 2635 1402 2670 discipulos
1418 2635 1525 2662 Venafri
1541 2636 1684 2663 cuniculus

890 2676 1067 2707 oppresserat.
1109 2673 1133 2700 t.
1156 2672 1248 2700 Idibus
1263 2672 1336 2708 Sept.
1356 2674 1382 2700 in
1398 2673 1502 2700 Laterio
1518 2673 1566 2700 fui.
1608 2673 1682 2700 Viam

1425 2723 1471 2746 ¹⁰2
