1941 3052
226 110 275 136 772
796 110 837 134 83.
873 108 908 134 M.
942 108 972 134 T.
1006 108 1281 136 CICERONIS

227 189 300 206 meno
311 179 551 206 commendationis
562 179 741 214 diligentiam.
775 179 828 205 lloc
839 183 863 205 to
875 178 1021 205 vehemen-

227 222 265 243 ter
275 219 354 243 etiam
367 222 446 251 utque
457 217 537 242 etiam
550 225 622 251 rogo.

282 286 359 306 xmv.
380 286 396 305 A
406 286 422 305 R
431 286 456 304 ti.
474 268 613 305 commemini
631 284 709 304 iterum
716 283 809 311 Oppium
821 291 864 305 uns
873 292 920 305 cum
932 285 1020 309 Equi-eit

227 320 322 340 nwutiia
359 322 496 338 ¹³1·.t·a«·nvr
507 322 527 337 v.
541 322 620 339 Αιιιιιιιιιι
632 328 678 338 ιη...
691 323 734 338 71114
744 325 775 338 ..ιι
786 323 857 341 mnu.)

416 364 583 390 CICERO
617 363 768 390 GALLO
800 364 828 390 S.

283 398 342 427 Etsi
358 410 391 428 ex
407 402 460 427 tuis
478 406 503 427 et
519 410 552 427 ex
569 401 597 427 L.
614 401 709 435 Oppii,
733 401 939 428 familiarissimi
956 402 1017 432 mei.

227 439 321 465 litteris
337 439 464 473 cognovi,
488 443 512 464 te
529 447 673 464 memorem
689 438 930 465 commendationis
946 448 1019 465 meae

227 476 324 507 fuisse,
344 476 438 510 idque,
457 484 504 510 pro
520 480 563 501 tua
579 484 685 501 summa
701 485 763 511 erga
780 485 822 502 me
834 476 1019 503 benevolentia

227 522 327 548 proque
340 517 426 538 nostra
440 512 647 543 necessitudine,
663 513 773 539 minime
784 522 845 539 sum
856 513 1017 540 admiratus:

227 555 314 576 tamen
329 551 407 576 etiam
425 555 504 584 atque
520 550 600 576 etiam
617 550 665 576 tibi
678 551 706 576 1,.
719 550 837 585 Oppium
853 556 1019 585 praesentem

225 592 251 613 et
270 588 300 614 L.
323 588 443 622 Egnatii.
467 587 519 613 mci
540 586 759 618 familiarissimi,
779 587 899 614 absentis
915 589 1020 623 negotia

225 624 393 651 commendo.
435 625 516 650 Tanta
533 625 600 651 mihi
619 633 681 651 cum
697 634 728 651 eo
744 625 914 651 necessitudo
930 630 970 652 est
981 625 1021 651 fa-

227 662 430 696 miliaritasque,
445 667 486 691 ut,
500 662 523 687 si
537 671 593 688 mea
605 671 646 688 res
656 667 739 693 esset.
754 671 804 688 non
819 663 904 698 magis
917 662 1020 689 labora-

227 708 292 726 rem.
332 700 498 733 Quapropter
511 700 696 735 gratissimum
709 699 776 726 mihi
789 699 892 730 feceris.
908 700 931 726 si
943 709 1021 727 cura-

227 737 276 767 ris,
296 741 324 763 ut
340 737 363 762 is
379 736 524 771 intelligat,
543 746 584 763 nie
599 745 612 762 a
625 741 648 763 te
660 742 762 763 tantum
774 737 871 767 amari.
888 742 1019 772 quantum

227 774 284 808 ipse
300 774 435 800 existimo.
477 774 529 800 lloc
545 774 612 800 mihi
627 775 730 809 gratius
746 774 832 801 facere
848 774 915 801 nihil
932 779 1018 810 potes.

226 811 309 846 quue
320 816 350 837 ut
361 810 451 842 facias.
467 811 638 838 vehementer
649 816 672 838 te
685 820 757 848 rogo.

279 880 350 901 XLV.
365 880 382 901 Α
391 880 443 901 Ro.
463 880 552 905 Egnatii
563 888 648 901 sewum
659 884 681 901 et
691 880 779 906 negoti·
788 881 931 902 commendat.

293 917 379 937 'nnn-n,
390 921 409 935 υι
420 917 458 934 via·
467 921 502 936 tur.
513 918 591 934 (aru-rr
603 918 625 936 v.
636 919 720 936 Ani-...vo
730 925 776 936 mu.
788 921 833 936 7111,
844 922 873 935 »nt
886 919 954 938 ...μ-ι)

211 963 215 970 ·
238 958 273 984 M.
295 958 324 984 T.
346 957 375 984 C.
400 957 427 984 S.
449 958 478 984 P.
501 958 530 984 D.
551 958 717 985 AI‘I‘ULEIO
739 958 1006 990 PROOUAESTORI.

282 991 318 1021 L.
331 995 444 1029 Egnatio
458 1004 510 1021 uno
524 996 614 1030 equite
627 997 743 1023 Romano
755 995 796 1023 vel
810 996 1019 1023 familiarissime

226 1037 294 1059 utor.
335 1033 401 1058 Eius
412 1032 572 1059 Anchialum
585 1041 694 1060 servum
706 1035 875 1069 negotiaque.
891 1043 960 1069 quae
973 1035 1021 1061 ha-

226 1070 270 1096 bet
282 1071 309 1096 111
320 1070 395 1100 Asia,
413 1070 462 1096 tihi
473 1071 632 1097 commendo
644 1080 694 1097 non
708 1072 810 1097 minore
821 1071 924 1102 studio.
938 1081 1019 1107 quam

225 1107 249 1133 si
260 1116 315 1133 rem
328 1116 414 1133 meam
425 1108 651 1134 commendarem.
682 1108 725 1134 Sic
736 1109 808 1135 enim
819 1109 959 1135 existimes
976 1118 1021 1135 ve-

227 1144 273 1170 lim
282 1165 288 1175 ,
301 1145 368 1170 1111111
380 1153 442 1170 cum
453 1153 484 1171 eo
496 1154 547 1171 non
559 1145 637 1172 modo
648 1145 833 1180 quotidianam
845 1146 1021 1173 consuetudi-

227 1190 287 1207 nem
306 1190 440 1208 summam
458 1182 634 1214 intercedere,
657 1183 704 1209 sed
720 1184 799 1209 etiam
815 1182 902 1209 officia
923 1192 1020 1219 magna

225 1223 251 1245 et
265 1223 357 1245 mutua
375 1218 483 1255 [nostra]
501 1220 569 1246 inter
580 1229 627 1246 nos
638 1229 707 1247 esse.
747 1220 928 1252 Quamobrem
939 1222 1020 1247 etiam

225 1261 304 1291 atque
320 1257 400 1282 etiam
416 1265 429 1282 a
446 1261 469 1282 te
486 1261 560 1291 peto,
577 1262 606 1283 ut
621 1266 713 1288 cures,
730 1257 915 1293 utintelligat=
934 1267 976 1284 me
987 1258 1020 1285 ad

226 1298 250 1320 te
265 1294 330 1319 satis
345 1293 490 1329 diligenter
504 1295 656 1329 scripsisse.
697 1295 764 1321 Nam
781 1295 814 1321 de
830 1300 875 1321 tua
894 1304 956 1331 erga
978 1304 1020 1322 me

225 1330 361 1357 voluntate
373 1339 424 1357 non
436 1330 586 1358 dubitabat.
626 1331 655 1358 Id
668 1337 697 1359 ut
708 1331 800 1364 facias,
813 1337 837 1359 te
849 1333 929 1359 etiam
940 1338 1020 1368 atque

224 1368 304 1394 etiam
315 1376 388 1404 rogo.

276 1437 358 1458 XLVI.
373 1438 450 1459 ΑΚΘ.
469 1438 572 1460 Nostium
583 1438 709 1459 coheredem
720 1439 863 1460 commendat.

407 1476 453 1492 'Si-r.
465 1476 530 1492 eri-Isiu
541 1479 632 1497 tempure.
643 1482 679 1497 qum
689 1482 719 1498 cp.
731 1476 832 1498 superior.)

252 1518 286 1544 M.
302 1518 332 1544 T.
348 1517 378 1545 C.
400 1517 428 1545 S.
443 1519 473 1545 P.
489 1519 520 1545 D.
535 1518 701 1545 APPULEIO
718 1518 987 1552 PROQUAESTORI.

277 1551 314 1581 L.
329 1556 438 1582 Nostius
450 1555 540 1582 Zoilus
554 1560 595 1582 est
609 1556 721 1582 coheres
732 1565 822 1588 meus,
840 1556 919 1583 heres
929 1562 1018 1583 autem

223 1593 328 1626 patroni
339 1593 393 1619 sui.
432 1593 470 1619 Ea
481 1602 508 1619 re
520 1598 665 1628 utrumque
676 1594 788 1628 scripsi,
801 1598 830 1620 ut
840 1598 866 1620 et
876 1594 944 1620 mibi
956 1603 1018 1621 cum

224 1629 271 1656 illo
286 1638 410 1656 caussam
425 1631 559 1657 amicitiae
575 1631 658 1657 scires
672 1639 745 1662 esse.
763 1635 790 1657 et
804 1630 941 1657 hominem
956 1640 1019 1666 pro-

223 1666 289 1693 bum
304 1668 487 1699 existimares,
505 1668 553 1703 qui
568 1668 673 1702 patroni
691 1667 793 1694 iudicio
808 1673 917 1695 ornatus
937 1673 1016 1695 esset.

223 1704 293 1730 Eum
304 1704 353 1730 tibi
364 1705 448 1740 igitur
458 1706 498 1731 sic
508 1705 676 1735 commendo,
689 1709 719 1731 ut
729 1713 814 1731 unum
825 1714 860 1732 ex
870 1710 958 1732 nostra
971 1706 1019 1733 do-

223 1749 277 1767 mo.
311 1741 394 1767 Valde
405 1743 473 1768 mihi
484 1747 590 1778 gratum
602 1743 661 1773 erit,
674 1743 698 1768 si
708 1743 821 1773 curaris,
834 1747 863 1769 ut
874 1743 1015 1778 intelligat,

223 1777 293 1805 hanc
307 1779 566 1806 commendationem
581 1779 635 1806 sibi
646 1779 718 1815 apud
731 1784 756 1806 te
767 1787 864 1816 magno
875 1780 1019 1808 adiumen—

223 1820 249 1842 to
260 1815 355 1842 fuisse.

277 1885 369 1906 xlxn.
385 1885 461 1906 ARG.
477 1886 603 1911 Egnatium.
614 1893 747 1906 con-munem
758 1885 863 1911 amicum,
874 1887 1016 1908 commendat.

420 1924 468 1943 (si-s.
480 1924 545 1939 mule-n
556 1925 652 1944 tempore,
661 1929 698 1946 quo
708 1929 738 1946 ep.
749 1923 822 1943 XLV.)

404 1965 440 1991 M.
462 1965 493 1991 T.
515 1965 544 1992 C.
566 1965 593 1991 S.
615 1965 644 1991 P.
666 1966 696 1991 D.
719 1965 834 1993 SILIO.

278 1996 356 2033 Quid
368 2010 418 2038 ego
429 2002 478 2028 tibi
489 2003 675 2029 commendem
687 2011 759 2034 eum,
772 2011 853 2038 quem
865 2008 893 2030 tu
906 2004 964 2039 ipse
975 2004 1018 2031 di-

223 2038 304 2074 ligis‘?
324 2038 376 2065 Sed
392 2044 493 2071 tamen,
512 2044 541 2066 ut
551 2040 647 2071 scires,
665 2049 726 2066 eum
741 2049 755 2066 a
766 2049 808 2066 me
819 2050 871 2067 non
883 2041 962 2077 diligi
973 2051 1019 2068 so-

223 2075 293 2107 111111,
310 2085 404 2102 verum
415 2077 495 2103 etiam
507 2077 604 2107 amari,
621 2077 656 2103 ob
670 2086 729 2104 eam
741 2086 796 2104 rem
808 2078 859 2104 tibi
870 2078 935 2105 haec
949 2080 1018 2105 scri-

222 2113 266 2140 bo.
306 2112 435 2140 Omnium
451 2119 558 2140 tuorum
573 2114 737 2146 officiorum,
758 2123 827 2150 quae
848 2120 873 2142 et
888 2116 973 2142 multa
992 2121 1018 2143 et

222 2159 318 2186 magna
333 2155 409 2182 sunt,
426 2151 494 2177 mihi
504 2152 690 2187 gratissimum
701 2151 795 2182 fuerit.
813 2153 836 2179 si
850 2153 884 2179 ita
896 2154 1017 2180 tractaris
1039 2169 1041 2175 ι

221 2187 380 2223 Egnatium,
398 2193 427 2215 ut
441 2189 551 2220 sentiat,
567 2194 593 2215 et
607 2198 636 2215 se
652 2198 666 2215 a
681 2198 737 2220 me,
754 2194 780 2216 et
795 2198 838 2216 me
853 2199 868 2217 a
882 2195 906 2217 te
920 2191 1015 2218 amari.

221 2225 275 2251 Hoc
290 2230 314 2252 te
326 2225 498 2252 vehementer
512 2226 593 2253 etiam
607 2231 686 2261 atque
703 2227 781 2253 etiam
797 2236 870 2263 rogo.
910 2228 957 2255 1113
968 2237 1018 2255 no-

221 2266 274 2289 stra
289 2261 393 2289 scilicet
407 2263 571 2290 ceciderunt.
611 2264 723 2290 Utamur
738 2265 822 2300 igitur
835 2264 942 2301 vulgari
952 2274 1017 2292 con—

221 2298 360 2326 solatione.
382 2299 462 2332 Quid,
476 2302 500 2327 si
511 2301 609 2327 melius
621 2301 690 2328 hoc‘?
710 2301 763 2328 Sed
774 2301 840 2328 haec
850 2311 950 2329 coram.
975 2303 1016 2329 Tu

222 2335 276 2368 fac,
290 2336 363 2372 quod
374 2336 440 2364 facis
448 2358 454 2369 ,
472 2342 502 2364 ut
512 2347 554 2364 me
565 2347 652 2369 ames,
669 2343 748 2373 teque
760 2340 844 2365 amari
854 2349 869 2366 a
880 2348 922 2366 me
933 2340 1014 2366 scias.

275 2405 380 2427 XLvnt.
399 2406 476 2427 ARG.
496 2407 592 2428 Ciliciae
611 2407 724 2434 quaesturi
743 2415 818 2428 omnes
837 2408 934 2436 Cyprios
952 2411 975 2429 et
990 2408 1015 2429 in

221 2439 299 2465 primis
310 2441 408 2467 Paphios
418 2443 560 2462 cunimendnt.
576 2444 663 2464 (Caesare
673 2444 719 2462 diet.
730 2444 807 2466 cateno.
817 2445 893 2463 Vatinio
902 2452 948 2463 coss.
960 2447 1015 2465 707.)

222 2483 258 2509 M.
279 2484 310 2510 Τ.
331 2484 361 2511 C.
382 2485 410 2512 S.
430 2486 460 2513 P.
481 2487 512 2513 D.
534 2486 561 2514 C.
581 2486 739 2514 SEXTILIO
759 2487 849 2514 RUFO
868 2487 1012 2520 QUAEST.

278 2515 385 2548 Omnes
400 2523 450 2549 tibi
464 2523 623 2550 commendo
643 2524 769 2560 Cyprios,
791 2524 840 2550 sed
863 2526 950 2561 magis
964 2526 1016 2552 Pa-

221 2556 314 2591 phios:
327 2558 428 2592 quibus
440 2564 467 2585 tu
478 2569 665 2596 quaecumque
676 2561 864 2593 commodaris,
872 2567 951 2588 erunt
961 2562 1015 2588 mi-

222 2593 251 2620 hi
261 2594 424 2629 gratissima.
445 2597 537 2631 quue,
548 2597 616 2624 facio
627 2597 770 2629 libentius,
783 2603 814 2624 ut
823 2607 868 2625 eos
880 2599 929 2625 tibi
940 2607 1014 2626 com-

222 2630 360 2663 mendem,
376 2632 448 2667 quod
463 2638 489 2659 et
503 2638 563 2660 tuae
579 2634 666 2666 laudi,
689 2635 768 2662 cuius
783 2643 833 2671 ego
844 2635 930 2663 fautor
940 2645 1012 2668 sum,

1049 180 1051 184 '
1070 179 1219 206 conduc-ere
1240 180 1367 211 arbitror.
1389 190 1474 216 quum
1495 183 1599 218 primus
1621 184 1646 210 in
1667 192 1726 210 eam
1746 183 1864 211 insutum

1050 230 1051 234 =
1070 222 1196 252 quaestor
1208 218 1322 247 veneris.
1331 227 1360 243 ea
1373 223 1396 244 te
1409 219 1634 255 inminereque
1645 226 1792 256 sequantur
1802 220 1861 247 alii:

1071 262 1154 288 quae,
1173 259 1200 280 ut
1211 263 1301 289 spero.
1321 254 1427 281 facilius
1440 264 1617 292 consequere,
1634 259 1657 284 si
1669 263 1694 284 et
1706 258 1733 284 P.
1747 257 1863 287 Lentuli.

1073 292 1217 317 necessarii
1238 292 1290 321 tui.
1315 291 1415 326 legem,
1437 298 1463 319 et
1481 302 1526 324 ea,
1547 302 1616 329 quae
1629 303 1643 320 a
1660 303 1701 320 me
1721 295 1863 322 constituta

1072 333 1143 391 sung.
1157 329 1235 391 {equi
1247 328 1375 355 volueris.
1414 329 1500 362 Quam
1512 339 1567 357 rem
1580 331 1743 359 11111001111110
1754 341 1865 367 magnae

1074 365 1115 391 lau
1139 365 1146 391 i
1169 374 1223 392 ore.

1126 434 1209 455 xhtx.
1230 435 1246 455 Α
1255 435 1306 455 RG.
1323 435 1464 455 cni-menda
1475 439 1499 461 Q.
1511 436 1646 463 Pompeium.
1679 439 1743 460 (Auno
1752 439 1780 458 δικ
1794 445 1840 461 riu.)

1187 470 1330 497 CICERO
1351 471 1379 498 S.
1402 472 1430 498 P.
1451 472 1482 498 D.
1504 472 1622 499 CURIO
1635 472 1744 501 Pnoc.

1129 502 1168 540 Q.
1181 508 1333 543 Pompeius.
1342 509 1414 536 Sext.
1429 510 1457 536 F.
1474 509 1567 536 multis
1578 515 1604 536 et
1614 510 1751 537 veteribus
1761 513 1865 539 caussis

1072 545 1281 572 necessitudinis
1293 546 1361 572 mihi
1371 547 1532 573 coniunctus
1543 552 1593 573 est.
1634 548 1671 578 Is.
1688 556 1774 583 quum
1789 554 1864 575 antea

1072 584 1140 608 meis
1154 583 1434 610 commendationibus
1449 589 1475 610 et
1487 593 1542 610 rem
1554 589 1580 610 et
1589 585 1702 620 gratiam
1713 590 1739 612 et
1749 587 1865 613 auctori-

1049 623 1051 639 ·’
1072 625 1151 646 tatem
1162 629 1238 646 suam
1251 622 1319 647 tueri
1329 622 1478 651 consuerit.
1497 630 1567 648 nunc
1578 621 1703 656 profecto.
1720 627 1745 649 te
1756 624 1866 657 provin·

1071 658 1140 684 ciam
1151 657 1298 688 obtinente,
1313 659 1380 684 meis
1393 658 1487 684 litteris
1501 659 1708 694 assequidebet.
1723 664 1751 686 ut
1763 661 1864 687 nemini

1071 703 1100 720 se
1112 694 1243 730 intelligat
1253 695 1506 722 commendatiorem
1518 704 1648 731 umquam
1655 696 1750 723 tuisse.
1764 696 1866 729 Quam-

1049 731 1051 735 “
1071 732 1163 758 obrem
1176 741 1189 757 a
1202 737 1225 758 te
1238 733 1364 759 maiorem
1378 734 1404 759 in
1416 733 1526 759 modum
1538 739 1608 768 peto,
1622 739 1659 764 111,
1675 742 1760 768 quum
1771 743 1865 761 omnes

1072 778 1145 795 meos
1157 778 1241 804 aeque
1252 779 1282 796 ac
1293 775 1352 796 tuos
1362 770 1515 801 observare,
1529 779 1576 805 pro
1588 776 1675 797 nostra
1687 771 1866 798 necessitudi-

1072 815 1114 837 ne,
1127 806 1236 837 debeas,
1246 807 1316 833 hunc
1329 808 1355 834 in
1368 808 1463 842 primis
1476 809 1510 834 ita
1523 809 1549 834 in
1562 813 1634 834 tuam
1647 808 1727 834 fidem
1738 809 1864 843 recipias.

1072 848 1101 870 ut
1113 844 1170 879 ipse
1180 844 1325 880 intelligat,
1343 845 1445 871 nullam
1458 853 1512 870 rem
1524 845 1577 871 51111
1590 845 1683 871 maiori
1696 846 1757 872 usui
1767 850 1813 872 aut
1822 854 1866 872 or-

1072 886 1209 912 namento,
1231 890 1314 917 quam
1325 890 1412 909 meam
1423 882 1681 909 commendationem
1691 891 1751 909 esse
1761 883 1865 918 potuis-

1071 927 1110 945 se.
1150 918 1223 945 Vale.

1123 992 1148 1014 L.
1165 992 1242 1014 Atio.
1258 993 1399 1015 Commendat
1409 994 1445 1015 Μ’.
1457 993 1555 1018 Curium.
1567 993 1641 1015 Patris
1651 993 1807 1020 negotiantem.

1209 1033 1256 1051 (w.
1268 1038 1316 1048 n...u
1327 1032 1364 1048 rm.
1377 1034 1420 1049 τιη,
1433 1039 1445 1047 ..
1458 1032 1490 1048 c..
1499 1038 1533 1047 m.
1548 1032 1728 1051 1·,,1..ι,,,.,..σ,..)

1204 1075 1240 1101 Μ.
1262 1075 1292 1100 Τ.
1315 1074 1344 1101 C.
1365 1074 1393 1101 S.
1417 1075 1447 1100 D.
1469 1073 1598 1101 AUCTO
1623 1073 1730 1101 PROC.

1130 1113 1152 1138 l.
1173 1106 1288 1146 Sumpsi
1301 1111 1350 1138 hoc
1363 1111 1444 1142 mihi,
1462 1120 1509 1146 pro
1525 1117 1568 1137 tua
1586 1112 1611 1137 in
1628 1120 1670 1137 me
1684 1111 1864 1144 observantia,

1071 1157 1153 1184 quam
1169 1150 1277 1184 penitus
1293 1149 1433 1183 perspexi,
1453 1148 1583 1183 quamdiu
1599 1148 1737 1175 Brundisii
1752 1148 1864 1180 fuimus.

1073 1191 1102 1212 ut
1114 1186 1147 1212 ad
1163 1191 1187 1213 te
1202 1185 1371 1212 familiariter
1380 1191 1406 1212 et
1416 1186 1494 1221 quasi
1507 1194 1554 1220 pro
1566 1194 1625 1212 meo
1637 1186 1694 1212 iure
1706 1186 1864 1217 scriberem.

1072 1224 1096 1249 si
1107 1232 1176 1258 quae
1188 1232 1230 1250 res
1241 1228 1321 1254 esset,
1329 1223 1363 1249 de
1373 1231 1427 1258 qua
1438 1223 1516 1249 valde
1529 1223 1688 1250 laborarem.
1705 1223 1863 1254 M'.Curius.

1072 1262 1120 1296 qui
1131 1260 1216 1287 Patris
1227 1261 1392 1296 negotiatur,
1409 1261 1444 1287 ita
1455 1260 1523 1287 mihi
1534 1260 1676 1287 familiaris
1687 1265 1740 1292 est,
1757 1260 1865 1288 1111111111

1072 1299 1157 1333 possit
1170 1306 1229 1324 esse
1244 1298 1425 1324 coniunctius.
1465 1297 1548 1324 Multa
1568 1298 1642 1324 illius
1662 1298 1689 1324 in
1704 1306 1747 1324 me
1766 1297 1864 1330 officia,

1073 1335 1157 1362 multa
1168 1336 1195 1362 in
1206 1335 1284 1362 illum
1296 1343 1368 1368 mea;
1381 1334 1509 1370 quodque
1520 1335 1669 1362 maximum
1679 1340 1728 1366 est,
1741 1344 1866 1362 summus

1073 1373 1142 1399 inter
1152 1381 1201 1400 1105
1212 1381 1286 1400 amor
1295 1377 1322 1399 et
1332 1377 1453 1399 mutuus,
1493 1374 1518 1399 Ξ.
1533 1372 1607 1405 Quae
1617 1380 1702 1407 quum
1714 1373 1750 1399 ita
1761 1373 1828 1406 sint;
1841 1373 1866 1399 si
1911 1380 1922 1404 ζ’

1072 1409 1155 1436 11113111
1167 1411 1195 1436 111
1205 1410 1323 1437 amicitia
1334 1418 1392 1436 mea
1403 1418 1480 1445 spem
1492 1409 1589 1436 habes:
1606 1410 1630 1436 si
1640 1418 1669 1436 ea
1678 1430 1684 1440 ,
1700 1418 1769 1445 quae
1781 1410 1809 1436 in
1823 1418 1866 1437 me

1071 1447 1160 1474 officia
1175 1452 1201 1474 et
1215 1447 1304 1474 studia
1319 1447 1457 1474 Brundisii
1472 1446 1623 1478 contulisti,
1643 1447 1686 1473 vis
1702 1447 1770 1473 mibi
1785 1447 1865 1474 etiam

1071 1485 1186 1521 gratiora
1203 1484 1322 1518 efficere3
1338 1492 1505 1520 quamquam
1520 1489 1584 1511 sunt
1598 1485 1765 1520 gratissima:
1782 1485 1806 1511 si
1823 1492 1866 1511 me

1071 1531 1085 1549 a
1097 1523 1150 1549 tuis
1161 1521 1290 1549 omnibus
1301 1522 1385 1548 amari
1396 1522 1486 1548 vides:
1504 1521 1554 1548 hoc
1566 1522 1634 1548 mihi
1645 1521 1678 1547 da
1689 1526 1769 1557 atque
1784 1520 1866 1558 largi-

1071 1567 1108 1591 re,
1121 1564 1151 1586 ut
1160 1559 1324 1586 ntuentium
1334 1564 1436 1586 sartum
1447 1564 1472 1586 et
1483 1564 1592 1590 tectum,
1600 1563 1630 1585 ut
1639 1559 1722 1589 3111111,
1735 1558 1769 1585 311
1777 1559 1866 1585 0111111-

1070 1605 1124 1632 que
1135 1596 1318 1628 incommodo.
1335 1596 1504 1627 detrimento.
1517 1595 1638 1622 molestia
1649 1596 1785 1622 sincerum
1797 1596 1866 1623 inte-

1069 1642 1204 1669 grumque
1215 1642 1368 1660 conserves.
1409 1634 1442 1660 Et
1457 1634 1515 1668 ipse
1526 1633 1658 1668 spondeo,
1676 1637 1701 1659 et
1711 1641 1804 1659 omnes
1815 1633 1866 1660 hoc

1071 1671 1120 1697 tibi
1133 1672 1171 1698 tui
1182 1680 1230 1706 pro
1242 1679 1284 1697 me
1295 1671 1440 1706 recipient,
1457 1679 1491 1697 ex
1502 1679 1561 1696 mea
1572 1670 1690 1696 amicitia
1700 1674 1726 1696 et
1736 1678 1770 1696 ex
1780 1675 1826 1697 tuo
1837 1671 1865 1697 in

1071 1717 1112 1734 me
1128 1708 1217 1735 officio
1233 1709 1383 1734 maximum
1399 1713 1424 1734 te
1439 1707 1556 1735 fructum
1576 1715 1766 1742 summamque
1787 1707 1865 1734 volu-

1069 1750 1169 1781 ptatem
1180 1754 1239 1773 esse
1248 1750 1400 1781 capturum.

1124 1825 1160 1846 LI.
1179 1824 1222 1846 AR
1229 1825 1256 1845 G.
1271 1823 1405 1845 Meuienum
1415 1823 1557 1844 commendat.

1217 1862 1264 1884 (Ser.
1276 1867 1324 1879 nunu
1335 1861 1373 1879 fere
1384 1863 1429 1879 703.
1441 1861 1518 1878 cam«
1527 1860 1562 1877 III.
1572 1859 1647 1883 Lepido
1656 1859 1713 1881 mu.)

1232 1905 1268 1931 M.
1290 1905 1320 1930 Τ.
1341 1904 1372 1931 C.
1394 1903 1422 1930 S.
1444 1903 1474 1930 D.
1495 1903 1525 1930 P.
1546 1902 1700 1930 CAESIO.

1125 1938 1159 1969 P.
1172 1942 1350 1972 Messienum,
1368 1942 1486 1976 equitem
1496 1940 1662 1971 Romanum,
1679 1941 1806 1968 omnibus
1821 1951 1864 1968 re—

1069 1979 1121 2006 bus
1131 1984 1254 2006 ornatum
1267 1987 1412 2014 meumque
1423 1977 1646 2013 perfamiliarem,
1663 1978 1712 2004 tibi
1726 1987 1864 2006 commen-

1069 2017 1102 2044 do
1117 2026 1147 2043 ea
1162 2016 1408 2047 commendatione,
1427 2024 1496 2050 quae
1511 2020 1598 2050 potest
1612 2023 1671 2041 esse
1684 2015 1864 2052 diligentissi-

1069 2063 1122 2081 ma.
1152 2055 1213 2081 Peto
1224 2062 1239 2080 a
1250 2058 1274 2080 te
1285 2059 1311 2080 et
1322 2062 1370 2088 pro
1381 2057 1469 2079 nostra
1481 2057 1506 2079 et
1519 2061 1567 2087 pro
1578 2057 1687 2088 paterna
1698 2054 1825 2084 amicitia.
1833 2059 1864 2081 111
1905 2079 1911 2086 ,

1068 2100 1131 2118 eum
1147 2092 1174 2118 in
1190 2096 1263 2118 tuam
1279 2090 1359 2117 fidem
1374 2091 1490 2125 recipias
1505 2091 1619 2124 eiusque
1635 2098 1690 2116 rem
1710 2089 1863 2126 famamque

1068 2134 1168 2156 tueare..
1207 2128 1303 2155 Virum
1319 2127 1421 2154 bonum
1439 2132 1538 2162 tuaque
1553 2127 1671 2153 amicitia
1686 2126 1801 2163 dignum
1812 2127 1862 2155 tibi
1902 2130 1912 2154 ἕ

1067 2166 1226 2193 adiunxeris
1237 2165 1362 2201 mihique
1372 2165 1559 2201 gratissimum
1570 2163 1675 2190 feceris.

1120 2252 1168 2273 LII.
1180 2252 1257 2272 ΑΚΘ.
1268 2251 1379 2272 Licinium
1390 2250 1542 2275 Aristotelem,
1553 2250 1662 2278 bospite-
1672 2257 1744 2276 sunm,
1753 2257 1861 2272 eon-u—

1067 2287 1112 2307 dat.
1144 2290 1193 2311 (Se.
1205 2295 1253 2306 anuo
1264 2288 1302 2306 t'ere
1314 2291 1358 2306 709.
1369 2288 1448 2306 eamne
1458 2288 1490 2305 lv.
1500 2294 1537 2305 cos.
1548 2287 1586 2304 nine
1596 2287 1651 2308 coll.)

1277 2330 1421 2358 CICERO
1441 2330 1470 2357 S.
1491 2330 1522 2357 D.
1544 2329 1649 2357 REGI.

1121 2371 1160 2403 A.
1177 2376 1299 2403 Licinius
1315 2375 1470 2403 Aristoteles
1483 2375 1632 2402 Melitensis
1651 2375 1860 2410 antiquissimus
1895 2404 1898 2412 ¹

1066 2419 1107 2441 est
1117 2413 1216 2449 hospes
1228 2422 1319 2445 meus,
1336 2418 1363 2440 et
1377 2418 1512 2449 praeterea
1527 2413 1688 2439 coniunctus
1699 2421 1796 2448 magno
1807 2421 1859 2439 usu
1896 2430 1898 2435 »

1066 2450 1267 2477 familiaritatis.
1307 2451 1377 2477 Haec
1387 2458 1473 2486 quum
1483 2451 1520 2476 ita
1530 2450 1598 2481 51111,
1611 2458 1664 2476 11011
1675 2449 1779 2480 dubito,
1791 2450 1859 2485 quin

1065 2489 1116 2515 tibi
1126 2489 1192 2515 satis
1202 2488 1406 2515 commendatus
1416 2488 1461 2514 sit.
1493 2487 1600 2513 Etenim
1612 2495 1647 2514 ex
1657 2486 1750 2513 multis
1760 2495 1857 2522 cogno-

1065 2534 1124 2557 sco,
1137 2533 1226 2551 meam
1235 2525 1495 2552 commendationem
1506 2523 1656 2559 plurimum
1666 2523 1739 2558 apud
1749 2528 1774 2550 te
1785 2523 1852 2550 vale·
1891 2535 1897 2553 ,-

1043 2562 1045 2579 ¹
1064 2571 1103 2589 re.
1141 2563 1219 2589 1111110
1239 2571 1288 2598 ego
1307 2571 1322 2589 a
1337 2562 1449 2589 Caesare
1470 2560 1593 2588 liberavi.
1633 2561 1771 2596 Frequens
1785 2561 1857 2587 enim

1043 2596 1044 2599 ’
1065 2599 1152 2626 fuerat
1165 2600 1322 2632 nobiscum;
1343 2604 1421 2634 atque
1436 2598 1517 2625 etiam
1531 2598 1636 2625 diutius
1654 2599 1683 2625 in
1697 2606 1792 2624 caussa
1807 2603 1856 2629 ost,

1042 2652 1044 2667 ;
1064 2645 1147 2672 quam
1161 2645 1224 2668 nos,
1240 2641 1434 2664 commoratus:
1455 2644 1510 2671 quo
1526 2635 1625 2662 melius
1636 2640 1661 2662 te
1674 2635 1708 2662 de
1719 2643 1751 2662 eo
1763 2635 1859 2662 existi-
