1941 3052
249 149 296 173 imo
817 145 858 169 tit.
894 143 927 169 M.
963 143 992 169 T.

249 223 298 246 tnta
312 217 382 244 ltalia
396 216 557 251 frequentior
568 216 620 241 dlci
633 215 724 249 possit..
751 214 835 246 Qunm
847 214 957 248 quidem
971 221 1040 239 nunc

249 255 447 283 nuiltitudinem
471 254 578 282 vidctis,
603 253 718 281 iudices,
739 252 764 277 in
787 251 909 285 nqunlorc
925 255 949 275 ct
967 250 1039 276 luctu

247 293 396 328 supplicem
419 291 503 317 vobis.
545 290 574 315 lli
593 294 628 315 tot
643 289 746 322 equites
758 288 877 318 Romani,
893 292 928 313 tot
940 288 1039 314 tribuni

247 331 338 357 aerarii
360 330 430 363 (nam
448 327 552 362 plu-luem
569 336 581 351 n
599 326 697 352 iudicio
717 325 880 354 dimisimus.
893 333 962 359 quae
973 334 1040 351 cun-

246 374 285 393 vin
306 367 420 392 comitiis
436 364 541 398 adsuit.)
556 364 621 398 quid
635 363 744 392 roboris,
761 362 827 397 quid
839 362 977 397 dignitatis
990 362 1041 388 bu-

248 406 289 431 ius
311 403 429 439 petitioni
451 400 614 427 attulerunt?
643 401 699 426 Non
715 399 786 425 enim
806 400 905 425 tribum
922 399 1040 425 Terenti-

248 451 316 470 num,
330 441 362 466 dc
373 448 424 474 quu
440 439 524 464 dicam
537 437 588 463 ulio
601 438 663 467 loco,
677 436 723 462 sed
735 437 902 471 dignitatem,
918 436 964 463 sed
975 445 1040 463 ocu·
1060 448 1062 471 ζ

248 479 331 504 lorum
353 477 515 506 coniectum,
539 475 585 500 scd
607 474 719 500 solidum
739 479 765 500 et
781 474 916 500 robustam
933 479 959 500 ct
972 475 1040 500 assi·
1060 475 1061 499 1

245 516 324 541 duum
338 514 513 548 frequentiam
526 512 713 547 praebuerunt.

300 552 344 578 tx.
362 553 404 578 22.
423 551 475 576 [ain
491 554 579 576 nostra
595 549 742 584 municipia
758 549 944 575 coniunctione
959 549 1038 575 etiam

247 589 389 615 vicinitatis
405 588 575 614 vehomenter
591 591 740 613 moventur.
781 586 884 616 Omnia,
900 594 970 621 quae
980 586 1039 612 dico

244 627 276 652 de
289 626 402 656 Plancio,
417 625 476 651 «lico
486 629 612 659 expertus
624 625 650 650 in
664 623 750 650 nobis.
782 624 884 649 Sumus
895 623 966 650 enim
979 624 1040 650 lini-

245 664 301 690 timi
313 663 475 689 Atinatibus.

243 701 347 731 vinitas,
370 700 487 726 retinens
499 705 613 726 veterem
627 698 703 725 illum
715 698 795 724 officii
808 706 918 728 morem,
935 706 986 725 non
997 699 1040 724 in-

244 738 344 764 fuscata
366 737 560 767 malevolentia,
579 744 629 763 non
646 740 750 762 assueta
762 735 918 765 mendaciis,
933 744 984 762 non
996 735 1040 761 su-

243 780 308 805 cata,
327 783 378 801 non
395 774 484 805 fallax,
503 782 554 800 non
569 774 672 800 erudita
683 772 794 799 artificio
804 773 984 799 simulationis
996 772 1037 799 vel

242 813 411 843 suburbano,
434 811 475 838 vel
497 812 575 838 etiam
596 811 707 837 urbano.
749 811 832 836 Nemo
852 811 966 845 Arpinas
986 819 1037 836 non

243 850 349 876 Plancio
369 849 481 879 studuit,
501 856 579 875 nemo
594 848 721 878 Soranus.
740 856 817 874 nemo
828 847 946 878 Casinas,
961 856 1038 873 nemo
1059 862 1061 872 t

242 887 373 923 Aquinas.
413 887 496 912 Totus
517 886 562 912 ille
578 889 676 912 tractus
691 884 895 916 celeberrimus,
914 884 1038 911 Venafra-

244 933 304 954 nus,
318 924 460 954 Allifanus,
474 927 525 949 tota
537 923 653 957 denique
665 926 751 949 nostra
764 921 951 956 illaaspera,et
962 931 1039 948 mon-

212 966 216 972 '
242 967 326 992 tuosa,
349 966 374 988 et
391 960 485 991 tidelis,
501 965 527 987 et
537 960 662 995 simplex,
680 964 705 986 ct
721 959 820 985 fautrix
831 967 941 986 suorum
953 960 1035 995 regio,

242 1008 271 1025 se
282 999 364 1025 liuius
381 999 478 1025 bonore
488 998 584 1028 ornari,
597 1006 626 1024 se
637 997 727 1033 augeri
739 996 878 1032 dignitate,
892 996 1038 1023 arbitraba-

242 1041 298 1063 tur:
321 1036 472 1070 iisdemque
488 1044 559 1062 nunc
570 1044 583 1061 a
595 1034 750 1069 municipiis
762 1034 859 1060 adsunt
871 1035 974 1069 equites
986 1034 1038 1060 Ro-

242 1074 312 1100 mani
320 1073 427 1109 publice
438 1077 535 1100 etcum
549 1072 687 1108 legationis
699 1071 863 1098 testimonio:
877 1080 925 1097 nec
936 1072 1037 1097 minore

242 1120 313 1137 nunc
324 1115 387 1137 sunt
397 1110 588 1139 sollicitudine.
599 1118 680 1144 quam
693 1113 749 1135 tum
761 1112 835 1135 erant
845 1108 944 1135 studio.
976 1109 1038 1135 Ete-

242 1149 297 1175 nim
319 1153 358 1175 est
373 1148 491 1184 gravius,
510 1147 618 1182 spoliari
635 1146 761 1177 fortunis,
780 1154 860 1180 quam
878 1154 929 1172 non
945 1146 1035 1181 augeri

240 1186 379 1222 dignitate.
410 1187 452 1212 ⁶23.
474 1186 544 1220 Ergo
559 1189 588 1210 ut
599 1183 648 1210 alia
659 1184 687 1210 in
699 1188 723 1210 te
734 1187 807 1209 erant
819 1183 972 1213 illustriora,
988 1184 1037 1209 La-

241 1224 366 1253 terensis,
389 1231 458 1258 quae
478 1223 527 1249 tibi
548 1222 661 1248 maiores
681 1220 720 1247 tui
741 1220 916 1255 reliquerant:
952 1221 991 1246 sic
1013 1224 1036 1246 te

240 1260 364 1287 Plancius
380 1260 428 1286 hoc
444 1268 495 1286 non
507 1259 595 1286 solum
610 1258 760 1293 municipii,
773 1266 867 1284 verum
879 1258 958 1284 etiam
970 1258 1037 1284 vici-

241 1299 330 1324 nitatis
351 1305 449 1333 genere
469 1296 601 1323 vincebat.
652 1296 709 1322 Nisi
726 1295 791 1322 t'orte
807 1300 831 1321 te
846 1295 975 1321 Labicana
991 1299 1037 1321 ant

239 1336 343 1362 Gabina
363 1339 408 1362 aut
425 1334 561 1361 Bovillana
585 1333 707 1360 vicinitas
722 1332 879 1359 adiuvabat:
906 1333 1006 1367 quibus
1022 1340 1036 1358 e

239 1373 394 1407 municipiis
414 1372 460 1398 vix
474 1372 537 1402 iam,
550 1371 598 1406 qui
614 1378 719 1397 carnem
736 1370 836 1396 Latinis
849 1373 946 1404 petant,
960 1377 1036 1404 repe-

239 1411 354 1437 riuntur.

237 1448 332 1475 obesse
352 1451 443 1482 putas,
467 1450 568 1481 patrem
584 1445 773 1480 publicanum:
795 1444 843 1479 qui
857 1443 922 1471 ordo
935 1448 1036 1479 quanto

237 1485 392 1512 adiumento
402 1485 437 1510 sit
447 1484 475 1510 in
486 1483 594 1514 honore,
607 1483 669 1518 quis
681 1481 784 1508 nescit‘?
803 1481 863 1508 Flos
875 1482 946 1508 enim
958 1481 1036 1516 equi-

237 1528 294 1549 tum
306 1523 494 1552 Romanorum,
507 1524 692 1547 ornamentum
703 1519 828 1550 civitatis,
837 1519 1033 1545 firmamentum

237 1559 409 1595 reipublicae,
422 1558 628 1594 publicanorum
639 1557 731 1584 ordine
742 1557 902 1583 continetur.
917 1557 959 1583 24.
967 1555 1034 1588 Quis

236 1602 277 1624 est
295 1597 390 1633 igitur,
412 1596 460 1631 qui
475 1599 562 1632 neget,
580 1595 638 1621 eius
653 1593 755 1621 ordinis
770 1593 891 1620 studium
907 1593 991 1620 fuisse
1007 1593 1033 1619 in

236 1635 335 1661 honore
354 1634 455 1660 Plancii
475 1631 629 1669 singulare?
653 1640 741 1666 neque
762 1631 872 1661 iniuria:
896 1630 938 1657 vel
960 1630 1034 1666 quod

236 1677 292 1698 erat
307 1676 380 1707 pater
395 1671 427 1701 is,
441 1671 488 1705 qui
504 1674 544 1696 est
555 1670 680 1705 princeps
691 1669 745 1695 iam
756 1668 803 1694 diu
815 1667 1030 1703 publicanorum,

237 1709 278 1736 vel
299 1708 373 1744 quod
388 1709 411 1734 is
423 1708 455 1734 ab
467 1708 546 1734 sociis
557 1707 636 1733 unice
647 1705 819 1742 diligebatur,
833 1705 874 1731 vel
886 1705 958 1740 quod
971 1704 1034 1731 dili—

235 1746 394 1782 gentissime
405 1745 521 1781 rogabat,
535 1744 576 1771 vel
591 1743 664 1778 quod
674 1751 723 1778 pro
734 1742 789 1769 filio
799 1742 976 1777 supplicabat,
990 1741 1032 1768 vel
1062 1767 1063 1773 ,

235 1784 299 1819 quia
320 1783 401 1809 huius
426 1782 513 1816 ipsius
530 1782 559 1808 in
578 1781 656 1807 illum
677 1779 797 1807 ordinem
818 1788 924 1806 summa
946 1779 1033 1806 officia

235 1824 396 1856 quaesturae
407 1819 612 1853 tribunatusque
623 1817 792 1844 constabant:
815 1817 856 1843 vel
867 1816 940 1851 quod
951 1816 991 1843 illi
1005 1817 1032 1844 in

236 1858 285 1884 hoc
296 1857 413 1884 ornando
423 1856 542 1883 ordinem
555 1864 583 1882 se
594 1863 686 1882 ornare
697 1859 723 1881 et
732 1854 969 1881 consulereliberis
975 1855 1032 1880 suis

236 1895 442 1922 arbitrabantur.
481 1893 517 1919 X.
540 1892 651 1928 Aliquid
674 1896 820 1926 praeterea,
843 1891 946 1927 (timide
961 1891 1028 1922 dico,

235 1932 283 1959 sed
294 1937 382 1959 tamen
396 1930 540 1957 dicendum
551 1934 591 1956 est
600 1929 617 1965 :)
629 1938 679 1956 non
691 1929 763 1955 enim
774 1929 881 1964 opibus,
898 1938 950 1956 non
961 1929 1033 1955 invi-

234 1970 309 1996 diosa
320 1969 414 2005 gratia,
431 1976 483 1994 non
495 1968 610 2002 potentia
625 1967 670 1993 vix
681 1966 799 1996 ferenda,
812 1966 858 1993 sed
869 1974 1032 1993 commemo-

235 2008 336 2033 ratione
356 2005 487 2036 beneficii,
510 2004 558 2031 sed
574 2003 765 2034 misericordia,
783 2004 829 2029 sed
847 2004 971 2038 precibus
982 2003 1032 2030 ali-

235 2044 302 2079 quid
322 2042 461 2070 attulimus
477 2043 556 2068 etiam
578 2050 636 2068 nos.
677 2040 817 2076 Appellavi
837 2040 968 2075 populum
984 2042 1032 2067 tri-

234 2082 330 2112 butim,
352 2080 469 2107 submisi
484 2088 526 2106 me
542 2084 567 2105 et
581 2078 747 2113 supplicavi:
778 2077 849 2105 ultro
863 2078 1030 2105 mehercules

234 2127 263 2145 se
275 2118 341 2145 mihi
352 2118 431 2144 etiam
442 2116 590 2147 offerentes,
603 2116 673 2142 ultro
684 2115 839 2150 pollicentes
850 2116 952 2151 rogavi.
980 2116 1032 2142 Va-

235 2156 285 2182 luit
304 2163 399 2182 caussa
419 2154 539 2190 rogandi,
557 2162 609 2180 non
624 2154 717 2189 gratia.
748 2154 790 2179 25.
808 2153 870 2184 Nec,
886 2153 910 2178 si
922 2153 963 2179 vir
973 2161 1031 2180 am-

234 2193 383 2228 plissimuS,
396 2192 440 2219 cui
451 2191 518 2218 nihil
530 2196 577 2221 est.
590 2190 662 2226 quod
674 2191 777 2226 roganti
788 2189 897 2216 concedi
908 2198 961 2216 non
971 2191 1030 2216 iure

234 2231 327 2265 possit,
349 2229 382 2256 de
397 2229 495 2264 aliquo,
515 2233 544 2255 ut
559 2228 636 2259 dicis,
654 2236 706 2254 non
721 2228 883 2263 impetravit,
901 2235 952 2263 ego
967 2236 1029 2254 sum

233 2276 367 2304 arrogans,
389 2266 462 2302 quod
477 2274 520 2292 me
535 2265 654 2292 valuisse
668 2265 737 2291 dico.
778 2265 853 2292 Nam.
870 2269 898 2291 ut
909 2265 1029 2291 omittam

233 2305 311 2336 illud,
333 2304 406 2340 quod
426 2312 475 2339 ego
493 2312 540 2338 pro
556 2311 586 2330 eo
602 2302 767 2333 laborabam,
784 2303 832 2337 qui
852 2301 957 2328 valebat
971 2303 1029 2337 ipse

233 2351 280 2377 per
300 2350 367 2373 sese,
385 2342 486 2377 rogatio
500 2341 558 2375 ipsa
574 2348 680 2375 semper
694 2344 734 2366 est
744 2339 947 2375 gratiosissima,
959 2347 1029 2374 quae

232 2385 273 2406 est
292 2379 380 2406 officio
394 2378 602 2405 necessitudinis
617 2377 757 2404 coniuncta
768 2377 895 2403 maxime.
936 2377 1029 2411 Neque

233 2417 304 2443 enim
315 2424 364 2452 ego
375 2416 414 2442 sic
424 2415 560 2451 rogabam,
573 2419 604 2441 ut
612 2419 702 2449 petere
712 2413 826 2445 viderer,
839 2414 903 2449 quia
914 2413 1029 2440 familia·
1057 2440 1059 2447 ¹

233 2454 270 2479 ris
282 2458 352 2480 esset
367 2461 452 2484 meus,
465 2453 529 2488 quia
540 2452 656 2483 vicinus,
668 2451 731 2486 quia
744 2451 826 2477 huius
837 2455 946 2486 parente
957 2459 1029 2477 sem-

234 2498 280 2524 per
299 2490 446 2524 plurimum
467 2498 555 2516 essem
575 2497 656 2515 usus:
682 2488 739 2518 sed,
757 2492 787 2514 ut
800 2489 878 2523 quasi
889 2489 992 2523 parenti
1003 2492 1029 2514 et

233 2527 336 2552 custodi
352 2535 419 2558 meo,
437 2535 488 2553 non
504 2527 620 2561 potentia
637 2533 705 2556 mea,
719 2526 766 2552 sed
776 2533 872 2551 caussa
883 2525 1027 2561 rogationis

234 2563 285 2589 suit
299 2564 422 2598 gratiosa.
454 2564 537 2590 Nemo
549 2572 606 2590 mea
617 2563 784 2590 restitutione
796 2562 907 2588 laetatus
918 2567 967 2593 est,
980 2570 1028 2588 ne-

234 2607 278 2626 mo
298 2599 396 2626 iniuria
410 2600 504 2630 doluit,
522 2601 565 2627 cui
581 2609 633 2627 non
649 2599 732 2626 buius
747 2601 775 2626 in
789 2607 834 2625 me
844 2599 1026 2626 misericordia

233 2640 307 2672 grata
323 2636 411 2662 suerit.
441 2638 483 2663 26.
500 2638 615 2668 Etenim,
633 2637 656 2663 si
667 2641 727 2664 ante
741 2636 857 2663 reditum
873 2645 964 2662 meum
975 2636 1023 2663 Cn.

235 2673 340 2700 Plancio
351 2681 378 2700 sc
390 2673 471 2709 vulgo
482 2674 531 2700 viri
544 2674 615 2704 boni,
628 2682 714 2709 quum
725 2674 770 2701 hic
780 2673 945 2700 tribunatum
951 2678 1026 2708 pete-

516 661 658 688 Laudanda
670 665 717 692 est.
731 660 773 687 vel
785 662 863 687 etiam
876 660 988 687 amanda
999 661 1040 687 vi·

394 1409 560 1445 Adiungam,
578 1408 601 1435 si
616 1408 672 1439 vis,
691 1407 727 1438 id,
745 1407 817 1442 quod
833 1411 860 1433 tn
878 1407 957 1433 etiam
974 1407 1036 1433 huic
1064 1436 1065 1442 ἵ

1028 142 1302 170 CICERONIS

1093 218 1139 244 ret,
1157 213 1227 240 ultro
1241 214 1398 241 offerebant:
1426 217 1468 242 cui
1487 224 1580 242 nomen
1599 225 1687 242 meum
1705 216 1823 242 absentis
1836 217 1884 242 ho-

1093 251 1148 277 nori
1165 251 1268 281 fuisset.
1286 252 1310 277 ei
1327 260 1399 277 meas
1411 254 1555 287 praesentis
1568 262 1658 288 precs-s
1670 262 1720 279 non
1734 258 1811 288 putas
1824 262 1884 288 pro-

1093 288 1195 314 fuisse?
1223 289 1262 315 An
1284 289 1481 316 Minturnenses
1496 290 1590 321 coloni,
1610 291 1682 326 quod
1699 291 1726 316 C.
1746 291 1884 317 Mariumo

1091 325 1164 351 civili
1180 324 1248 351 ferro
1259 330 1338 360 atque
1349 334 1381 352 ex
1394 327 1485 361 impiis
1496 328 1620 354 manibus
1631 329 1797 362 eripuerunt,
1810 327 1884 363 quod

1093 367 1159 388 tecto
1174 367 1344 397 receperunt:
1357 363 1429 398 quod
1442 363 1542 390 fessum
1555 364 1641 391 inedia
1653 364 1832 400 fluctibusque
1844 373 1885 391 re·

1091 404 1221 429 crearunt.
1235 400 1306 435 quod
1320 401 1444 427 viaticum
1455 406 1654 436 congesserunt,
1666 402 1738 437 quod
1746 403 1883 438 navigium

1091 436 1230 467 dederunt,
1251 437 1323 472 quod
1344 446 1405 464 eum
1429 437 1592 473 linquentem
1607 443 1701 465 terram
1717 448 1784 469 eam,
1801 447 1884 474 quum

1091 478 1251 505 servaverat,
1276 475 1353 504 votis.
1370 476 1516 506 ominibus,
1535 475 1650 502 lacrimis
1666 477 1798 510 prosecuti
1810 481 1882 506 sunt,
1920 490 1924 495 ·

1068 511 1069 522 ³
1091 516 1195 538 aeterna
1211 512 1238 538 in
1256 512 1333 538 laude
1350 517 1502 539 versantur:
1535 512 1648 542 Plancio,
1666 513 1738 548 quod
1750 522 1792 539 me
1804 513 1844 540 vel
1859 514 1883 540 vi

1068 557 1069 588 j
1092 549 1216 583 pulsum,
1235 549 1276 575 vel
1292 550 1391 576 ratione
1407 550 1543 576 cedentem
1561 551 1696 585 receperit,
1715 551 1819 579 iuverit,
1836 559 1885 576 cu·
1916 568 1919 571 -

1091 586 1221 616 stodierit,
1244 587 1286 612 his
1300 591 1326 613 et
1340 587 1444 613 senatui
1461 587 1615 622 populoque
1627 588 1750 617 Romano,
1764 592 1793 614 ut
1803 588 1885 614 babe-

1060 623 1061 627 ’
1091 628 1157 654 rent,
1170 632 1250 658 quem
1263 624 1427 655 reducerent,
1441 625 1611 653 conservarit.
1621 625 1711 651 honori
1720 624 1881 655 bancfidem.

1091 661 1309 691 misericordiam,
1323 662 1447 688 virtutem
1460 661 1544 688 fuisse
1554 661 1678 688 miraris?

1146 698 1189 724 ΧΙ.
1212 699 1253 724 27.
1276 699 1343 725 Vitia
1365 699 1516 725 mehercule
1536 700 1584 725 Cn.
1602 699 1700 725 Plancii
1717 707 1758 725 res
1773 707 1832 729 eae,
1850 698 1884 726 de

1060 735 1068 754 ἶ]
1090 736 1191 770 quibus
1209 735 1276 764 dixi.
1295 741 1382 771 tegere
1399 741 1556 771 potuerunt:
1592 745 1624 762 ne
1640 741 1677 766 tu.
1695 738 1721 762 in
1733 745 1763 762 ea
1775 737 1837 766 vita.
1850 735 1885 762 de

1090 781 1142 807 qua
1158 773 1209 799 iam
1222 773 1318 803 dicam,
1333 777 1370 799 tot
1380 778 1405 799 et
1416 778 1485 800 tanta
1496 774 1648 800 adiumenta
1660 774 1723 800 huic
1734 774 1825 800 honori
1841 773 1885 799 tu·

1091 811 1145 836 isse
1161 811 1265 836 mirere.
1307 811 1354 836 iiic
1369 815 1409 837 est
1424 812 1504 839 enim.
1521 812 1568 846 qui
1585 810 1808 841 adolescentulus,
1820 819 1882 837 cum

1090 847 1120 874 A.
1138 848 1270 882 Torquato
1286 847 1420 882 profectus
1434 849 1462 875 in
1478 848 1603 878 Africam,
1621 849 1660 874 sic
1674 848 1708 874 ab
1722 847 1770 874 illo
1779 849 1885 883 gravis-

1090 885 1158 911 simo
1180 889 1206 911 ct
1224 886 1395 912 sanctissimo
1414 890 1494 921 atque
1508 886 1580 912 omni
1597 885 1674 911 laude
1689 889 1715 911 et
1729 885 1828 912 bonore
1841 885 1885 912 di-

1088 922 1220 957 gnissimo
1231 923 1288 949 viro
1297 922 1412 948 dilectus
1423 927 1471 953 est,
1485 927 1514 949 ut
1524 927 1549 949 et
1560 922 1725 949 contubernii
1737 922 1884 949 necessitu-

1090 959 1161 989 tudo‚
1175 964 1200 986 et
1216 959 1406 986 adolescentuli
1419 960 1610 986 modestissimi
1623 959 1708 994 pudor
1722 959 1882 994 postulabat.
1920 987 1934 994 „-

1089 996 1174 1028 Quod.
1193 997 1215 1023 si
1235 997 1348 1027 adesset,
1363 1005 1414 1023 non
1427 998 1516 1023 minus
1528 997 1572 1023 ille
1582 997 1734 1027 declararet.
1746 1005 1828 1031 quam
1841 997 1885 1023 hic
1918 1000 1922 1002 ’

1089 1033 1164 1060 illius
1181 1033 1261 1060 frater
1272 1034 1410 1069 patruelis,
1423 1039 1449 1061 et
1459 1043 1534 1061 socer
1543 1035 1572 1060 T.
1586 1034 1746 1069 Torquatus.
1759 1034 1798 1060 illi
1809 1034 1883 1061 omni

1090 1072 1187 1098 virtute
1203 1076 1228 1098 et
1241 1071 1317 1098 laude
1333 1080 1393 1106 par:
1424 1072 1472 1106 qui
1487 1076 1527 1098 est
1541 1071 1651 1106 quidem
1667 1080 1729 1098 cum
1740 1071 1787 1098 illo
1797 1071 1884 1098 maxi·
1908 1080 1910 1082 ’

1066 1122 1067 1128 κ
1089 1109 1140 1135 mis
1153 1108 1268 1135 vinculis
1279 1113 1305 1135 et
1316 1109 1524 1144 propinquitatis
1535 1113 1560 1135 et
1571 1108 1882 1135 affinitatisconiunctus:
1920 1135 1923 1143 Ἴ,

1065 1154 1066 1163 ¹
1088 1145 1135 1172 sed
1146 1146 1182 1172 ita
1193 1146 1283 1182 magni
1295 1146 1401 1176 amoris.
1415 1146 1511 1173 utillae
1518 1145 1838 1172 necessitudiniscaussae
1846 1145 1884 1172 le-
1921 1143 1924 1146 “

1089 1191 1134 1210 ves
1150 1191 1209 1210 esse
1224 1183 1375 1210 videantur.
1410 1183 1471 1210 Fuit
1482 1184 1508 1210 in
1521 1183 1594 1210 Creta
1607 1188 1695 1218 postea
1706 1183 1884 1210 contuberna-

1089 1221 1122 1247 lis
1138 1220 1285 1251 Saturnini.
1304 1221 1448 1256 propinqui
1465 1221 1516 1251 sui,
1535 1220 1613 1246 miles
1625 1221 1707 1247 huius
1717 1219 1750 1253 Q.
1771 1219 1880 1247 Metelli.

1089 1258 1138 1285 Cui
1159 1267 1244 1293 quum
1267 1257 1346 1284 fuerit
1362 1258 1567 1293 probatissimus
1584 1257 1716 1292 hodieque
1731 1258 1778 1288 sit,
1795 1258 1883 1284 omni·
1914 1260 1917 1265 “

1087 1295 1139 1322 bus
1154 1304 1214 1322 esse
1229 1304 1257 1321 se
1273 1295 1413 1330 probatum
1428 1295 1508 1322 debet
1518 1303 1635 1330 sperare.
1665 1295 1694 1322 ln
1705 1303 1734 1321 ea
1744 1295 1882 1330 provincia
1912 1304 1922 1330 Ι·

1089 1333 1191 1369 legatus
1207 1332 1259 1359 fuit
1273 1333 1302 1359 C.
1320 1332 1462 1359 Sacerdos:
1485 1341 1540 1367 qua
1551 1333 1657 1363 virtute,
1669 1341 1723 1368 qua
1735 1333 1882 1359 constantia
1908 1333 1915 1353 ἱ

1087 1371 1142 1396 vir!
1184 1371 1212 1396 L.
1240 1370 1365 1396 Flaccus:
1396 1370 1444 1405 qui
1465 1370 1558 1396 bomo!
1590 1371 1637 1405 qui
1657 1370 1738 1396 eivisl
1770 1369 1882 1402 Qualem
1911 1385 1916 1391 ·

1088 1408 1160 1434 hunc
1170 1411 1273 1442 putent,
1286 1407 1446 1434 assiduitate
1457 1408 1663 1442 testimonioque
1673 1406 1817 1433 declarant.
1837 1408 1880 1433 28.
1910 1415 1923 1421 ·

1086 1445 1115 1472 In
1127 1444 1280 1472 Macedonia
1291 1445 1416 1471 tribunus
1428 1444 1544 1471 militum
1555 1444 1619 1471 tuit:
1636 1445 1663 1470 in
1675 1443 1766 1471 eadem
1773 1444 1883 1479 provin·
1907 1461 1911 1466 Α

1086 1483 1126 1509 cia
1138 1487 1227 1518 postea
1238 1486 1373 1517 quaestor.
1400 1482 1520 1508 Primum
1532 1481 1683 1508 Macedonia
1695 1482 1735 1508 sic
1745 1489 1807 1508 eum
1818 1481 1882 1508 dili-

1085 1520 1133 1556 git,
1151 1525 1181 1546 ut
1196 1519 1315 1546 indicant
1330 1519 1357 1546 bi
1373 1520 1508 1555 principes
1522 1519 1661 1546 civitatum
1677 1527 1801 1545 suarum:
1833 1519 1882 1554 qui
1915 1527 1919 1530 ·

1085 1565 1171 1592 quum
1190 1557 1267 1583 missi
1287 1557 1341 1583 sint
1355 1557 1389 1583 ob
1400 1556 1479 1583 aliam
1488 1565 1620 1588 caussam,
1633 1561 1730 1586 tamen,
1747 1556 1830 1583 buius
1840 1563 1883 1582 re-
1905 1566 1909 1571 ·

1086 1594 1195 1629 pentiuo
1207 1593 1325 1629 periculo
1335 1594 1470 1625 commoti,
1484 1593 1547 1620 huic
1557 1593 1684 1624 assident,
1697 1602 1745 1628 pro
1751 1593 1800 1620 boc
1808 1593 1883 1620 labo-

1085 1636 1151 1662 rant,
1165 1631 1228 1658 huic
1238 1632 1262 1657 si
1273 1635 1378 1666 praesto
1388 1631 1495 1662 fuerint,
1507 1631 1609 1667 gratius
1619 1639 1648 1657 se
1658 1631 1811 1657 civitatibus
1822 1631 1882 1656 suis
1903 1638 1916 1667 '.

1086 1668 1201 1695 facturos
1217 1672 1320 1703 putant,
1333 1677 1415 1703 quam
1427 1669 1451 1694 si
1463 1667 1621 1703 legationem
1633 1676 1709 1694 suam
1721 1673 1747 1694 et
1758 1667 1881 1694 mandata
1904 1688 1907 1689 ν

1084 1705 1254 1732 confecerint.
1295 1705 1325 1732 L.
1346 1713 1410 1732 vero
1430 1705 1580 1740 Appuleius
1595 1705 1667 1731 bunc
1681 1705 1747 1731 tanti
1762 1704 1832 1735 facit,
1850 1709 1881 1732 ut

1084 1751 1184 1769 morem
1201 1742 1278 1769 illum
1296 1743 1436 1771 maiorum,
1455 1742 1502 1777 qui
1519 1742 1685 1776 praescribit.
1701 1742 1729 1768 in
1738 1746 1880 1777 parentum

1086 1781 1141 1807 loco
1156 1780 1345 1815 quaestoribus
1360 1780 1419 1806 suis
1430 1784 1563 1814 praetores
1574 1787 1633 1805 esse
1643 1783 1772 1814 oportere,
1785 1779 1880 1806 officiis

1060 1823 1063 1828 ·
1084 1817 1323 1852 benevolentiaque
1334 1817 1476 1852 superarit.
1508 1816 1643 1843 Tribunus
1655 1816 1741 1851 plebis
1753 1815 1812 1846 fuit,
1827 1824 1878 1843 non

1084 1855 1195 1881 fortasse
1210 1859 1263 1881 tam
1279 1854 1433 1885 vehemens,
1450 1862 1532 1889 quam
1549 1854 1602 1883 isti,
1619 1862 1688 1888 quos
1702 1858 1731 1880 tu
1747 1854 1805 1880 iure
1821 1853 1880 1880 lau-

1084 1892 1144 1918 das:
1172 1892 1219 1918 sed
1231 1896 1300 1918 certe
1311 1891 1382 1921 talis,
1395 1891 1489 1926 quales
1499 1892 1523 1918 si
1534 1899 1626 1917 omnes
1637 1899 1743 1925 semper
1754 1890 1876 1920 fuissent.

1084 1938 1232 1964 numquam
1262 1929 1429 1955 desideratus
1460 1928 1604 1955 vehemens
1638 1933 1709 1954 esset
1741 1927 1876 1954 tribunus.

1138 1967 1195 1993 ΧΠ.
1211 1968 1253 1993 29.
1270 1966 1370 1993 Omitto
1384 1966 1439 1997 illa,
1457 1974 1526 2001 quae
1540 1966 1564 1992 si
1575 1966 1665 1992 minus
1676 1966 1703 1992 in
1715 1973 1793 1991 scena
1804 1970 1876 1996 sunt,
1896 1975 1910 1982 ’-

1060 2023 1061 2027 .
1083 2009 1109 2030 at
1123 2008 1202 2034 certe.
1218 2012 1304 2039 quum
1319 2007 1383 2030 sunt
1393 2002 1502 2039 prolata,
1517 2002 1671 2029 laudantur:
1693 2008 1723 2029 ut
1733 2003 1806 2029 vivat
1815 2011 1878 2029 curn

1083 2042 1155 2068 suis:
1185 2041 1302 2076 primum
1322 2049 1384 2067 cum
1400 2045 1516 2076 parente,
1533 2040 1605 2075 (nam
1614 2039 1784 2066 meoiudicio
1793 2040 1878 2075 pietas

1059 2095 1060 2098 =
1083 2078 1288 2105 fundamentum
1299 2083 1340 2104 est
1350 2079 1471 2104 omnium
1482 2076 1635 2112 virtutum.)
1645 2085 1726 2112 quem
1737 2081 1879 2104 vereturut

1059 2131 1061 2136 .
1082 2117 1172 2146 deum.
1195 2116 1293 2151 (neque
1311 2116 1383 2142 enim
1403 2115 1489 2141 multo
1503 2123 1583 2141 secus
1597 2119 1638 2140 est
1653 2123 1747 2149 parens
1764 2113 1878 2149 liberis.)
1896 2132 1899 2133 ν
1921 2113 1925 2120 “

1081 2158 1151 2180 amat
1163 2161 1225 2179 vero
1237 2157 1265 2179 ut
1275 2152 1404 2183 sodalem,
1417 2157 1446 2179 ut
1460 2152 1577 2182 fratrem,
1590 2156 1621 2178 ut
1631 2151 1780 2187 aequalem.
1805 2151 1877 2184 Quid

1081 2191 1168 2217 dicam
1183 2199 1245 2216 cum
1258 2189 1371 2224 patruo?
1390 2198 1452 2216 cum
1463 2188 1608 2216 affinibus?
1626 2197 1689 2215 cum
1699 2187 1883 2224 propinquis?
1903 2189 1907 2195 ⁸

1080 2237 1142 2254 cum
1158 2228 1208 2254 hoc
1218 2227 1248 2254 C.
1261 2227 1414 2257 Saturnino,
1427 2227 1598 2253 ornatissimo
1607 2224 1683 2252 viro?
1701 2227 1781 2252 cuius
1790 2234 1878 2261 quan·
1904 2239 1908 2244 ν

1081 2270 1134 2292 tam
1153 2265 1262 2291 honoris
1282 2264 1364 2290 huius
1378 2264 1552 2299 cupiditatem
1569 2263 1652 2289 fuisse
1661 2262 1777 2294 creditis,
1790 2271 1881 2298 quum
1920 2277 1923 2293 j

1081 2302 1178 2329 videtis
1200 2302 1288 2328 luctus
1304 2300 1475 2328 societatem?
1503 2300 1574 2333 Quid
1589 2300 1622 2326 de
1636 2308 1682 2326 me
1694 2299 1800 2326 dicam?
1827 2300 1876 2335 qui
1919 2299 1923 2331 ⁴,

1080 2340 1147 2366 mibi
1161 2340 1188 2365 in
1206 2339 1287 2365 buius
1301 2338 1420 2373 periculo
1435 2346 1498 2364 reus
1512 2346 1572 2364 esse
1581 2336 1692 2363 videor?
1711 2337 1778 2372 quid
1788 2337 1822 2363 de
1831 2337 1875 2363 bis
1904 2340 1909 2372 j

1080 2382 1117 2403 tot
1138 2377 1204 2403 viris
1221 2375 1329 2407 talibus,
1347 2384 1415 2411 quos
1434 2375 1532 2402 videtis
1552 2378 1626 2401 veste
1640 2373 1760 2400 mutata?
1792 2374 1873 2409 Atqui
1888 2383 1889 2387 ¹
1907 2388 1921 2404 ,ς

1080 2414 1145 2440 haec
1160 2418 1228 2440 sunt
1248 2413 1346 2440 indicia
1361 2412 1455 2444 solida,
1473 2412 1584 2442 iudices,
1601 2415 1628 2437 et
1642 2419 1781 2446 expressa3
1809 2411 1891 2438 haee*

1079 2452 1156 2487 signa
1171 2451 1320 2485 probitatis,
1338 2459 1391 2477 non
1406 2449 1492 2476 fucata
1504 2449 1601 2476 sorensi
1612 2449 1710 2484 specie,
1723 2448 1771 2475 sed
1781 2447 1874 2475 dome-

1079 2489 1154 2515 sticis
1169 2489 1259 2514 inusta
1274 2488 1344 2514 notis
1358 2487 1487 2513 veritatis.
1508 2485 1605 2512 Facilis
1620 2490 1661 2512 est
1671 2485 1716 2512 illa
1726 2485 1919 2517 occursatio-⁴,-

1078 2530 1104 2552 et
1128 2525 1257 2552 blanditia
1281 2524 1433 2559 popularis:
1463 2524 1604 2558 aspicitur,
1631 2531 1683 2550 non
1704 2527 1894 2554 attrectatum·⁴

1078 2562 1170 2597 procul
1183 2566 1300 2597 apparet,
1315 2570 1367 2588 non
1378 2561 1520 2590 excutitur.
1534 2569 1586 2587 non
1597 2561 1625 2587 in
1636 2568 1732 2586 manus
1742 2560 1870 2586 sumitur.

1078 2602 1117 2626 30.
1133 2599 1267 2626 Omnibus
1281 2599 1364 2634 igitur
1377 2598 1458 2624 rebus
1469 2602 1591 2624 ornatum
1601 2597 1747 2627 hominem,
1758 2601 1814 2623 tam
1824 2604 1877 2622 ex«
1899 2627 1901 2630 .
1915 2615 1918 2618 .

1077 2638 1169 2666 ternis,
1182 2644 1264 2672 quam
1275 2635 1443 2662 domesticis:
1466 2634 1604 2661 nonnullis
1614 2634 1696 2661 rebus
1705 2633 1868 2663 inferiorem,
1891 2639 1899 2654 ε

1076 2682 1157 2708 quam
1174 2678 1207 2703 te,
1225 2673 1331 2709 generis
1346 2676 1372 2699 et
1382 2672 1498 2698 nominis
1513 2672 1585 2699 dico:
1617 2671 1783 2706 superiorem
1797 2670 1867 2702 aliis,
1891 2686 1899 2693 ,ι

1924 0 1939 144 um

1919 150 1941 397 .4.„.„,„‚‚⁴,‚„.
