1941 3052
240 140 291 166 DE
322 139 508 166 FINIBUS
538 139 754 167 BONORUM
783 139 836 166 ET

91 213 226 243 viverent,
244 210 363 238 nondum
382 210 527 246 perfectam
540 210 613 237 illam
624 211 783 246 sapientiam
795 215 885 237 essent

91 248 237 276 consecuti.

128 287 169 313 64.
196 286 283 321 Atque
304 285 353 312 hoc
374 284 430 312 loco
441 284 636 312 similitudines
651 293 709 316 eas,
726 285 828 320 quibus
844 284 884 311 illi

91 324 131 350 uti
142 322 236 354 solent,
249 322 449 349 dissimillimas
460 322 624 358 proferebas.
646 322 713 355 Quis
723 324 796 349 enim
808 323 885 358 igno—

91 366 143 392 rat,
167 361 190 387 si
210 360 303 395 plures
318 369 352 387 ex
366 359 418 387 alto
436 368 572 395 emergere
587 359 684 391 velint,
703 361 814 394 propius
831 360 884 386 sore

90 407 136 425 eos
157 397 269 433 quidem
289 397 323 424 ad
343 397 545 432 respirandum,
568 398 616 432 qui
631 397 665 424 ad
680 406 814 424 summam
832 397 883 423 iam

91 444 190 470 aquam
214 435 444 470 appropinquant,
470 435 519 461 sed
539 434 625 461 nihilo
646 436 732 470 magis
753 435 884 469 respirare
906 434 908 441 '

91 481 184 508 posse,
206 481 288 507 quam
300 481 358 503 eos,
384 473 432 507 qui
443 477 506 499 sunt
517 473 544 498 in
555 471 706 507 profundo?
736 472 809 498 Nihil
822 480 884 507 ergo

91 510 202 537 adiuvat
222 510 365 545 procedere
380 514 406 536 et
420 509 546 545 progredi
561 510 588 535 in
601 510 712 540 virtute,
729 518 783 544 quo
794 510 884 535 minus

92 548 262 574 miserrimus
277 548 325 578 sit,
347 552 491 582 antequam
511 546 544 573 ad
555 555 613 573 eam
628 547 794 581 perveniret,
817 554 885 581 quo-

92 585 165 611 niam
183 585 210 611 in
227 593 296 619 aqua
311 584 379 610 nihil
396 584 519 610 adiuvat:
545 589 571 610 et
584 584 713 619 quoniam
727 583 823 614 catuli.
836 583 884 618 qui

92 623 146 648 iam
156 621 305 656 dispecturi
315 626 392 653 sunt,
406 622 477 648 caeci
489 629 587 656 aeque,
600 626 626 648 et
636 621 673 652 hi,
688 622 735 656 qui
747 620 825 647 modo
836 629 885 646 na-

91 661 126 691 ti,
150 659 287 685 Platonem
304 667 412 694 quoque
428 667 537 685 necesse
553 663 606 690 est,
623 659 751 693 quoniam
763 658 882 685 nondum
906 669 907 676 ¹

93 696 201 723 videbat
212 697 385 731 sapientiam,
403 704 487 731 aeque
503 704 612 722 caecum
631 696 734 726 animo,
747 704 777 722 30
788 694 884 721 Phala-

92 734 143 760 rim
165 733 259 760 fuisse.
300 733 397 760 XXIV.
413 735 455 759 65.
468 734 519 759 Ista
530 733 630 759 similia
642 742 694 759 non
706 737 782 763 sunt,
805 732 881 759 Cato:

93 772 120 797 in
138 771 240 806 quibus
255 771 382 806 quamvis
397 770 513 797 multum
529 771 702 805 processeris,
715 774 803 796 tamen
816 768 884 796 illud

91 809 120 834 in
131 808 224 834 eadem
235 816 329 834 caussa
340 813 388 839 est,
402 817 416 834 a
426 816 480 842 quo
491 808 586 834 abesse
597 807 665 834 velis
673 827 679 839 ,
695 807 779 834 donec
790 815 884 834 evase-

92 846 139 872 ris.
179 846 233 871 Nec
254 846 327 871 enim
342 844 388 871 1110
402 845 528 880 respirat,
548 849 608 871 ante
622 853 704 879 quam
719 845 841 875 emersit,
859 848 885 870 et

93 882 174 909 catuli
192 890 278 917 aeque
293 882 378 913 caeci,
396 882 555 917 priusquam
568 881 759 916 dispexerunt,
773 890 802 908 ac
813 882 837 907 si
849 882 884 908 ita

93 919 176 946 futuri
187 928 294 954 semper
304 924 404 946 essent.
443 918 490 945 Illa
502 924 565 945 sunt
576 919 691 946 similia:
718 919 801 945 hebes
813 920 883 945 acies

90 961 131 983 est
149 957 266 991 cuipiam
278 956 431 989 oculorum,
454 965 563 991 corpore
582 956 652 983 alius
669 956 832 992 languescit:
856 956 885 982 hi

90 994 227 1020 curatione
242 993 363 1020 adhibita
382 993 505 1020 levantur
520 994 547 1020 in
563 993 635 1020 dies:
665 994 736 1021 valet
746 994 812 1021 alter
822 993 884 1029 plus

91 1031 226 1066 quotidie:
253 1031 319 1058 alter
334 1031 417 1058 videt.
458 1032 504 1057 His
520 1031 625 1057 similes
640 1036 704 1058 sunt
714 1040 822 1061 omnes.
836 1032 884 1066 qui

90 1069 184 1095 virtuti
199 1068 319 1101 student;
353 1068 476 1095 levantur
491 1069 581 1100 vitiis,
600 1068 723 1095 levantur
736 1069 882 1095 erroribus.

90 1106 149 1132 Nisi
169 1105 235 1132 sorte
253 1114 347 1132 censes
367 1106 408 1132 Ti.
428 1106 579 1133 Gracchum
597 1111 699 1141 patrem
715 1115 767 1133 non
782 1106 885 1133 beatio-

91 1151 147 1169 rem
166 1142 264 1174 fuisse,
286 1152 367 1178 quam
384 1142 484 1174 filium,
503 1152 588 1178 quum
605 1143 670 1170 alter
681 1144 802 1170 stabilire
813 1152 885 1170 rem-

90 1180 228 1215 publicam
243 1181 390 1211 studuerit,
416 1180 482 1207 alter
495 1186 624 1208 evertere.
665 1181 718 1207 Nec
734 1186 822 1208 tamen
839 1180 884 1207 ille

89 1222 146 1244 erat
155 1218 278 1253 sapiens:
305 1219 368 1253 quis
379 1219 452 1244 enim
463 1217 531 1244 hoc‘?
561 1223 606 1245 aut
616 1218 743 1254 quando?
762 1224 808 1245 aut
819 1217 885 1245 ubi‘?

90 1260 136 1282 aut
150 1254 240 1282 unde?
259 1254 308 1281 sed
318 1256 381 1290 quia
391 1255 517 1282 studebat
531 1255 604 1282 laudi
616 1261 641 1282 et
651 1256 790 1292 dignitati,
813 1255 885 1282 mul-

90 1297 147 1319 tum
172 1293 201 1319 in
226 1293 325 1319 virtute
350 1298 525 1328 processerat.
566 1295 608 1320 66.
633 1293 774 1320 Conseram
795 1299 883 1320 autem

90 1338 172 1356 avum
189 1335 275 1361 tuum,
291 1330 422 1361 Drusum,
436 1339 498 1357 cum
510 1331 539 1358 C.
553 1330 683 1358 Graccho.
697 1332 756 1358 eius
771 1331 825 1358 sere
839 1339 885 1357 ae-

89 1367 174 1402 quali.
214 1367 287 1400 Quae
298 1367 343 1394 hic
354 1367 519 1402 reipublicae
531 1368 643 1395 vulnera
655 1369 822 1404 imponebat,
839 1376 885 1395 ea-

89 1405 151 1431 dem
163 1404 209 1431 ille
220 1404 340 1431 sanabat.
381 1405 409 1431 Si
422 1405 490 1431 nihil
502 1410 554 1437 est,
567 1406 640 1441 quod
653 1411 705 1433 tam
718 1406 830 1433 miseros
845 1405 885 1432 fa-

89 1444 150 1473 ciat,
176 1450 257 1477 quam
279 1442 404 1477 impietas
420 1447 446 1469 et
461 1442 563 1475 scelus,
591 1448 621 1470 ut
637 1444 689 1470 iam
706 1452 800 1470 omnes
816 1444 885 1469 insi-

89 1481 194 1515 pientes
208 1480 263 1506 sint
277 1480 382 1511 miseri,
400 1479 473 1515 quod
488 1480 605 1515 profecto
619 1486 695 1508 sunt:
728 1490 780 1507 non
794 1485 834 1507 est
846 1485 885 1507 ta-

90 1526 151 1544 men
171 1525 256 1552 aeque
276 1517 368 1548 miser,
390 1518 438 1552 qui
461 1518 564 1553 patriae
587 1517 713 1549 consulit,
735 1523 761 1545 et
781 1519 818 1549 is,
835 1519 884 1553 qui

90 1554 164 1581 illam
195 1554 355 1581 exstinctam
385 1555 469 1589 cupit.
510 1555 620 1582 Levatio
648 1556 732 1591 igitur
756 1556 883 1582 vitiorum

89 1600 185 1627 magna
208 1591 237 1618 lit
259 1592 307 1623 iis,
325 1592 373 1626 qui
389 1591 489 1619 habent
503 1592 537 1619 ad
549 1593 676 1619 virtutem
687 1593 884 1628 progressionis

88 1629 267 1664 aliquantum.
308 1630 350 1655 67.
362 1629 447 1656 Vestri
458 1634 547 1656 autem
557 1631 772 1666 progressionem
784 1630 817 1656 ad
830 1630 886 1656 vir-

89 1671 172 1694 tutem
192 1665 250 1692 lieri
273 1666 357 1697 aiunt,
382 1665 543 1693 levationem
560 1668 687 1694 vitiorum
703 1668 759 1694 fieri
776 1672 884 1703 negant.

87 1704 129 1735 At,
142 1711 196 1739 quo
206 1704 325 1730 nitantur
336 1703 459 1730 homines
469 1705 540 1731 acuti
551 1710 708 1740 argumento
719 1705 751 1731 ad
768 1705 886 1740 proban—

87 1741 168 1772 dum,
188 1749 284 1776 operae
299 1741 416 1776 pretium
427 1746 467 1768 est
477 1741 658 1769 considerare.
698 1742 828 1775 Quarum,
842 1743 885 1769 in-

88 1779 161 1814 quit,
184 1779 282 1804 artium
302 1786 408 1805 summa
430 1787 551 1806 crescere
566 1784 667 1814 potest,
692 1788 784 1807 earum
803 1781 884 1807 etiam

88 1816 280 1843 contrariarum
295 1824 402 1842 summa
417 1817 514 1851 poterit
528 1818 636 1852 augeri:
661 1817 695 1844 ad
711 1818 819 1844 virtutis
836 1826 885 1844 au-

88 1858 141 1881 tem
157 1861 292 1879 summam
308 1853 433 1880 accedere
445 1853 512 1880 nihil
524 1859 624 1889 potest:
650 1863 683 1881 ne
695 1855 760 1882 vitia
771 1855 883 1890 quidem

89 1891 173 1926 igitur
187 1898 306 1916 crescere
322 1895 460 1925 poterunt,
482 1899 551 1926 quae
562 1896 626 1918 sunt
636 1893 767 1919 virtutum
778 1898 885 1920 contra-

89 1929 137 1954 ria.
177 1927 271 1954 Utrum
287 1927 370 1962 igitur
385 1927 506 1959 tandem,
523 1930 710 1963 perspicuisne
725 1929 808 1957 dubia
819 1939 885 1965 ape-

89 1965 204 1995 riuntur,
229 1972 263 1990 an
283 1963 376 1991 dubiis
396 1966 538 2000 perspicua
559 1965 706 1993 tolluntur?
735 1967 818 2003 Atqui
834 1968 884 1994 hoc

88 2001 264 2038 perspicuum
280 2005 334 2033 est,
352 2002 417 2028 vitia
433 2001 484 2028 alia
496 2003 523 2028 in
535 2002 596 2029 aliis
607 2011 666 2029 esse
677 2004 791 2031 maiora:
815 2004 883 2031 illud

88 2039 213 2069 dubium,
226 2038 260 2064 ad
271 2037 308 2069 id,
321 2039 393 2074 quod
404 2047 542 2066 summum
553 2039 761 2072 bonumdicitis‚
769 2049 884 2076 ecquae-

89 2085 150 2104 nam
168 2075 224 2102 fleri
241 2076 326 2111 possit
341 2077 468 2103 accessio.
510 2077 561 2103 Vos
576 2082 664 2104 autem
681 2086 766 2113 quum
778 2080 884 2114 perspi-

87 2115 147 2141 cuis
158 2112 241 2140 dubia
253 2113 373 2140 debeatis
385 2113 518 2140 illustrare
526 2134 532 2146 ,
545 2113 638 2141 dubiis
650 2116 792 2150 perspicua
803 2124 884 2143 cona-

89 2151 156 2178 mini
177 2151 278 2178 tollere.
319 2152 361 2177 68.
377 2151 469 2186 ltaque
485 2159 573 2186 usque
587 2151 681 2178 eadem
697 2153 812 2184 ratione,
829 2162 883 2189 qua

89 2197 151 2215 sum
162 2187 253 2223 paullo
264 2192 324 2214 ante
336 2196 411 2218 usus,
425 2188 580 2215 haerebitis.
619 2189 647 2216 Si
659 2190 731 2216 enim
744 2195 882 2225 propterea

89 2226 154 2253 vitia
166 2225 217 2252 alia
229 2225 290 2252 aliis
302 2225 401 2252 maiora
413 2234 465 2252 non
477 2230 549 2256 sunt.
562 2227 626 2261 quia
638 2235 671 2254 ne
681 2226 715 2253 ad
727 2227 807 2254 11110111
819 2236 883 2263 (1111-

87 2263 150 2290 dem
166 2263 298 2289 bonorum
309 2271 385 2294 eum,
403 2271 484 2297 quem
497 2271 544 2289 vos
556 2262 655 2294 facitis,
671 2264 822 2300 quidquam
833 2274 882 2300 po-

87 2304 138 2327 test
157 2300 296 2327 accedere:
328 2300 456 2335 quoniam
480 2301 654 2335 perspicuum
674 2307 728 2333 est,
747 2303 811 2329 vitia
829 2311 881 2329 non

87 2345 146 2364 esse
165 2338 287 2365 omnium
309 2338 396 2372 paria,
420 2337 481 2363 finis
496 2337 626 2364 bonorum
643 2338 720 2365 vobis
735 2339 881 2366 mutandus

86 2380 137 2402 est.
178 2375 328 2401 Teneamus
343 2375 415 2401 enim
428 2373 496 2401 illud
508 2383 617 2401 necessa
627 2380 676 2406 est.
689 2384 774 2410 quum
786 2385 881 2404 conse-

87 2420 173 2447 quens
192 2411 301 2447 aliquod
314 2411 412 2439 falsum
423 2412 471 2443 sit,
488 2410 571 2443 illud,
583 2412 663 2439 cuius
675 2413 701 2439 id
711 2421 880 2449 consequens

86 2450 130 2480 sit,
144 2457 195 2476 non
208 2457 286 2484 possa
296 2457 355 2476 esse
367 2457 472 2476 verum.

142 2486 228 2513 XXV.
247 2485 322 2519 Quae
342 2491 383 2513 est
402 2487 485 2522 igitur
500 2494 594 2512 caussa
614 2487 725 2513 istarum
741 2488 879 2523 angustia-

87 2523 166 2550 rum‘?
189 2522 310 2550 Gloriosa
321 2524 463 2551 ostentatio
474 2524 501 2549 in
515 2523 702 2550 constituendo
713 2532 820 2551 summo
831 2525 879 2552 bo-

87 2568 130 2587 no.
152 2559 241 2592 Quum
252 2561 334 2592 enim,
347 2561 419 2596 quod
432 2561 573 2587 honestum
585 2561 628 2591 sit,
646 2560 672 2587 id
683 2561 878 2589 solumbonum

85 2605 145 2624 esse
160 2596 345 2630 confirmatur,
358 2598 460 2625 tollitur
469 2606 532 2624 cura
544 2597 720 2629 valetudinis,
738 2598 878 2635 diligentia

87 2635 125 2661 rei
150 2633 303 2666 familiaris,
328 2635 524 2662 administratio
545 2634 723 2670 reipublicae.
745 2636 810 2663 ordo
831 2646 879 2673 ge-

86 2671 230 2699 rendorum
241 2673 422 2709 negotiorum,
436 2672 523 2700 officia
538 2673 617 2700 vitae.
658 2673 749 2708 lpsum
761 2673 878 2710 deniquo

865 139 1089 166 MALORUM
1120 141 1274 167 L1B.1V.

1306 141 1357 168 CA
1370 142 1398 168 P.
1422 143 1449 167 21
1473 157 1509 161 —-
1530 143 1570 168 26.
1664 145 1726 170 ⁴033

936 210 1004 237 illud
1020 211 1175 243 honestum¹
1194 213 1222 238 in
1236 221 1289 247 quo
1300 221 1354 239 uno
1364 211 1448 239 vultis
1459 221 1518 239 esse
1528 214 1632 243 omnia,
1650 212 1728 240 dese-

935 248 1049 274 rendum
1061 254 1110 276 est.
1151 249 1223 281 Quae
1244 249 1453 285 diligentissime
1472 255 1561 277 contra
1576 251 1727 277 Aristonem

936 285 1064 312 dicuntur
1079 295 1093 313 a
1107 286 1270 322 Chrysippo.
1310 287 1350 313 Ex
1366 295 1395 313 ea
1411 286 1568 315 difficultate
1578 287 1640 314 illae
1651 287 1729 314 falla-

936 322 1071 357 ciloquae,
1098 324 1137 358 (ut
1161 325 1198 350 ait
1220 324 1319 359 Attius)
1338 324 1455 351 malitiae
1475 330 1551 352 natae
1570 330 1643 352 sunt.
1684 327 1726 351 69.

936 359 1012 392 Quod
1029 362 1100 386 enim
1117 361 1247 395 sapientia
1256 382 1262 392 ,
1275 361 1323 387 ubi
1337 361 1433 396 pedem
1445 368 1567 396 poneret,
1581 371 1633 389 non
1645 362 1729 389 habe-

936 397 989 428 bat,
1003 397 1117 424 sublatis
1128 398 1225 424 officils
1236 398 1376 425 omnibus:
1399 399 1486 426 officia
1497 405 1587 426 autem
1597 399 1729 426 tolleban-

936 439 987 464 tur,
1009 434 1115 461 delectu
1126 436 1200 462 omni
1221 440 1245 462 et
1266 435 1422 462 discrimine
1434 442 1547 469 remotog
1561 438 1640 472 (quae
1655 438 1728 463 enim

935 480 994 497 esse
1005 476 1138 506 poterant,
1151 473 1232 499 rebus
1243 473 1371 499 omnibus
1383 474 1422 500 sic
1434 475 1603 509 exaequatis,
1621 479 1650 500 ut
1661 475 1729 501 inter

935 517 980 535 eas
996 509 1063 535 nihil
1080 510 1247 545 interessest’)
1275 519 1308 536 ex
1324 510 1366 537 his
1377 512 1510 547 angustiis
1520 513 1570 538 ista
1586 516 1729 538 evaserunt

935 546 1074 577 deteriora,
1090 555 1171 582 quam
1183 548 1326 574 Aristonis.
1348 547 1394 574 1113
1406 553 1493 575 tamen
1508 548 1658 584 simplicia,
1682 557 1729 575 ve-

936 588 988 610 stra
1004 589 1122 610 versuta.
1163 586 1249 620 Roges
1264 586 1337 611 enim
1352 585 1517 617 Aristonem,
1535 586 1638 613 bonane
1649 587 1675 613 ei
1686 586 1730 612 vi-

913 637 915 643 ·
936 621 1050 647 deantur
1070 621 1147 653 haec,
1171 623 1291 648 vacuitas
1306 622 1419 654 doloris,
1442 623 1567 654 divitiae,
1585 622 1730 650 valetudo?

936 659 1029 693 Neget.
1070 658 1151 690 Quid,
1165 668 1233 694 quae
1245 661 1375 687 contraria
1387 665 1449 687 sunt
1461 661 1512 692 his,
1530 660 1652 687 11131311οἶ>
1680 661 1729 686 Ni-

936 695 992 721 hilo
1012 696 1109 731 magiS.
1150 697 1282 723 Zenonem
1304 706 1394 733 roges:
1435 698 1595 733 respondeat
1618 697 1728 725 totidem

935 732 1036 759 verbis.
1075 733 1246 760 Admirantes
1257 743 1419 769 quaeramus
1430 735 1463 761 ab
1475 741 1597 770 utroque,
1611 743 1728 770 quonam

936 769 1014 796 modo
1030 771 1112 796 vitam
1128 780 1206 806 agere
1217 772 1367 806 possimus,
1385 773 1408 799 si
1419 772 1487 799 nihil
1500 773 1628 799 interesse
1640 777 1729 799 nostra

935 812 1076 841 putemus,
1108 808 1246 835 valeamus
1267 810 1375 844 aegrine
1394 811 1494 842 simus;
1528 818 1669 840 vacemus,
1695 818 1729 836 an

935 845 1088 871 cruciemur
1102 844 1205 872 dolore:
1230 845 1330 882 frigus,
1353 846 1451 873 famem
1467 847 1624 882 propulsare
1640 848 1729 881 possi-

936 890 1005 912 muS,
1019 890 1102 908 necne
1114 883 1261 917 possimus.
1284 884 1374 915 Vives,
1388 884 1730 919 inquitAristo,magnifice

937 924 1017 954 atque
1041 920 1191 954 praeclare:
1221 921 1292 955 quod
1315 922 1365 948 erit
1384 930 1502 956 cumque
1524 922 1614 947 visum
1635 929 1727 957 agens,

936 965 1085 992 numquam
1098 966 1204 993 angere,
1218 966 1367 992 numquam
1379 960 1482 994 cupies,
1496 967 1644 994 numquam
1652 960 1731 985 time-

936 994 988 1020 bis.
1029 995 1071 1021 70.
1093 994 1165 1026 Quid
1180 995 1268 1022 Zeno‘?
1292 996 1413 1023 Portenta
1433 996 1499 1023 haec
1514 1004 1573 1022 esse
1584 996 1663 1025 dicit.
1682 1004 1731 1022 nec

935 1039 965 1057 ea
986 1032 1086 1058 ratione
1106 1031 1162 1058 ullo
1183 1032 1262 1059 modo
1282 1041 1360 1068 posse
1376 1035 1448 1065 vivi3
1478 1033 1526 1060 sed
1541 1033 1647 1060 differre
1663 1034 1731 1060 inter

935 1068 1079 1096 honestum
1091 1074 1116 1095 et
1129 1074 1207 1104 turpe
1218 1070 1333 1097 nimium
1344 1076 1486 1106 quantum,
1499 1071 1589 1097 nescio
1600 1070 1666 1105 quid
1680 1071 1731 1096 im-

936 1115 1075 1133 mensum:
1108 1107 1178 1133 inter
1198 1112 1298 1134 ceteras
1318 1116 1360 1135 res
1377 1108 1571 1136 nihilomnino
1590 1109 1729 1134 interesse.

935 1144 977 1170 71.
999 1144 1072 1170 Idem
1093 1144 1194 1171 adhuc:
1221 1145 1295 1179 (audi
1311 1145 1430 1181 reliqua,
1442 1151 1467 1173 et
1479 1146 1563 1172 risum
1576 1146 1695 1175 contine,
1707 1146 1731 1171 si

937 1182 1038 1217 potesz)
1077 1181 1164 1208 Media
1179 1182 1239 1213 illa,
1257 1183 1355 1218 inquit,
1369 1184 1438 1210 inter
1448 1192 1517 1218 quae
1529 1182 1597 1209 nihil
1610 1183 1729 1211 interest,

937 1223 1025 1245 tamen
1046 1219 1181 1246 eiusmodi
1201 1225 1278 1251 sunt,
1302 1225 1331 1247 ut
1350 1229 1442 1247 eorum
1459 1221 1510 1247 alia
1526 1220 1651 1255 eligenda
1665 1220 1729 1250 sint,

937 1255 988 1282 alia
1009 1256 1168 1287 reiicienda,
1185 1257 1237 1283 alia
1253 1259 1362 1284 omnino
1378 1257 1549 1293 negligenda,
1568 1258 1617 1284 1100
1633 1262 1685 1288 est,
1702 1262 1732 1284 ut

936 1302 1028 1319 eorum
1046 1293 1097 1320 alia
1110 1293 1192 1323 velis.
1206 1294 1257 1321 alia
1269 1294 1348 1326 nolis,
1361 1295 1413 1321 alia
1425 1304 1477 1322 non
1488 1303 1576 1321 cures.
1607 1294 1641 1321 At
1652 1294 1731 1321 modo

935 1330 1058 1362 dixeras,
1072 1331 1139 1357 nihil
1153 1332 1179 1357 in
1192 1332 1234 1358 his
1246 1332 1327 1359 rebus
1338 1341 1396 1359 esse
1405 1353 1411 1364 ‚
1424 1332 1496 1367 quod
1509 1333 1658 1358 interesset.
1699 1332 1732 1358 Et

937 1376 1008 1394 nunc
1029 1368 1100 1394 idem
1121 1368 1195 1400 dico,
1212 1370 1330 1404 inquiet,
1348 1370 1396 1396 sed
1411 1370 1444 1396 ad
1461 1371 1574 1396 virtutes
1585 1374 1609 1395 et
1621 1368 1654 1395 ad
1667 1369 1731 1395 vitia

937 1405 1004 1431 nibil
1023 1406 1161 1432 interesse.
1202 1406 1299 1434 XXVI.
1315 1408 1357 1434 72.
1375 1407 1442 1440 Quis
1458 1408 1540 1438 istuc,
1557 1415 1666 1442 quaeso,
1684 1414 1731 1432 110-

935 1442 1055 1469 sciebat?
1075 1444 1174 1470 Verum
1191 1444 1344 1471 audiamus.
1366 1445 1426 1475 Ista,
1440 1445 1538 1479 inquit,
1551 1452 1620 1479 quae
1635 1443 1730 1470 dixisti

936 1479 1040 1511 valere,
1057 1480 1218 1516 locupletem
1234 1490 1307 1513 esse,
1325 1490 1377 1509 non
1393 1481 1496 1513 dolere,
1515 1481 1582 1508 bona
1595 1490 1646 1508 non
1658 1481 1728 1510 dico.

935 1517 984 1544 sed
995 1517 1084 1544 dicam
1100 1518 1200 1545 Graece
1211 1520 1372 1555 προηγμένα,
1386 1519 1478 1546 Latine
1489 1524 1577 1546 autem
1587 1520 1728 1552 procincta:

936 1554 984 1581 sed
997 1558 1145 1590 praeposita
1161 1560 1357 1590 autpraecipua
1367 1556 1450 1583 malo:
1474 1557 1513 1583 sic
1527 1555 1694 1583 tolerabilius
1706 1560 1731 1582 et

937 1591 1057 1619 mollius.
1097 1593 1143 1619 llla
1160 1598 1263 1625 autem,
1280 1599 1439 1630 egestatem,
1453 1594 1586 1624 morbum,
1600 1592 1728 1623 dolorem,

937 1638 989 1656 non
1007 1630 1113 1665 appello
1129 1630 1212 1662 mala,
1230 1631 1291 1662 sed.
1309 1632 1332 1658 si
1346 1631 1423 1663 libet,
1445 1634 1598 1658 reiectanea.
1639 1631 1730 1665 Itaque

937 1666 982 1693 illa
1003 1676 1055 1694 non
1077 1668 1138 1695 dico
1153 1677 1196 1695 me
1211 1674 1349 1704 expetere,
1366 1669 1414 1696 sed
1432 1668 1532 1704 legere,
1565 1676 1612 1695 nec
1628 1673 1728 1704 optare,

936 1704 984 1731 sed
999 1714 1118 1732 sumere:
1153 1708 1283 1734 contraria
1299 1712 1451 1733 autemnon
1468 1706 1572 1742 sugere,
1593 1705 1640 1732 sed
1651 1707 1730 1740 quasi

936 1750 1085 1769 secernere.
1125 1743 1196 1776 Quid
1213 1745 1249 1771 ait
1265 1743 1420 1771 Aristoteles
1441 1743 1594 1779 reliquique
1613 1743 1730 1769 Platonis

936 1779 1057 1806 alumni?
1079 1780 1112 1807 Se
1122 1782 1222 1812 omnia,
1235 1790 1304 1817 quae
1315 1781 1466 1808 secundum
1480 1786 1600 1808 naturam
1611 1781 1673 1810 sint,
1683 1780 1731 1806 bo-

937 1826 969 1843 na
990 1817 1139 1853 appellare;
1171 1828 1242 1854 quae
1265 1824 1469 1849 autemcontra,
1493 1818 1571 1845 mala.
1613 1817 1730 1844 Videsne

936 1855 1032 1890 igitur,
1050 1856 1184 1882 Zenonem
1201 1861 1276 1883 tuum
1288 1865 1350 1882 cum
1363 1857 1486 1884 Aristone
1498 1856 1588 1883 verbis
1599 1856 1730 1882 consiste-

936 1900 977 1923 re,
991 1901 1018 1919 re
1029 1892 1176 1920 dissidere:
1199 1902 1262 1920 cum
1273 1894 1415 1920 Aristotele
1426 1899 1451 1920 et
1463 1893 1517 1920 illis
1530 1902 1556 1920 re
1568 1894 1727 1920 consentire.

936 1930 1027 1956 verbis
1048 1930 1218 1966 discrepare?
1246 1931 1300 1958 Cur
1321 1932 1412 1967 igitur,
1436 1940 1522 1966 quum
1542 1931 1575 1957 de
1590 1940 1617 1957 10
1631 1939 1730 1958 0011νο-

936 1968 1004 1998 11131,
1023 1976 1074 1994 11011
1091 1969 1219 1995 malimus
1235 1970 1331 1996 usitate
1344 1968 1436 2004 loqui?
1470 1968 1638 1999 Autdoceat,
1653 1977 1730 2003 para-

936 2005 1030 2031 tiorem
1042 2013 1084 2032 me
1099 2005 1132 2032 ad
1143 2006 1366 2033 contemnendam
1379 2006 1521 2041 pecuniam
1534 2005 1602 2037 l'ore,
1620 2007 1643 2032 si
1656 2006 1729 2032 illam

938 2042 963 2068 in
980 2041 1061 2068 rebus
1076 2044 1250 2078 praepositis.
1267 2052 1349 2079 quam
1365 2044 1388 2070 si
1400 2045 1427 2070 in
1439 2043 1516 2070 honis
1528 2043 1643 2070 duxero!
1677 2043 1730 2070 101-

936 2079 1085 2114 tioremque
1102 2081 1130 2107 in
1141 2080 1267 2115 patiendo
1277 2081 1377 2112 dolore,
1390 2082 1414 2107 si
1428 2089 1490 2107 eum
1501 2090 1627 2115 asperum
1640 2086 1664 2107 et
1675 2079 1729 2107 dis-

936 2115 1034 2142 licilem
1050 2125 1180 2152 perpessu
1191 2123 1218 2145 et
1227 2123 1317 2145 contra
1328 2123 1450 2145 naturam
1461 2126 1530 2149 esse,
1543 2127 1624 2152 quam
1636 2119 1660 2144 si
1672 2126 1729 2144 nia-

936 2152 1005 2183 111111,
1023 2153 1127 2181 dixero.
1167 2155 1209 2181 7³.
1228 2155 1321 2182 Facete
1332 2155 1368 2182 M.
1381 2155 1456 2186 Piso,
1477 2154 1617 2182 familiaris
1629 2160 1726 2183 noster.

934 2194 960 2216 et
979 2189 1030 2216 alia
1052 2191 1150 2222 multa,
1167 2196 1193 2218 et
1209 2192 1259 2218 hoc
1274 2191 1331 2219 1000
1349 2192 1453 2219 Stoicos
1471 2192 1609 2219 irridebat.
1656 2191 1727 2224 Quid

934 2227 1006 2253 enim
1022 2228 1127 2255 aiebat?
1157 2229 1258 2255 Bonum
1276 2237 1357 2264 negas
1372 2237 1431 2255 esse
1442 2229 1565 2256 divitias:
1591 2229 1729 2265 praeposi-

934 2269 990 2291 tum
1002 2273 1060 2291 esse
1072 2264 1151 2292 dicis.
1182 2266 1253 2298 Quid
1264 2265 1395 2292 adiuvas?
1415 2267 1597 2293 Avaritiamne
1611 2265 1729 2292 minuis?

933 2301 1009 2334 Quod
1026 2303 1049 2328 si
1062 2302 1174 2329 verbum
1187 2304 1338 2338 sequimur.
1352 2304 1471 2338 primum
1485 2303 1591 2339 longius
1604 2304 1726 2331 verbum.

934 2339 1126 2374 praepositum,
1139 2348 1222 2375 quam
1234 2340 1346 2367 honum.
1369 2339 1441 2366 Nihil
1453 2340 1485 2367 ad
1498 2341 1566 2367 reml
1592 2341 1628 2366 Ne
1642 2341 1727 2367 sits-a-

933 2384 979 2403 ne.-
1002 2381 1028 2403 at
1041 2381 1111 2403 00110
1122 2378 1244 2412 gravius.
1267 2377 1334 2403 Nam
1346 2377 1446 2404 bonum
1458 2386 1491 2404 ex
1502 2377 1726 2412 quoappellatum

931 2415 974 2444 sit,
998 2414 1100 2445 nescim
1123 2415 1305 2449 praepositum
1321 2423 1354 2441 ex
1369 2423 1400 2441 eo
1417 2414 1509 2445 credo,
1526 2414 1599 2450 quod
1615 2423 1728 2450 praepo-

933 2455 1010 2477 natur
1020 2450 1091 2477 aliis.
1132 2451 1161 2478 ld
1173 2452 1241 2478 mihi
1253 2460 1381 2488 inagnum
1394 2451 1509 2478 videtur.
1550 2453 1641 2487 ltaque
1652 2452 1726 2479 dice-

932 2488 990 2519 bat,
1007 2487 1070 2523 plus
1085 2488 1167 2516 tribui
1183 2489 1289 2516 divitiis
1305 2499 1318 2516 a
1330 2490 1443 2519 Zenone.
1455 2490 1503 2524 qui
1514 2497 1559 2515 eas
1572 2490 1598 2516 in
1613 2498 1726 2525 praepo-

931 2525 991 2551 sitis
1013 2530 1135 2560 poneret,
1157 2535 1239 2562 quam
1259 2527 1293 2553 ub
1308 2526 1462 2555 Aristotele,
1482 2527 1530 2561 qui
1549 2526 1649 2553 bonum
1665 2535 1725 2554 esse

931 2562 1041 2589 divitias
1068 2562 1203 2590 fateretur.
1243 2563 1295 2590 Sed
1317 2572 1404 2599 nequo
1425 2572 1553 2599 magnum
1578 2564 1679 2591 bonum
1699 2570 1725 2591 et

931 2608 993 2634 prae.
1009 2600 1088 2627 rectis
1105 2600 1278 2636 honestisque
1289 2600 1515 2628 contemnendum
1530 2609 1560 2628 ac
1571 2601 1724 2637 despicien—

930 2637 1009 2667 (111111,
1027 2645 1075 2664 1100
1091 2646 1188 2675 magno
1197 2647 1276 2674 opere
1291 2638 1484 2674 expetendum:
1507 2640 1671 2675 omninoque
1690 2639 1724 2665 de

929 2674 1057 2702 omnibus
1073 2675 1132 2703 istis
1143 2676 1233 2704 verbis
1244 2686 1258 2703 a
1271 2677 1374 2704 Zenone
1387 2676 1542 2704 mumistia
1556 2676 1721 2713 disputabat,

1470 2726 1516 2751 ¹¹30
