1941 3052
416 153 463 178 IN
495 152 695 179 VERREM
727 151 880 178 ACT.11.

83 225 130 253 sed
143 225 178 252 do
190 225 241 252 hoc
254 223 330 250 vobis
342 228 366 249 et
376 223 491 249 concedo
500 231 568 253 esse,
585 222 684 249 multos
693 222 710 258 :)
723 223 751 249 in
765 223 815 249 hoc
828 222 878 248 ho-

82 263 155 289 mine
169 271 224 289 rem
239 261 380 288 adductam
395 261 422 286 in
436 260 567 286 iudicium
582 260 689 286 videtis.
711 259 782 292 Quid
792 260 877 286 facere

82 299 212 335 potestis?
236 299 345 329 Utrum,
365 307 450 333 quum
469 297 572 323 iudices
587 298 645 323 sitis
659 297 692 323 de
707 298 820 332 pecunia
834 305 878 322 ca-

82 341 140 372 pta,
161 336 313 366 conciliata,
333 339 433 362 tantam
451 335 592 369 pecuniam
607 339 711 369 captam
726 334 875 370 negligere3

83 383 129 406 an,
149 383 234 409 quum
249 373 292 399 lex
306 373 439 399 sociorum
454 381 548 398 caussa
567 377 656 407 rogata
674 372 722 403 sit,
743 372 876 398 sociorum

82 411 264 447 querimonias
279 419 330 436 non
345 409 455 436 audire‘?
469 411 526 435 219.
538 410 634 435 Verum
649 409 699 435 hoc
713 418 821 444 quoque
832 418 878 435 vo-

82 449 125 475 bis
144 449 263 474 remitto:
287 447 413 483 negligite
432 447 584 481 praeterita,
607 447 629 472 si
644 446 736 473 vultis.
778 446 831 472 Sed
845 454 878 472 ne

82 486 201 521 reliquas
220 494 282 520 spes
301 485 414 511 turbetis
433 489 512 519 atque
530 492 623 510 omnes
638 484 788 518 provincias
803 492 878 509 ever-

83 524 159 555 tatis3
179 523 206 549 id
221 522 366 558 providete,
384 530 416 548 ne
430 521 565 551 avaritiae,
581 529 650 556 quae
665 521 776 546 antehac
789 519 879 546 occul-

83 561 118 587 tis
132 561 274 586 itineribus
293 564 372 594 atque
390 559 513 594 angustis
532 559 570 584 uti
588 558 702 588 solebat,
724 558 878 584 auctoritate

82 603 171 624 vestra
185 598 256 624 viam
271 596 435 632 patefaciatis
449 596 582 622 illustrem
597 601 676 629 atque
691 595 779 621 latam.
810 595 877 620 Nam

83 635 107 662 si
120 635 170 662 hoc
184 635 302 670 probatis
316 638 342 661 et
355 634 378 660 si
394 633 471 659 licere
486 633 612 668 pecunias
631 633 682 658 isto
698 633 805 659 nomine
819 631 877 666 capi

82 672 222 703 iudicatis,
242 676 312 698 certe
327 672 389 702 hoc,
409 671 482 705 quod
496 670 584 696 adhuc
598 678 689 700 nemo,
711 669 763 695 nisi
776 669 878 704 impro-

83 710 224 740 bissimus,
241 709 311 740 fecit,
328 708 438 743 posthac
452 716 538 738 nemo,
556 707 608 733 nisi
623 707 811 737 stultissimus,
825 715 877 732 non

84 746 171 774 faciet.
211 746 328 781 Improbi
343 750 419 776 sunt,
439 745 486 779 qui
501 745 628 779 pecunias
643 749 732 771 contra
748 744 819 779 leges
833 752 878 770 co-

83 789 163 820 gunt3
180 783 265 814 stulti,
281 784 337 818 qui,
353 782 426 817 quod
442 782 519 808 licere
533 782 680 808 iudicatum
695 786 743 812 est,
760 785 877 816 praeter-

84 822 203 848 mittunt.
243 822 302 848 220.
322 820 431 851 Deinde,
448 819 561 850 iudices,
577 819 674 850 videte,
691 828 772 854 quam
786 818 878 844 infini-

83 864 137 886 tam
152 859 211 884 sitis
225 858 381 884 hominibus
396 856 530 883 licentiam
542 857 716 891 pecuniarum
728 855 878 891 eripienda-

83 905 143 922 rum
157 895 256 922 daturi.
296 895 337 926 Si,
354 899 442 921 ternos
457 895 580 921 denarios
594 895 642 929 qui
656 894 751 930 coegit,
768 894 817 919 erit
831 893 878 919 ab·

83 933 202 960 solutus:
227 936 380 967 quaternos,
396 932 504 967 quinOS,
520 932 602 958 denos
617 931 733 966 denique
747 936 792 957 aut
806 931 878 956 vice-

83 979 131 997 nos
145 974 221 1006 coget
234 970 313 996 alius.
353 969 426 1001 Quae
441 970 490 995 erit
503 968 693 1004 reprehensio?
713 969 740 994 in
755 977 809 1003 quo
823 968 879 1002 pri-

83 1017 158 1034 mum
176 1008 290 1034 iniuriae
303 1007 388 1043 gradu
402 1007 526 1033 resistere
541 1007 650 1041 incipiet
664 1006 792 1032 severitas
806 1005 879 1031 iudi-

82 1045 140 1072 cis‘?
164 1044 266 1077 Quotus
280 1045 330 1071 erit
343 1045 393 1071 iste
406 1044 546 1075 denarius,
562 1045 609 1079 qui
625 1052 676 1070 non
691 1044 726 1069 sit
740 1043 875 1073 ferendus,

83 1087 108 1109 et
125 1083 153 1109 in
171 1091 225 1117 quo
242 1082 360 1117 primum
379 1081 571 1108 aestimationis
590 1081 718 1116 iniquitas
733 1085 813 1115 atque
827 1081 879 1106 im-

83 1120 202 1155 probitas
220 1119 531 1154 reprehendatur?¹N0n
550 1119 621 1145 enim
641 1128 655 1145 a
669 1118 745 1145 vobis
760 1126 875 1148 summa,

82 1157 130 1184 sed
152 1166 238 1193 genus
261 1157 454 1183 aestimationis
478 1157 528 1183 erit
548 1156 764 1191 comprobatum:
791 1163 878 1190 neque

82 1195 133 1222 hoc
146 1195 257 1230 potestis
271 1194 403 1226 iudicare,
424 1194 506 1220 ternis
525 1193 642 1220 denariis
661 1194 801 1219 aestimare
816 1192 879 1219 lice-

82 1241 124 1264 re,
149 1232 226 1258 denis
245 1240 297 1258 non
317 1231 405 1258 licere.
445 1232 496 1258 U.bi
515 1231 586 1257 enim
605 1231 688 1257 semel
707 1231 740 1257 ab
759 1238 878 1256 annonae

83 1270 183 1296 ratione
197 1273 223 1296 et
236 1269 269 1295 ab
283 1273 416 1296 aratorum
431 1269 567 1295 voluntate
581 1277 622 1295 res
633 1268 665 1294 ad
677 1268 804 1303 praetoris
817 1268 879 1293 libi-

83 1307 174 1333 dinem
193 1306 285 1333 tralata
303 1310 355 1338 est,
385 1315 436 1333 non
456 1310 496 1333 est
513 1307 566 1332 iam
585 1307 612 1332 in
633 1306 690 1342 lege
704 1309 784 1340 atque
798 1305 824 1331 in
839 1304 879 1331 of-

83 1344 156 1376 ficio,
177 1344 224 1370 sed
243 1344 270 1370 in
285 1344 420 1370 voluntate
434 1344 574 1370 hominum
589 1348 668 1378 atque
682 1343 792 1369 avaritia
805 1343 879 1377 posi-

82 1386 126 1408 tus
141 1382 237 1408 modus
252 1381 421 1407 aestimandi.
463 1381 540 1407 XCV.
555 1380 722 1416 Quapropter
736 1380 759 1406 si
773 1389 820 1406 vos
835 1388 879 1405 se-

83 1419 136 1445 mel
154 1419 180 1445 in
200 1418 343 1445 iudicando
362 1418 441 1444 linem
460 1419 602 1453 aequitatis
621 1423 646 1444 et
662 1418 728 1453 legis
743 1417 880 1444 transieri-

82 1457 131 1483 tis:
156 1457 262 1487 scitote,
282 1465 329 1482 vos
349 1456 454 1482 nullum
469 1456 563 1482 ceteris
578 1456 605 1482 in
619 1455 784 1482 aestimando
798 1454 878 1481 finem

82 1493 261 1528 improbitatis
275 1498 301 1519 et
314 1493 440 1520 avaritiae
455 1493 606 1528 reliquisse.
647 1494 706 1519 224.
723 1492 813 1519 Videte
827 1492 879 1527 igi-

83 1536 134 1562 tur,
150 1540 232 1566 quam
247 1530 330 1557 multa
345 1530 426 1557 simul
441 1539 455 1557 a
470 1531 546 1557 vobis
561 1530 741 1565 postulentur.
781 1529 879 1556 Absol-

83 1569 137 1595 vite
160 1577 235 1599 eum,
263 1568 311 1603 qui
334 1577 363 1594 se
386 1567 498 1594 fateatur
521 1569 651 1594 maximas
670 1567 798 1602 pecunias
816 1575 878 1592 cum

82 1614 189 1632 summa
203 1606 336 1632 sociorum
350 1606 447 1631 iniuria
458 1606 572 1640 cepisse.
595 1606 652 1631 Non
664 1609 704 1631 est
714 1606 788 1631 satis.
811 1604 880 1630 Sunt

82 1642 128 1670 alii
142 1651 250 1678 quoque
264 1642 425 1677 complures,
442 1643 512 1669 idem
527 1643 574 1678 qui
590 1642 708 1669 fecerint.
740 1641 878 1668 Absolvite

82 1680 162 1707 etiam
176 1680 250 1711 illos,
271 1680 294 1706 si
308 1681 356 1715 qui
375 1684 451 1711 sunt,
472 1684 501 1707 ut
515 1689 569 1707 uno
582 1680 683 1706 iudicio
696 1688 777 1714 quam
793 1679 879 1714 pluri-

82 1726 141 1744 mos
163 1718 299 1753 improbos
323 1717 452 1744 liberetis.
493 1718 531 1744 Ne
555 1717 582 1744 id
603 1717 714 1752 quidem
738 1717 803 1743 satis
827 1721 876 1742 est.

81 1755 185 1786 Facite,
206 1759 235 1781 ut
252 1755 347 1781 ceteris
367 1755 477 1790 posthac
491 1755 562 1781 idem
578 1754 663 1781 liceat.
698 1754 811 1781 Licebit.
845 1754 879 1780 At

80 1792 132 1819 hoc
146 1800 239 1828 parum
255 1796 304 1819 est.
337 1792 493 1823 Permittite,
510 1796 539 1819 ut
554 1792 637 1823 liceat,
653 1792 746 1827 quanti
761 1792 878 1827 quisque

82 1829 156 1861 velit,
173 1830 237 1856 tanti
252 1830 383 1856 aestimet.
423 1830 592 1856 Aestimabit.
633 1829 735 1856 Videtis
750 1830 802 1856 iam
817 1837 879 1863 pro-

82 1866 164 1899 fecto,
184 1866 300 1898 iudices,
322 1867 371 1893 hae
389 1867 572 1894 aestimatione
585 1875 599 1893 a
614 1867 690 1893 vobis
709 1867 878 1902 comprobata

83 1912 170 1940 neque
192 1904 302 1931 modum
325 1904 435 1939 posthac
456 1905 582 1931 avaritiae
603 1905 764 1939 cuiusquam
791 1912 878 1939 neque

81 1949 194 1977 poenam
218 1942 396 1977 improbitatis
420 1941 547 1968 futuram.
588 1943 646 1969 222.
668 1942 740 1974 Quas
763 1941 798 1968 ob
824 1950 875 1972 res,

81 1979 148 2014 quid
162 1980 234 2015 agis,
254 1978 395 2005 Hortensi?
417 1979 515 2005 Consul
530 1987 558 2005 es
573 1979 743 2015 designatus:
770 1979 878 2014 provin-

82 2017 150 2042 ciam
165 2017 274 2043 sortitus
288 2025 330 2043 es:
350 2016 384 2042 de
397 2017 581 2042 aestimatione
596 2016 723 2042 frumenti
737 2025 822 2051 quum
837 2016 879 2042 di-

81 2061 140 2085 ces,
160 2053 199 2080 sic
218 2058 242 2080 te
261 2053 416 2085 audiemus,
440 2054 518 2088 quasi
537 2053 577 2085 id,
598 2054 670 2089 quod
688 2054 722 2080 ab
740 2055 792 2080 isto
809 2058 878 2080 recte

83 2090 181 2117 factum
193 2098 252 2117 esse
262 2090 399 2121 defendes,
416 2095 440 2117 te
453 2090 583 2117 facturum
596 2092 741 2126 profiteare,
754 2096 779 2117 et
788 2091 875 2126 quasi,

81 2127 155 2163 quod
172 2128 217 2154 isti
237 2127 339 2154 licitum
354 2136 413 2154 esse
427 2128 514 2159 dices,
536 2129 708 2155 vehementer
720 2129 814 2163 cupias
829 2129 877 2155 tibi

83 2164 171 2191 licere.
212 2165 307 2200 Atqui,
327 2165 350 2191 si
365 2165 391 2191 id
407 2165 509 2196 licebit,
531 2165 597 2192 nihil
612 2170 664 2197 est,
688 2166 760 2201 quod
779 2167 877 2201 putetis

82 2211 246 2238 quemquam
270 2202 381 2237 posthac
402 2203 623 2235 commissurum,
650 2207 679 2229 ut
700 2203 733 2229 de
756 2204 877 2238 pecuniis

82 2239 238 2275 repetundis
252 2239 422 2266 condemnari
437 2241 531 2275 possit.
571 2240 701 2273 Quantam
716 2241 788 2267 enim
802 2241 879 2276 quis-

82 2285 135 2312 que
152 2277 317 2312 concupierit
335 2277 490 2312 pecuniam,
511 2281 608 2304 tantam
629 2277 718 2304 licebit
736 2286 783 2313 per
796 2278 878 2304 cellae

82 2322 178 2341 nomen
193 2315 385 2341 aestimationis
399 2314 583 2351 magnitudino
597 2320 785 2350 consequatur.

136 2351 227 2378 XCVI.
249 2353 308 2378 223.
331 2352 363 2378 At
377 2352 447 2378 enim
462 2356 503 2378 est
516 2352 658 2386 quiddam,
673 2353 756 2387 quod,
773 2353 877 2379 etiamsi

81 2387 169 2423 palam
183 2389 211 2415 in
225 2388 393 2415 defendendo
407 2398 458 2415 non
472 2389 537 2415 dicit
550 2389 720 2420 Hortensius,
741 2395 828 2416 tamen
843 2390 876 2415 ita

81 2425 159 2457 dicit,
181 2430 209 2452 ut
223 2435 270 2453 vos
284 2426 310 2453 id
326 2427 456 2461 suspicari
471 2431 496 2452 ct
514 2427 628 2461 cogitare
648 2427 770 2461 possitis:
796 2427 878 2461 pcrti-
898 2445 900 2458 ,

81 2471 144 2489 nere
166 2462 216 2490 hoc
237 2463 269 2490 ad
291 2464 461 2490 commodum
484 2464 662 2496 senatoriun¹;
691 2465 822 2498 pertinere
844 2464 876 2489 ad
898 2469 900 2476 ’

81 2500 223 2527 utilitatem
237 2509 338 2531 eorum,
354 2501 401 2536 qui
416 2501 543 2532 iudicent,
559 2501 606 2535 qui
622 2501 647 2527 in
660 2501 804 2535 provinciis
815 2509 876 2526 cum

81 2541 210 2572 potestate
227 2542 273 2564 aut
290 2547 351 2564 cum
372 2538 500 2574 legatione
518 2547 546 2564 se
562 2537 664 2564 futuros
679 2538 822 2573 aliquando
836 2547 877 2564 ur—

80 2573 222 2601 biti-entur.
266 2575 417 2602 Praeclaros
445 2585 507 2601 vero
533 2576 672 2601 existimas
699 2575 802 2601 iudices
829 2584 876 2601 nos

80 2610 192 2643 habere,
207 2620 275 2648 quos
289 2611 384 2639 alienis
398 2613 512 2648 pcccatis
527 2621 700 2639 concessuros
715 2617 805 2647 putes,
822 2621 876 2647 qno

81 2647 187 2675 facilius
206 2649 279 2684 ipsos
297 2657 406 2684 peccaro
428 2650 512 2676 liceat.
553 2650 623 2685 Ergo
641 2650 668 2676 id
688 2650 813 2676 volumus
830 2658 876 2684 po-

81 2685 176 2721 pulum
191 2686 353 2719 Romanum,
375 2687 401 2714 id
415 2687 580 2722 provincias,
601 2687 627 2714 id
641 2687 727 2714 socios
743 2687 875 2713 nationes-

915 151 933 177 L
948 151 957 176 l
972 151 1000 176 B.
1023 150 1066 176 111.
1101 150 1120 176 C
1134 150 1155 176 A
1170 150 1198 176 P.
1233 151 1260 175 91
1285 165 1321 169 -
1341 152 1382 176 98.
1666 152 1715 175 :509

928 230 982 256 que
1000 225 1103 248 exteras
1122 221 1288 251 existimare,
1314 221 1337 247 si
1360 224 1495 246 senatores
1518 219 1648 250 iudicent,
1675 220 1724 246 hoc

928 262 998 285 certe
1020 267 1105 284 unum
1127 266 1213 294 genus
1236 258 1355 284 infinitae
1376 257 1504 292 pecuniae
1524 266 1571 291 per
1589 266 1723 283 summam

929 296 1056 322 iniuriam
1082 295 1215 331 cogendae
1242 295 1317 322 nullo
1342 295 1421 321 modo
1446 303 1526 329 posse
1548 294 1725 329 reprehendi?

929 333 1005 365 Quod
1020 334 1043 359 si
1056 333 1092 359 ita
1106 338 1159 363 est,
1181 333 1247 368 quid
1266 341 1411 367 possumus
1425 336 1514 359 contra
1529 331 1605 358 illum
1622 336 1724 366 praeto-

930 379 985 396 rem
1000 370 1099 400 dicere,
1115 371 1163 405 qui
1176 370 1296 405 quotidie
1311 369 1441 404 templum
1456 373 1539 399 tenet,
1554 369 1602 403 qui
1616 377 1725 403 rempu-

930 408 1027 434 blicam
1042 408 1136 434 sistere
1151 412 1229 443 negat
1243 416 1334 442 posse,
1352 408 1378 433 ni
1392 407 1425 433 ad
1439 411 1590 441 equestrem
1605 406 1724 432 ordinem

929 445 1028 471 iudicia
1043 445 1209 471 referantur?
1241 446 1298 471 221.
1319 444 1396 476 Quod
1410 445 1433 470 si
1447 444 1492 470 ille
1506 444 1555 470 hoc
1570 452 1653 470 unum
1668 444 1726 478 agi-

929 486 984 508 tare
997 482 1125 516 coeperit,
1143 491 1202 508 esse
1215 482 1323 517 aliquod
1338 491 1424 517 genus
1437 481 1571 517 cogendae
1586 481 1723 515 pecuniae,

929 524 1082 546 senatorum
1097 528 1239 546 commune
1253 524 1278 545 et
1292 520 1344 545 iam
1360 527 1441 554 prope
1454 527 1612 545 concessum
1627 518 1724 549 ordini,

929 565 984 592 quo
1001 565 1098 592 genere
1116 557 1149 582 ab
1169 557 1248 582 sociis
1270 557 1385 582 maxima
1405 557 1516 591 pecunia
1532 564 1578 590 per
1591 564 1725 581 summam

929 594 1055 620 iniuriam
1079 593 1226 624 auferatur,
1255 603 1342 628 neque
1366 594 1392 620 id
1417 594 1472 620 ullo
1490 593 1567 619 modo
1585 593 1725 619 senatoriis

930 631 1038 657 iudiciis
1053 631 1212 666 reprehendi
1227 640 1318 665 posse,
1336 631 1430 665 idque,
1446 631 1512 656 dum
1526 636 1649 665 equester
1662 629 1726 655 ordo

929 668 1068 699 iudicaret,
1085 677 1234 703 numquam
1248 677 1307 694 esse
1318 669 1508 694 commissum:
1524 668 1586 702 quis
1597 666 1727 694 obsistet?

929 706 991 740 quis
1010 706 1060 731 erit
1078 710 1130 731 tam
1149 705 1266 739 cupidus
1285 710 1419 736 vestrum,
1441 710 1494 731 tam
1513 704 1599 731 fautor
1613 705 1723 734 ordinis,

929 744 978 778 qui
992 743 1025 769 de
1040 742 1231 769 transferendis
1246 743 1354 769 iudiciis
1369 742 1453 777 possit
1467 741 1607 768 recusare‘?

985 780 1088 807 XCVII.
1110 780 1197 815 Atque
1217 780 1319 806 utinam
1339 784 1429 814 posset
1446 779 1535 814 aliqua
1554 780 1653 805 ratione
1677 779 1727 805 hoc

929 818 1043 848 crimen,
1064 817 1189 852 quamvis
1209 817 1287 848 falsa,
1309 817 1388 844 modo
1406 817 1522 843 bumana
1537 821 1615 851 atque
1630 817 1726 842 usitata

929 854 1085 881 defendere!
1110 855 1211 881 Minore
1230 854 1348 889 periculo
1368 858 1468 885 vestro,
1489 854 1590 880 minore
1608 853 1727 888 periculo

929 893 1128 928 provinciarum
1146 893 1268 918 omnium
1286 892 1449 918 iudicaretis.
1490 892 1603 927 Negaret
1621 891 1669 916 liae
1684 899 1727 916 ae-

929 930 1081 956 stimatione
1099 938 1128 955 se
1147 929 1247 956 usum?
1272 938 1320 956 vos
1334 929 1361 955 id
1375 929 1522 955 credidisse
1537 928 1652 958 homini,
1674 937 1726 953 non

930 967 1029 993 factum
1044 967 1232 1001 comprobasse
1246 967 1415 993 videremini.
1446 965 1526 992 Nullo
1539 965 1618 992 modo
1632 974 1727 1001 negare

929 1009 1030 1040 potest:
1054 1009 1165 1040 urgetur
1179 1013 1192 1030 a
1207 1009 1258 1031 tota
1272 1004 1374 1031 Sicilia:
1399 1012 1478 1030 nemo
1491 1008 1531 1029 est
1544 1012 1577 1029 ex
1591 1007 1663 1029 tanto
1677 1012 1728 1028 nu-

930 1051 1002 1068 mero
1016 1046 1162 1072 aratorum,
1183 1050 1197 1068 a
1215 1051 1270 1076 quo
1283 1042 1396 1077 pecunia
1410 1041 1492 1067 cellae
1507 1041 1613 1067 nomine
1628 1049 1679 1066 non
1693 1041 1728 1065 sit

930 1084 1031 1106 exacta.
1071 1081 1131 1106 225.
1153 1079 1256 1106 Vellem
1271 1080 1349 1105 etiam
1365 1079 1413 1105 hoc
1428 1083 1518 1113 posset
1535 1078 1636 1108 dicere,
1660 1077 1725 1103 nihil

930 1117 963 1143 ad
976 1126 1005 1143 se
1019 1117 1098 1143 istam
1113 1118 1241 1143 rationem
1260 1117 1404 1151 pertinere,
1434 1125 1481 1151 per
1498 1120 1652 1150 quaestores
1671 1123 1726 1140 rem

930 1154 1132 1180 frumentariam
1151 1163 1210 1180 esse
1224 1154 1445 1180 administratam.
1486 1154 1524 1179 Ne
1538 1152 1565 1179 id
1579 1152 1688 1187 quidem
1703 1152 1726 1177 ei

931 1191 992 1218 licet
1005 1192 1101 1223 (licere,
1119 1196 1256 1226 propterea
1270 1192 1343 1226 quod
1358 1192 1445 1226 ipsius
1461 1190 1561 1217 litterae
1572 1191 1724 1219 recitantur,

930 1229 964 1256 ad
977 1230 1098 1256 civitates
1112 1230 1145 1255 de
1159 1230 1241 1255 ternis
1256 1229 1372 1255 denariis
1387 1229 1495 1255 missae.
1536 1227 1609 1259 Quae
1623 1232 1662 1253 est
1678 1228 1725 1261 igi-

931 1271 974 1293 tur
987 1266 1126 1293 defensio?
1146 1267 1216 1297 Feci,
1232 1267 1304 1301 quod
1318 1267 1423 1302 arguis:
1439 1266 1513 1301 coegi
1529 1265 1655 1300 pecunias
1672 1274 1727 1290 ma-

930 1305 1017 1331 ximas
1031 1303 1113 1330 cellae
1128 1304 1248 1330 nomine:
1273 1304 1319 1330 sed
1335 1304 1383 1330 hoc
1398 1303 1465 1329 mihi
1480 1303 1567 1335 licuit3
1593 1302 1683 1332 vobis,
1704 1302 1725 1327 si

931 1342 1097 1376 prospicitis,
1120 1341 1218 1368 licebit.
1259 1341 1442 1367 Periculosum
1462 1340 1620 1375 provinciis,
1640 1348 1727 1375 genus

932 1379 1044 1405 iniuriae
1058 1378 1208 1405 confirmari
1224 1379 1336 1411 iudicio;
1358 1379 1538 1413 perniciosum
1554 1382 1642 1403 nostro
1655 1376 1724 1402 ordi-

931 1417 971 1447 ni,
996 1416 1127 1450 populum
1147 1417 1294 1442 Romanum
1313 1416 1478 1446 existimare,
1506 1424 1557 1441 non
1580 1423 1658 1449 posse
1682 1422 1727 1440 eos

931 1454 1067 1483 homines,
1088 1454 1136 1488 qui
1154 1454 1207 1488 ipsi
1227 1453 1333 1488 legibus
1352 1457 1503 1483 teneantur,
1525 1452 1596 1487 leges
1615 1452 1641 1478 in
1656 1451 1728 1477 iudi-

930 1491 1014 1517 cando
1028 1490 1152 1526 religiose
1166 1490 1318 1517 defendere.
1344 1490 1431 1525 Atque
1446 1491 1496 1516 isto
1511 1494 1638 1524 praetore,
1656 1488 1726 1514 iudi-

930 1538 987 1559 ces,
1004 1537 1056 1554 non
1071 1528 1158 1554 solum
1173 1527 1330 1554 aestimandi
1346 1527 1473 1554 frumenti
1489 1526 1584 1553 modus
1599 1535 1650 1552 nou
1666 1525 1725 1555 suit,

930 1566 977 1592 sed
997 1574 1028 1591 ne
1047 1566 1197 1600 imperandi
1217 1566 1338 1600 quidem.
1380 1566 1472 1599 Neque
1495 1565 1566 1590 enim
1589 1564 1629 1593 id,
1654 1562 1726 1598 quod

930 1603 1089 1633 debebatur,
1106 1603 1152 1629 sed
1167 1608 1297 1637 quantum
1312 1603 1481 1629 commodum
1497 1601 1556 1631 fuit,
1575 1601 1724 1635 imperavit.

931 1640 1069 1667 Summam
1081 1639 1174 1666 faciam
1191 1641 1268 1666 vobis
1282 1649 1315 1666 ex
1329 1639 1445 1674 publicis
1461 1639 1554 1665 litteris
1568 1643 1593 1664 et
1609 1639 1728 1664 testimo-

930 1679 983 1704 niis
1001 1677 1140 1704 civitatum
1160 1677 1286 1704 frumenti
1306 1678 1332 1703 in
1352 1677 1445 1703 cellam
1468 1676 1601 1711 imperati.
1642 1676 1727 1710 Repe-

930 1716 1004 1742 rietis
1018 1715 1165 1750 quinquies
1181 1719 1260 1746 tanto,
1278 1714 1389 1745 iudices,
1406 1714 1522 1748 amplius
1538 1714 1628 1743 istum,
1645 1721 1726 1747 quam

929 1757 1060 1788 quantum
1075 1753 1099 1779 ei
1114 1753 1140 1779 in
1155 1752 1250 1778 cellam
1265 1760 1372 1778 sumere
1387 1751 1488 1777 licitum
1504 1751 1551 1781 sit,
1572 1750 1726 1776 civitatibus

931 1791 1086 1825 imperasse.
1127 1790 1198 1822 Quid
1212 1789 1244 1815 ad
1259 1790 1326 1816 hanc
1341 1789 1536 1823 impudentiam
1553 1788 1614 1814 addi
1629 1792 1724 1822 potest,

930 1829 952 1854 si
967 1833 992 1854 et
1005 1828 1157 1854 aestimavit
1171 1828 1249 1858 tanti,
1271 1832 1299 1853 ut
1319 1827 1440 1853 homines
1460 1826 1526 1852 ferre
1541 1834 1592 1851 non
1607 1829 1724 1860 possent,

929 1870 955 1892 et
970 1869 1042 1892 tanto
1056 1865 1131 1900 plus,
1152 1873 1232 1900 quam
1247 1869 1302 1891 erat
1316 1865 1339 1891 ei
1358 1872 1515 1891 concessum
1535 1863 1654 1898 legibus,
1676 1863 1728 1888 im-

929 1902 1051 1938 peravit‘?

985 1942 1044 1967 226.
1066 1939 1241 1974 Quapropter,
1258 1939 1362 1974 cognita
1379 1943 1429 1965 tota
1445 1947 1472 1964 re
1487 1937 1668 1967 frumentaria,
1685 1938 1727 1963 iu-

929 1977 1012 2009 dices,
1029 1978 1081 2004 iam
1095 1977 1221 2003 facillime
1232 1977 1382 2011 perspicere
1395 1976 1514 2010 potestis,
1531 1975 1657 2001 amissam
1668 1983 1726 2000 esse

931 2015 1030 2050 populo
1045 2016 1162 2041 Romano
1176 2014 1308 2044 Siciliam,
1327 2013 1568 2040 fructuosissimam
1586 2017 1665 2046 atque
1679 2021 1727 2046 op-

930 2053 1152 2087 portunissimam
1172 2052 1350 2087 provinciam,
1373 2052 1424 2077 nisi
1443 2060 1501 2076 cam
1522 2059 1568 2075 vos
1588 2050 1666 2075 istius
1680 2050 1727 2075 da-

930 2091 1064 2117 mnatione
1083 2090 1256 2125 recuperatis.
1297 2089 1366 2121 Quid
1387 2093 1427 2114 est
1444 2089 1514 2114 enim
1535 2087 1639 2117 Sicilia,
1660 2087 1682 2112 si
1702 2087 1724 2112 ei

929 2128 986 2162 agri
1000 2128 1145 2154 cultionem
1161 2127 1305 2153 sustuleris
1320 2131 1344 2152 et
1359 2127 1380 2152 si
1397 2130 1529 2152 aratorum
1546 2133 1686 2150 munerum
1698 2133 1726 2149 ac

931 2162 1026 2191 nomen
1042 2164 1223 2191 exstinxeris?
1235 2164 1305 2196 Quid
1321 2164 1391 2190 enini
1407 2167 1493 2198 potest
1507 2171 1566 2188 esse
1581 2162 1606 2187 in
1617 2161 1726 2187 calanti-

930 2207 981 2229 tate
995 2202 1110 2233 residui,
1131 2202 1203 2236 quod
1219 2211 1270 2227 non
1285 2201 1316 2227 ad
1333 2201 1444 2227 miseros
1458 2205 1572 2226 aratores
1588 2199 1638 2224 isto
1652 2207 1725 2232 prue-

929 2244 984 2266 tore
999 2249 1045 2275 per
1058 2248 1192 2265 suminam
1208 2239 1334 2265 iniuriam
1349 2238 1578 2273 ignominiamque
1598 2245 1726 2270 perrene—

930 2277 981 2303 rit'?
1002 2277 1112 2312 quibus,
1129 2285 1214 2311 quum
1229 2276 1356 2302 decumus
1370 2275 1432 2301 dure
1446 2275 1581 2302 deberent,
1600 2274 1644 2299 vix
1660 2274 1724 2307 ipsis

929 2314 1057 2340 decumae
1072 2314 1176 2340 relictae
1190 2318 1267 2340 sunt:
1290 2321 1375 2347 quum
1391 2313 1503 2347 pecunia
1518 2311 1666 2338 deberetur,
1683 2320 1725 2335 so-

931 2351 984 2377 luta
1000 2360 1051 2377 non
1065 2356 1118 2383 est,
1138 2359 1223 2385 quum
1238 2351 1337 2384 optima
1352 2350 1534 2375 aestimatione
1547 2352 1655 2373 senatus
1670 2347 1725 2373 sru—

930 2393 1049 2414 mentum
1069 2396 1114 2413 cos
1133 2389 1160 2414 in
1179 2387 1272 2413 cellam
1291 2387 1354 2413 dare
1370 2386 1510 2415 voluisset,
1531 2386 1609 2410 etium
1626 2390 1725 2410 instru-

930 2430 1017 2452 menta
1027 2434 1150 2460 agrorum
1163 2424 1277 2451 vendere
1287 2425 1369 2450 coacti
1380 2428 1452 2449 sunt.
1473 2423 1585 2448 xuvul.
1597 2423 1652 2448 227.
1666 2422 1722 2447 nixi

930 2463 980 2488 inm
996 2467 1080 2492 aittea,
1096 2462 1207 2492 iudices,
1225 2466 1254 2487 ut
1268 2461 1315 2487 bns
1329 2469 1422 2487 omnes
1437 2461 1548 2486 iniurias
1563 2459 1669 2488 tollatis,
1687 2465 1724 2485 ta—

930 2508 988 2526 men
1003 2500 1088 2534 ipsum
1104 2500 1230 2525 rationem
1245 2498 1335 2524 arandi
1350 2507 1398 2532 spe
1412 2499 1499 2532 magis
1517 2502 1541 2522 et
1561 2497 1724 2523 iucunditate

927 2537 1053 2572 quadam,
1069 2545 1150 2571 quam
1166 2536 1253 2562 fructu
1268 2541 1348 2570 atque
1361 2535 1541 2561 emolumento
1556 2535 1646 2560 teneri.
1680 2534 1724 2559 lit-

927 2575 998 2600 euim
1013 2573 1045 2600 ad
1061 2574 1190 2600 incertum
1205 2582 1296 2599 cusum
1311 2578 1336 2599 et
1347 2577 1472 2599 eventum
1482 2577 1570 2598 certus
1581 2572 1724 2606 quotannis

929 2611 1001 2637 labor
1015 2616 1041 2638 et
1053 2616 1141 2637 certus
1155 2615 1282 2645 sumptus
1303 2610 1476 2645 impenditur.
1519 2610 1628 2635 Annona
1647 2617 1724 2643 porro

928 2649 1056 2683 pretium,
1073 2649 1124 2675 nisi
1139 2649 1166 2674 in
1180 2647 1329 2674 calamitate
1343 2646 1492 2677 fructuum,
1514 2655 1564 2673 non
1580 2646 1672 2677 liabet;
1700 2646 1722 2671 si

927 2690 1014 2712 autem
1030 2685 1136 2713 ubertas
1151 2686 1177 2712 in
1197 2685 1375 2720 percipiendis
1395 2684 1527 2711 fructibus
1547 2683 1610 2714 fuit,
1630 2691 1723 2710 couse-
