1941 3052
212 161 259 185 308
778 162 820 187 22.
857 161 890 186 M.

211 235 262 256 teni
278 239 396 265 pugnare
411 240 461 258 non
477 236 575 266 potero.
599 232 646 260 An,
663 240 747 265 quum
763 240 807 256 cos
822 240 872 256 non
889 232 999 265 pots-rim
1022 232 1031 258 :¹

211 267 327 302 proferes
348 268 394 294 lios
414 274 543 298 recentes,
569 270 599 299 Q.
621 269 742 294 Catulum
763 273 876 302 patrem,
898 269 926 294 C.
948 268 1002 294 Μυ-
1029 265 1031 301 J

211 305 288 334 rium,
305 306 336 337 Q.
352 306 518 334 Sem-vulfini,
537 306 570 331 M.
586 306 724 335 Scaurum,
740 305 770 336 Q.
789 305 942 331 Metellum?
974 306 1001 331 ui

209 351 301 368 omnes
326 343 475 376 provincias
499 342 660 372 imbuerunt,
686 347 710 368 ct
734 342 896 368 frumentum
920 342 1001 368 celae
1022 340 1023 343 ’

211 380 316 405 nomine
333 380 538 413 imperaverunt.
572 379 663 412 Magna
679 384 718 405 est
733 379 872 405 hominum
887 380 1001 405 auctori·
1021 377 1023 398 ¹¹

210 421 249 442 tas
263 421 288 442 et
303 421 370 442 tanta
380 437 385 446 ,
403 421 429 441 ut
444 416 522 442 ctiam
536 416 625 441 delicti
640 417 821 451 suspicionem
837 422 924 451 tegere
939 425 1001 451 pos-

209 454 252 479 sit.

209 492 254 525 qui
271 499 355 524 nuper
370 490 485 520 fuerunt,
502 490 586 516 ullum
602 494 734 517 auctorem
750 491 828 517 istius
840 491 1000 517 aestimatio-

209 528 260 553 nis.
301 528 358 559 Quo
378 536 419 552 ine
438 528 532 562 igitur,
552 527 643 554 autad
657 536 726 563 quae
741 528 861 563 exempla
877 527 1001 554 revocas?

209 565 248 591 Ab
264 564 317 590 illis
333 565 501 595 hominibus,
517 565 564 599 qui
579 569 636 591 tum
652 565 747 591 versati
762 570 825 591 sunt
840 566 866 592 in
882 565 999 600 republi-

207 610 250 631 ca,
271 610 354 635 quum
374 606 399 627 et
417 602 510 636 optimi
526 611 612 628 mores
627 606 700 628 erant
714 607 738 629 et
753 602 892 629 hominum
907 603 1000 629 existi-

208 639 288 664 matio
301 639 391 673 gravis
406 639 553 665 habebatur
569 643 595 666 et
609 639 706 666 iudicia
721 648 812 666 severa
831 640 942 670 fiebant,
966 639 998 665 ad
1019 650 1021 671 ,¹

208 676 274 702 lianc
290 676 428 702 hominum
445 676 576 703 licentiam
591 681 617 703 et
629 677 767 703 libidinem
779 686 820 703 me
831 676 961 703 abducis?
973 681 998 703 et
1018 683 1020 686 ⁴

208 714 233 739 in
247 722 315 748 quos
330 713 432 748 aliquid
447 713 563 749 exempli
577 713 694 749 populus
708 715 842 741 Romanus
857 715 936 740 statui
948 723 999 749 pu-
1018 726 1019 731 ¹

207 755 243 776 tat
260 755 393 785 oportere..
414 751 447 777 nb
466 751 498 777 iis
518 756 545 777 tu
559 751 724 778 defensionis
737 751 859 786 exempla
873 750 999 787 quaeris?

206 788 263 814 Non
283 787 357 823 fugio
375 796 407 814 ne
426 788 474 814 hos
492 788 601 823 quidem
621 797 721 820 mores,
741 788 887 815 dummodo
905 797 938 815 cx
957 789 998 814 tiis

205 833 248 855 ea,
269 833 338 860 quae
352 826 444 860 probat
459 825 575 860 populus
589 826 724 853 Romanus
738 826 873 861 exempla,
891 835 941 852 non
956 835 994 856 ea,

205 871 274 897 quae
296 863 468 893 condemnat,
496 872 650 898 sequamur.
691 864 748 890 Non
771 863 995 898 circumspiciam,

205 909 257 927 non
275 908 401 934 quaeram
421 899 497 927 foris:
519 901 602 927 habeo
621 901 722 927 iudices
742 906 842 932 tecum,
863 901 996 935 principes

204 975 323 1001 ctoritate
337 979 408 1005 sunt,
425 975 504 1001 tantis
519 976 598 1001 rebus
611 976 704 1011 gestis,
722 981 751 1002 ut
765 976 792 1002 in
807 975 853 1002 illo
864 975 997 1010 antiquis-

204 1013 334 1038 simorum
348 1012 612 1047 clarissimorumque
627 1013 775 1043 hominum,
792 1013 824 1039 de
838 1012 939 1048 quibus
951 1021 997 1038 an-

204 1053 243 1083 tea
258 1049 323 1080 dixi,
341 1058 452 1076 numero
465 1055 634 1085 reponantur.

204 1095 274 1117 mus,
292 1091 316 1113 et
330 1095 358 1113 ea
374 1096 425 1114 non
440 1088 558 1122 antiqua.
593 1087 669 1114 Modo
684 1092 796 1122 uterque
811 1087 905 1114 horum
920 1095 997 1113 exer-

203 1128 285 1150 citum
301 1124 404 1150 habuit.
429 1124 540 1157 Quaere,
557 1125 687 1156 Hortensi,
703 1126 829 1160 quoniam
845 1129 869 1151 te
884 1125 995 1150 recentia
1016 1132 1018 1151 .·

203 1161 324 1196 exempla
339 1161 478 1193 delectant,
494 1162 560 1197 quid
575 1162 693 1188 fecerint.
723 1162 794 1188 Itane
809 1161 888 1188 vero‘?
900 1161 930 1194 Q.
947 1161 997 1188 Ca·

203 1198 276 1225 tulus
296 1198 428 1226 frumento
446 1204 486 1226 est
504 1208 584 1230 usus,
605 1200 744 1234 pecuniam
765 1208 815 1226 non
830 1200 924 1235 coegit.
965 1199 993 1225 P.

203 1235 334 1262 Servilius
348 1237 566 1271 quinquennium
580 1237 709 1263 exercitui
723 1245 808 1272 quum
824 1241 957 1271 praeesset
971 1240 996 1262 et

202 1273 252 1299 ista
272 1274 371 1300 ratione
390 1273 613 1300 innumerabilem
632 1275 772 1309 pecuniam
793 1274 876 1300 facere
895 1278 992 1308 posset,

202 1318 254 1337 non
273 1311 366 1337 statuit
384 1311 436 1337 sibi
454 1311 603 1346 quidquam
624 1311 715 1342 licere,
735 1311 808 1346 quod
827 1320 877 1337 non
893 1315 994 1346 patrem

201 1356 296 1378 suum,
321 1356 372 1375 non
391 1357 472 1375 avum
487 1348 519 1380 Q.
538 1348 674 1375 Metellum
695 1348 779 1375 facere
801 1348 922 1375 vidisset.
964 1347 992 1374 C.

201 1385 295 1411 Verres
307 1386 462 1420 reperietur,
478 1386 534 1420 qui,
550 1386 622 1421 quod
633 1386 765 1421 expediat,
781 1386 807 1412 id
820 1385 897 1412 licere
908 1384 995 1411 dicat?

200 1422 273 1456 quod
287 1431 377 1454 nemo,
394 1423 446 1449 nisi
461 1423 609 1457 improbus,
626 1423 724 1454 fecerit,
738 1423 766 1450 id
780 1423 892 1449 aliorum
903 1431 995 1449 exem-

201 1459 245 1494 plo
262 1468 291 1486 se
310 1459 406 1486 fecisse
419 1459 562 1487 defendat?
588 1460 622 1487 At
636 1461 662 1487 in
676 1460 766 1487 Sicilia
781 1460 927 1486 factitatum
942 1464 992 1486 est.

200 1496 267 1523 XCI.
283 1496 356 1529 Quae
369 1502 410 1524 est
423 1498 473 1524 ista
487 1498 602 1524 conditio
616 1497 742 1524 Siciliae?
764 1497 826 1529 Cur,
841 1506 910 1532 quae
923 1497 994 1532 opti-

200 1543 242 1561 mo
257 1535 314 1560 iure
328 1539 435 1570 propter
445 1539 612 1567 vetustatem,
629 1535 792 1565 fidelitatem,
809 1535 994 1570 propinquita-

200 1576 251 1598 tem
267 1580 325 1598 esse
339 1572 426 1604 debet,
443 1572 506 1599 huic
518 1573 659 1607 praecipua
672 1572 714 1599 lex
725 1573 840 1599 iniuriae
849 1571 994 1598 definitur?

199 1611 258 1635 eta.
270 1609 321 1636 Sed
335 1610 362 1636 in
377 1610 427 1636 ista
441 1610 500 1645 ipsa
513 1609 612 1641 Sicilia,
629 1618 681 1636 non
695 1618 821 1645 quaeram
837 1609 992 1644 exemplum

200 1646 277 1672 soris:
295 1647 343 1673 lioc
357 1647 416 1681 ipso
429 1655 463 1674 ex
475 1646 588 1673 consilio
602 1652 661 1673 utar
673 1646 815 1682 exemplis.
837 1646 866 1673 C.
882 1645 993 1672 Marcel-

200 1683 238 1715 le,
254 1688 279 1710 te
293 1684 407 1718 appello.
448 1683 554 1710 Siciliae
568 1684 734 1719 provinciae,
754 1693 838 1719 quum
853 1692 927 1710 esses
946 1691 993 1718 pro

198 1720 317 1751 consule,
334 1720 484 1756 praefuisti.
515 1722 585 1748 Num
599 1730 669 1756 quae
683 1721 709 1747 in
724 1725 770 1747 tuo
783 1721 897 1756 imperio
911 1729 993 1755 pecu—

199 1758 257 1784 niae
275 1757 357 1784 cellae
375 1759 483 1785 nomine
500 1763 604 1785 coactae
622 1758 702 1785 sunt?
728 1759 822 1793 Neque
839 1767 888 1794 ego
902 1758 991 1784 hocin
1012 1775 1014 1780 .

200 1800 243 1821 tua
268 1794 345 1821 laude
368 1803 450 1829 pono:
475 1795 526 1822 alia
548 1800 611 1822 sunt
634 1800 679 1822 tua
697 1795 764 1822 facta
783 1799 863 1830 atque
880 1795 990 1822 consilia

198 1841 304 1858 summa
319 1831 396 1859 laude
409 1832 502 1868 digna,
523 1833 623 1868 quibus
641 1833 714 1859 illam
730 1838 758 1859 tu
772 1833 938 1868 provinciam
952 1831 992 1858 af·
1018 1857 1021 1866 ,

199 1869 294 1895 tlictam
309 1874 334 1896 et
347 1870 479 1905 perditam
492 1870 601 1896 erexisti
615 1875 694 1905 atque
707 1871 840 1896 recreasti.
863 1871 930 1896 Nam
943 1870 992 1896 hoc

197 1907 230 1933 ‹le
244 1907 310 1933 cella
324 1915 357 1933 ne
370 1907 488 1942 Lepidus
501 1907 612 1942 quidem
628 1907 736 1939 fecerat,
756 1908 800 1934 cui
815 1912 843 1934 tu
857 1907 992 1934 successi·
1012 1925 1013 1930 .

279 1944 352 1976 Quae
370 1949 434 1971 sunt
452 1945 500 1971 tibi
518 1945 600 1980 igitur
613 1945 735 1979 exempla
749 1945 777 1971 in
792 1944 883 1971 Sicilia
897 1944 988 1975 cellae,
1011 1970 1019 1980 Ἴ,

197 1982 219 2007 si
235 1981 284 2008 hoc
297 1981 397 2008 crimen
412 1990 464 2008 non
479 1983 557 2008 modo
570 1982 688 2008 Marcelli
703 1982 778 2014 facto,
795 1982 842 2008 sed
853 1991 886 2008 ne
898 1981 990 2017 Lepidi
1011 1995 1012 1999 =

198 1945 239 1970 sti.

196 2019 306 2053 quidem
322 2023 397 2053 potes
410 2018 572 2045 defendere?
599 2021 658 2046 213.
672 2020 714 2046 An
728 2028 770 2046 me
784 2019 818 2046 ad
832 2020 868 2046 M.
881 2019 990 2046 Antonii

197 2056 408 2082 aestimationem
427 2055 554 2083 frumenti
573 2057 792 2092 exactionemque
805 2057 934 2092 pecuniae
948 2065 990 2082 re-

198 2098 339 2119 vocaturus
353 2092 400 2119 es‘?
416 2094 463 2124 Ita,
479 2093 576 2129 inquit,
593 2093 625 2120 ad
639 2094 675 2120 Μ.
691 2094 809 2120 Antonii.
849 2094 903 2120 Hoc
917 2095 988 2120 enim

196 2130 262 2156 mihi
277 2130 444 2166 significasse
457 2135 483 2157 et
496 2132 624 2158 annuisse
638 2131 714 2158 visus
728 2136 778 2158 est.
799 2131 840 2158 Ex
849 2131 990 2158 omnibus-

197 2176 228 2193 ne
243 2168 326 2203 igitur
337 2167 428 2202 populi
439 2168 550 2194 Romani
562 2169 738 2203 praetoribus,
754 2168 921 2197 consulibus,
937 2169 990 2195 im-

197 2205 362 2239 peratoribus
375 2205 410 2231 M.
422 2205 567 2232 Antonium
578 2205 710 2242 delegisti,
727 2210 752 2232 et
765 2206 824 2232 eius
838 2215 923 2232 unum
937 2206 989 2232 im-

197 2242 389 2276 probissimum
404 2242 515 2273 factum,
531 2243 603 2278 quod
617 2242 768 2270 imitarere‘?
793 2243 826 2269 Et
840 2243 884 2269 hic
899 2248 987 2269 utrum

196 2280 260 2305 milii
276 2279 385 2306 difficile
398 2284 439 2306 est
451 2279 552 2311 dicere,
571 2289 605 2307 an
619 2280 662 2306 his
676 2281 843 2312 existimare,
863 2281 900 2307 ita
918 2289 946 2307 se
959 2281 987 2307 in

195 2316 241 2343 illo
255 2317 358 2343 infinito
371 2317 483 2352 imperio
497 2318 533 2343 M.
548 2318 694 2344 Antonium
707 2318 840 2354 gessisse,
860 2322 890 2344 ut
903 2318 989 2344 multo

196 2354 239 2380 isti
254 2355 432 2388 perniciosius
447 2355 482 2381 sit
495 2355 592 2386 dicere,
608 2363 637 2381 se
651 2355 678 2381 in
693 2364 720 2381 re
730 2355 929 2390 improbissima
941 2364 988 2382 vo-

197 2391 278 2416 luisse
291 2392 437 2418 Antonium
451 2392 563 2423 imitari,
583 2401 665 2427 quam
679 2392 703 2418 si
717 2393 814 2427 possit,
833 2392 985 2423 defendere,

196 2428 261 2453 nihil
276 2428 303 2454 in
319 2429 371 2455 vita
385 2437 415 2455 se
425 2429 460 2455 M.
473 2429 579 2456 Antonii
593 2429 682 2456 simile
696 2429 802 2456 fecisse.
823 2430 950 2456 Homines
959 2430 987 2456 in

195 2464 303 2491 iudiciis
321 2466 354 2492 ad
371 2466 473 2492 crimen
491 2466 704 2497 defendendum,
726 2475 791 2497 uon,
811 2467 878 2501 quid
897 2466 988 2493 fecerit

194 2501 339 2536 quispiam,
355 2502 471 2537 proferre
485 2503 580 2534 solent,
596 2504 644 2530 sed
657 2504 724 2538 quid
738 2504 865 2538 probarit.
904 2505 988 2530 Anto-

195 2538 283 2569 nium,
303 2547 388 2573 quum
407 2540 490 2567 multa
504 2545 593 2567 contra
608 2541 740 2567 sociorum
755 2540 882 2572 salutem,
903 2540 986 2567 multa

194 2579 282 2601 contra
297 2575 437 2603 utilitatem
452 2578 650 2612 provinciarum
665 2582 691 2604 et
704 2577 802 2604 faceret
814 2582 840 2604 et
849 2578 983 2613 cogitaret,

195 2612 221 2638 in
240 2612 337 2638 mediis
351 2614 457 2640 iniuriis
471 2615 530 2641 eius
543 2619 569 2641 et
582 2615 776 2649 cupiditatibus
790 2623 862 2641 mors
875 2623 987 2650 oppres—

194 2649 238 2675 sit.
279 2650 318 2676 Tu
333 2650 412 2681 mihi,
432 2652 510 2686 quasi
524 2652 613 2678 omnia
627 2652 686 2678 eius
700 2651 767 2678 facta
781 2656 861 2686 atque
874 2651 986 2678 consilia

194 2690 311 2718 senatus,
323 2687 450 2722 populus,
462 2688 564 2715 iudices
574 2689 780 2723 comprobarint,
791 2689 985 2716 itaM.Antonii
1005 2709 1008 2714 .

294 455 352 479 2¹0.
378 454 432 479 Non
453 453 534 478 habes
554 462 585 479 ne
604 461 636 479 ox
652 453 694 479 his
708 454 817 488 quidem
834 454 998 484 hominibus,
1020 479 1022 487 A

1020 491 1021 530 ζ
1051 491 1212 521 aestimatio,
1237 500 1307 526 quae
1325 492 1420 518 aratori
1439 501 1490 519 non
1510 493 1589 519 modo
1607 493 1772 520 incommoda
1792 502 1844 520 non

674 1052 732 1077 211.
748 1050 876 1085 Exempla
890 1050 997 1085 quaeri·
1017 1047 1025 1080 ,¹

926 161 955 187 T.
991 159 1265 187 CICERONIS

1053 231 1176 266 exemplo
1199 232 1277 258 iatius
1299 231 1436 258 audaciam
1460 232 1602 259 defendis?
1630 233 1708 260 xcii.
1730 234 1787 260 itt.
1812 234 1845 260 At

1054 269 1123 294 idem
1139 268 1200 294 fecit
1214 268 1351 295 Sacerdos.
1393 270 1531 296 Hominem
1551 271 1716 297 innocentem
1731 276 1755 296 et
1770 279 1845 297 sum-

1030 314 1031 325 *
1054 315 1094 332 rna
1110 305 1248 340 prudentia
1264 306 1413 340 praeditum
1428 307 1564 333 nominas:
1589 307 1635 333 sed
1651 312 1707 334 tum
1723 307 1792 334 idem
1808 307 1845 334 fe-

1053 343 1122 368 cisse
1149 343 1198 369 erit
1223 343 1433 374 existimandus,
1461 344 1484 370 ni
1502 344 1594 371 eodem
1613 344 1725 371 consitio
1743 345 1843 372 fecerit.

1054 380 1118 406 Nam
1137 388 1224 415 genua
1242 380 1434 407 aestimationis
1453 381 1542 416 ipsum
1557 390 1571 407 a
1586 390 1628 408 me
1643 391 1790 417 numquam
1805 387 1844 408 eat

1053 417 1259 452 repa-hennum:
1280 417 1326 443 aed
1345 418 1404 444 eiua
1422 419 1542 452 aequitas
1559 424 1691 445 aramrum
1705 419 1846 446 commodo

1052 459 1076 480 et
1091 454 1226 480 voluntate
1241 454 1424 489 perpenditur,
1446 455 1503 481 Non
1518 460 1603 490 potest
1618 456 1775 491 reprehendi
1791 456 1844 483 ulla

1051 533 1100 558 est,
1116 529 1163 555 sed
1178 529 1256 554 etiam
1271 533 1343 564 grata
1358 534 1408 555 est.
1442 529 1579 560 Sacerdos,
1597 535 1625 556 ut
1639 531 1665 557 in
1680 531 1843 566 provinciam

1051 566 1132 596 venit,
1150 565 1314 592 frumentum
1329 566 1355 592 in
1369 566 1464 592 cellam
1480 567 1631 601 imperavit.
1670 568 1758 599 Quum
1773 573 1846 595 esset

1050 607 1111 629 ante
1125 612 1225 629 novum
1241 603 1320 629 tritici
1335 603 1443 630 modiua
1455 603 1573 630 denariis
1586 605 1722 640 quinque.
1742 605 1842 640 petive-

1050 645 1113 666 runt
1130 641 1163 666 ab
1181 649 1212 667 eo
1229 641 1364 670 civitates,
1385 645 1414 667 ut
1431 641 1591 667 aestimaret.
1631 642 1778 668 Remissior
1794 642 1841 669 ali-

1049 682 1150 712 quanto
1163 678 1222 703 eius
1237 677 1287 703 fuit
1301 678 1459 709 aestimatio,
1474 687 1555 713 quam
1571 687 1684 705 annona.
1719 679 1785 706 Nam
1799 688 1840 706 ae·

1049 715 1169 741 stimavit
1181 715 1298 741 denariis
1315 723 1352 741 ιιι.
1390 715 1480 745 Vides,
1497 715 1617 742 eamdem
1631 717 1842 743 aestimationem

1050 757 1156 787 propter
1170 753 1297 787 temporis
1311 752 1560 779 dissimilitudinem
1572 753 1598 779 in
1610 753 1656 779 illo
1667 753 1755 780 laudis
1765 761 1840 780 caus-

1026 805 1027 811 ι
1049 798 1106 815 sam
1122 789 1228 819 habere.
1245 790 1270 815 in
1287 794 1310 815 te
1324 790 1454 820 criminis,
1471 790 1498 816 in
1513 790 1559 816 illo
1573 790 1703 821 beneficii.
1721 791 1747 817 in
1762 795 1786 817 te
1801 790 1842 817 in-

1025 838 1026 845 *
1049 826 1150 852 iuriee‘?
1170 828 1228 853 215.
1244 826 1343 853 Eodem
1360 831 1477 862 ternpore
1491 832 1595 862 praetor
1607 828 1739 854 Antonius
1754 836 1782 854 iu
1795 827 1844 854 de-

1018 877 1026 890 Ὶι
1049 864 1132 890 nariis
1155 864 1306 890 aestimavit
1329 868 1389 898 post
1410 873 1525 891 messem
1549 874 1654 891 summa
1679 866 1704 891 in
1729 864 1839 895 vilitate,

1018 911 1026 926 ,ι
1048 910 1132 936 quum
1147 906 1262 927 aratores
1277 900 1441 927 frumentum
1455 901 1518 928 dare
1531 902 1614 938 gratis
1628 902 1772 928 malebant.
1810 902 1842 928 Et

204 937 330 968 civitatis,
347 937 375 964 P.
392 937 535 964 Servilium
551 943 576 964 et
588 938 619 970 Q.
635 938 774 965 Catulum:
802 938 850 973 qui
865 943 933 964 tanta
949 946 997 963 au-
1018 945 1019 971 ζ
1048 938 1135 964 aiebat
1152 947 1181 964 se
1200 938 1327 964 tantidem
1346 939 1516 969 aestimasse,
1540 940 1633 974 quanti
1656 939 1840 969 Sacerdotem,

1049 984 1136 1010 neque
1150 975 1341 1002 mentiebatur:
1357 975 1404 1002 sed
1418 975 1510 1002 eadem
1522 976 1571 1002 ista
1583 977 1766 1003 aestimatione
1776 977 1843 1003 alter

1017 1015 1019 1017 ’
1048 1013 1202 1039 sublevarat
1215 1017 1341 1043 aratores,
1357 1012 1423 1039 alter
1436 1018 1575 1039 everterat.
1596 1013 1672 1046 Quod
1687 1014 1739 1040 nisi
1753 1014 1841 1040 omnis

1049 1050 1175 1076 frumenti
1190 1050 1256 1076 ratio
1269 1059 1302 1076 ex
1316 1050 1481 1085 temporibus
1496 1055 1566 1076 esset
1579 1055 1604 1077 et
1617 1059 1730 1080 annona.
1747 1059 1798 1077 non
1808 1059 1842 1078 ex

1049 1096 1159 1114 numero
1173 1096 1260 1122 neque
1274 1095 1307 1114 ex
1321 1096 1440 1117 summa,
1456 1087 1664 1114 consideranda:
1693 1096 1840 1123 numquam

1049 1129 1100 1151 tam
1115 1125 1183 1160 grati
1199 1125 1224 1150 lii
1239 1124 1426 1159 sesquimodii,
1442 1124 1474 1157 Q.
1486 1125 1616 1156 Hortensi,
1633 1124 1756 1155 fuissent,
1771 1133 1841 1160 quos

1048 1167 1076 1188 tu
1090 1171 1174 1197 quum
1189 1162 1221 1188 ad
1237 1170 1377 1188 mensurae
1391 1166 1444 1188 tam
1459 1163 1583 1198 exiguam
1599 1163 1726 1189 rationem
1742 1161 1842 1197 populo

1047 1200 1165 1226 Romano
1179 1200 1205 1226 in
1220 1199 1305 1234 capita
1324 1199 1530 1234 descripsisses,
1550 1200 1734 1235 gratissimum
1753 1199 1842 1226 omni-

1047 1236 1099 1263 bus
1115 1237 1210 1263 fecisti.
1242 1236 1344 1263 Caritas
1358 1237 1429 1263 enim
1443 1245 1563 1263 annonae
1579 1236 1700 1267 faciebat,
1717 1241 1745 1262 ut
1759 1237 1838 1267 istuc,

1047 1274 1119 1309 quod
1133 1283 1161 1300 re
1175 1282 1287 1309 parvum
1302 1273 1452 1304 videbatur,
1469 1278 1586 1309 tempore
1597 1282 1724 1309 magnum
1736 1273 1841 1300 videre-

1048 1316 1100 1337 tur.
1141 1311 1213 1337 Idem
1228 1312 1298 1337 istuc
1311 1311 1334 1337 si
1349 1311 1376 1337 in
1390 1310 1492 1337 vilitate
1506 1311 1606 1346 populo
1616 1311 1734 1337 Romano
1750 1310 1840 1347 largiri

1047 1348 1190 1379 voluisses,
1206 1348 1326 1374 derisum
1341 1352 1417 1374 tuum
1433 1348 1593 1374 beneficium
1607 1352 1678 1374 esset
1687 1353 1767 1383 atque
1776 1356 1841 1375 con-

1047 1390 1188 1421 temptum.
1210 1385 1301 1412 xclu.
1316 1387 1374 1411 2¹6.
1390 1385 1448 1412 Noli
1463 1386 1546 1421 igitur
1558 1385 1655 1416 dicere,
1671 1386 1753 1412 istum
1767 1385 1838 1412 idem

1046 1422 1152 1453 fecisse,
1167 1422 1240 1458 quod
1254 1422 1437 1455 Sacerdotem;
1457 1423 1584 1458 quoniam
1599 1431 1650 1449 non
1665 1423 1758 1449 eodem
1772 1427 1840 1449 tem-

1045 1469 1118 1495 pore,
1135 1468 1221 1495 neque
1234 1459 1318 1487 simili
1332 1459 1395 1486 fecit
1407 1468 1520 1486 annona.
1560 1460 1645 1487 Dicito
1658 1460 1756 1495 potius,
1771 1468 1840 1495 quo-

1046 1498 1116 1524 niam
1136 1497 1218 1524 habes
1237 1502 1371 1524 auctorem
1390 1497 1530 1528 idoneum,
1550 1497 1622 1532 quod
1636 1497 1768 1524 Antonius
1786 1505 1840 1524 uno

1044 1535 1162 1561 adventu
1175 1539 1201 1561 et
1214 1535 1262 1561 vix
1269 1535 1416 1561 menstruis
1426 1534 1534 1561 cibariis
1545 1534 1645 1565 fecerit,
1661 1534 1688 1561 id
1699 1535 1781 1561 istum
1792 1542 1840 1569 per

1021 1569 1023 1607 l
1044 1573 1191 1599 triennium
1210 1571 1319 1604 fecisse;
1344 1576 1370 1598 et
1387 1572 1466 1598 istius
1484 1572 1663 1598 innocentiam
1679 1572 1714 1598 M.
1729 1571 1838 1598 Antonii

1021 1611 1022 1628 ³
1044 1609 1112 1636 facto
1125 1614 1206 1644 atque
1219 1609 1373 1635 auctoritate
1386 1608 1531 1635 defendite.
1571 1609 1637 1635 Nam
1651 1609 1685 1635 de
1698 1607 1761 1636 Sex.
1775 1608 1839 1643 qui-

1043 1646 1104 1673 dem
1119 1647 1265 1676 Peducaeo.
1282 1646 1428 1673 fortissimo
1441 1650 1522 1681 atque
1535 1646 1756 1673 innocentissimo
1769 1646 1836 1676 viro.

1043 1683 1110 1719 quid
1127 1682 1241 1710 dicetis?
1265 1683 1302 1709 De
1319 1691 1374 1718 quo
1391 1683 1454 1718 quis
1471 1692 1600 1718 umquam
1619 1687 1706 1709 arator
1722 1687 1838 1718 questus

1043 1720 1102 1747 est‘?
1125 1725 1171 1747 aut
1192 1721 1255 1755 quis
1273 1729 1326 1747 non
1343 1719 1377 1746 ad
1395 1720 1445 1747 hoc
1463 1725 1570 1755 tempus
1588 1720 1836 1747 innocentissimam

1042 1758 1163 1784 omnium
1182 1757 1473 1794 diligentissimamque
1491 1762 1642 1792 praeturam
1661 1757 1736 1784 illius
1750 1757 1838 1784 homi-

1043 1796 1085 1822 nis
1095 1794 1278 1822 existimavit‘.>
1286 1795 1427 1821 Biennium
1438 1795 1603 1830 proxinciam
1613 1794 1738 1825 obtinuit,
1749 1802 1836 1829 quum

1042 1833 1108 1859 alter
1121 1841 1209 1859 annus
1223 1833 1250 1859 in
1265 1832 1376 1863 vilitate,
1392 1831 1458 1858 alter
1471 1832 1498 1859 in
1510 1841 1617 1858 summa
1627 1832 1735 1858 caritate
1745 1831 1835 1858 fuerit.

1042 1870 1112 1896 Num
1127 1875 1172 1896 aut
1185 1870 1213 1896 in
1227 1869 1328 1896 vilitate
1342 1878 1484 1896 nummum
1499 1874 1583 1896 arator
1595 1869 1740 1904 quisquam
1751 1868 1834 1896 dedit.

1041 1911 1088 1934 aut
1100 1908 1128 1934 in
1142 1908 1250 1934 caritate
1263 1907 1297 1933 de
1307 1907 1490 1933 aestimatione
1506 1906 1634 1933 frumenti
1648 1910 1763 1941 questus
1778 1905 1837 1932 est‘!

1041 1945 1074 1971 At
1089 1945 1209 1972 uberiora
1222 1944 1322 1971 cibaria
1335 1943 1403 1970 sacta
1416 1949 1480 1970 sunt
1493 1944 1610 1970 caritate.
1636 1943 1733 1971 Credo:
1749 1951 1836 1978 neque

1041 1982 1068 2009 id
1087 1987 1127 2008 est
1145 1991 1260 2013 novum,
1280 1990 1367 2016 neque
1380 1981 1640 2016 reprehendendum.
1680 1982 1739 2007 ΞΠ.
1757 1979 1837 2007 Modo

1041 2019 1070 2046 C.
1087 2019 1209 2046 Sentium
1228 2018 1362 2050 vidimus.
1381 2019 1519 2045 hominem
1537 2022 1625 2045 vetere
1639 2017 1684 2044 illa
1697 2026 1728 2044 ac
1740 2017 1836 2053 singu-

1043 2057 1089 2083 lari
1102 2057 1255 2084 innocentia
1267 2055 1429 2091 praeditum,
1444 2060 1552 2090 propter
1564 2055 1700 2082 caritatem
1715 2054 1836 2081 frumen-

1041 2095 1074 2125 ti,
1090 2103 1159 2130 quae
1173 2093 1258 2120 fuerat
1271 2094 1299 2120 in
1312 2093 1478 2123 Macedonia,
1494 2101 1667 2128 permagnam
1681 2101 1714 2119 ex
1726 2091 1835 2118 cibariis

1040 2132 1182 2166 pecuniam
1200 2131 1349 2166 deportare.
1389 2129 1567 2162 Quamobrem
1585 2138 1638 2156 non
1655 2137 1704 2165 ego
1726 2128 1835 2155 invideo

1041 2169 1094 2195 tuis
1107 2168 1270 2199 commodis,
1285 2168 1309 2194 si
1322 2176 1375 2203 qua
1389 2167 1422 2194 ad
1437 2172 1461 2194 te
1475 2167 1534 2204 lege
1547 2171 1692 2193 venerunt:
1706 2166 1833 2192 iniuriam

1016 2203 1018 2239 ξ
1039 2215 1150 2241 queror,
1170 2205 1368 2240 improbitatem
1387 2213 1515 2241 coarguo:
1534 2204 1673 2231 avaritiam
1691 2203 1718 2230 iu
1731 2203 1832 2230 crimen

1039 2248 1066 2270 et
1079 2244 1107 2270 in
1120 2243 1252 2270 iudicium
1266 2251 1341 2269 voco.

1094 2280 1171 2313 Quod
1185 2280 1208 2306 si
1222 2279 1392 2314 suspiciones
1402 2279 1510 2305 iniicere
1520 2277 1625 2307 voletis,
1640 2277 1673 2304 ad
1683 2276 1775 2312 plures
1784 2276 1834 2304 ho-

1039 2319 1126 2344 mines
1144 2322 1170 2344 et
1187 2317 1220 2343 ad
1238 2316 1329 2352 plures
1343 2316 1494 2351 provincias
1506 2315 1607 2342 crimen
1622 2314 1671 2341 hoc
1685 2314 1830 2349 pertinere:

1015 2370 1016 2374 =
1040 2364 1092 2382 non
1114 2363 1163 2388 ego
1184 2355 1264 2381 istam
1285 2353 1470 2380 defensionem
1493 2356 1607 2378 vestram
1633 2352 1830 2386 pertimescam,

1038 2392 1085 2419 sed
1099 2386 1145 2418 me
1155 2391 1277 2419 omnium
1290 2390 1488 2426 provinciarum
1501 2388 1668 2415 defensorem
1681 2397 1740 2415 esse
1750 2387 1832 2423 profi-

1038 2430 1122 2456 tebor.
1162 2429 1268 2456 Etenim
1286 2428 1337 2455 hoc
1353 2427 1414 2454 dieo
1430 2431 1457 2453 et
1473 2435 1570 2462 magna
1586 2434 1651 2452 voce
1668 2425 1742 2452 dico:
1765 2434 1832 2452 un·-

1038 2475 1156 2497 cuuocs
1180 2475 1233 2493 noc
1255 2474 1371 2492 nertin
1392 2472 1458 2495 ssr,
1482 2472 1607 2490 innon
1631 2471 1746 2489 neren
1764 2471 1828 2494 esu

1037 2512 1210 2535 Qnicnuous
1236 2511 1291 2530 noc
1315 2510 1416 2532 nen,
1448 2509 1603 2527 seper-icio
1631 2508 1739 2526 meses
1767 2507 1828 2526 ast.

1037 2541 1129 2568 XCIV.
1143 2542 1203 2568 2¹8.
1218 2540 1299 2570 Nam,
1314 2547 1362 2574 per
1373 2538 1439 2565 deos
1451 2537 1630 2564 immortales!
1645 2536 1742 2568 videte,
1758 2535 1830 2562 iudi-

1036 2587 1095 2609 ces,
1115 2583 1141 2604 et
1157 2577 1303 2613 prospicite
1319 2575 1430 2605 animis,
1449 2574 1517 2610 quid
1531 2574 1652 2601 futurum
1666 2574 1711 2600 sit.
1750 2572 1829 2600 Multi

1037 2624 1148 2651 magnas
1166 2614 1294 2650 pecunias
1311 2613 1346 2639 ab
1362 2612 1456 2638 invitis
1474 2611 1630 2638 civitatibus
1646 2615 1726 2646 atque
1739 2610 1773 2637 ab
1785 2610 1829 2636 in-

1037 2652 1100 2678 vitis
1112 2651 1262 2678 aratoribus
1279 2651 1329 2677 ista
1347 2649 1461 2679 ratione,
1485 2648 1568 2675 cellae
1589 2648 1711 2678 nomine,
1734 2655 1828 2683 coege-

1037 2693 1112 2716 runt:
1140 2688 1259 2724 (omnino
1276 2695 1326 2723 ego
1343 2686 1478 2714 neminem
1496 2686 1588 2717 video,
1612 2689 1716 2720 praeter
1732 2684 1826 2715 istum,
