1941 3052
501 124 551 149 DE
580 123 632 149 RE
664 123 857 150 PUBLICA
887 124 966 149 LIB.
998 124 1017 150 1.

86 202 172 229 quum
192 192 266 220 solus
286 197 366 219 esset.
406 195 447 220 28.
472 194 538 226 Quis
556 195 628 221 enim
650 199 742 229 putare
756 202 818 220 vere
834 203 882 229 po-

88 235 151 262 test,
173 230 235 265 plus
251 231 339 266 egisse
354 231 511 267 Dionysium
528 237 599 262 tum,
620 240 705 266 quum
720 232 809 258 omnia
824 240 882 257 mo-

87 267 176 294 liendo
191 268 321 302 eripuerit
339 268 446 295 civibus
461 270 518 295 suis
536 269 698 299 libertatem,
721 278 802 304 quam
823 270 882 295 eius

86 306 175 331 civem
190 304 394 336 Archimedem,
419 315 505 341 quum
524 307 603 332 istam
621 308 707 341 ipsam
729 306 879 341 sphaeram,

86 342 119 368 de
131 351 184 377 qua
195 342 273 368 modo
285 342 438 374 dicebatur,
456 343 524 370 nihil
540 353 625 378 quum
645 352 723 379 agere
735 343 879 374 videretur,

86 379 220 406 effecerit‘?
239 379 306 411 Quis
325 385 414 406 autem
435 389 486 407 non
504 382 590 416 magis
605 381 676 407 solos
692 389 764 411 esse,
790 381 837 415 qui
855 381 881 406 in

86 417 142 443 foro
153 417 299 452 turbaque,
317 418 428 452 quicum
443 417 561 452 colloqui
577 418 665 449 libeat,
688 427 739 444 non
756 418 879 448 habeant,

86 463 167 489 quam
193 455 241 489 qui
266 453 340 481 nullo
365 455 464 481 arbitro
487 455 529 482 vel
551 464 644 482 seeum
666 455 718 489 ipsi
740 454 882 490 loquantur

87 491 128 518 vel
150 492 229 526 quasi
247 491 464 518 doctissimorum
485 493 625 519 hominum
650 493 677 518 in
700 492 814 519 concilio
834 492 881 518 ad-

85 529 152 559 sint,
169 538 254 564 quum
270 538 363 556 eorum
380 530 495 556 inventis
511 531 673 565 scriptisque
689 538 717 556 se
731 528 882 556 oblectent‘.>

84 565 152 598 Quis
172 575 235 592 vero
250 566 404 594 divitiorem
420 576 585 602 quemquam
599 572 686 602 putet,
709 576 790 602 quam
807 575 878 596 eum,

84 603 130 630 cui
153 603 222 630 nihil
246 603 334 636 desit,
364 604 436 639 quod
464 604 574 639 quidem
608 610 702 631 natura
730 603 882 630 desideret?

84 646 131 667 aut
140 641 326 676 potentiorem,
339 650 421 676 quam
434 641 524 672 illum,
538 643 586 677 qui
597 643 700 672 omnia,
718 650 787 676 quae
799 650 881 675 expe-

84 682 134 708 tat,
151 678 348 713 consequatur?
368 684 413 705 aut
429 679 588 710 beatiorem,
606 688 687 714 quam
703 679 751 713 qui
762 679 797 704 sit
807 678 880 705 omni

83 715 284 751 perturbatione
300 717 384 743 animi
401 716 547 743 liberatus?
569 722 615 743 aut
632 716 747 742 firmiore
764 715 878 745 fortuna,

83 762 166 788 quam
182 753 230 788 qui
247 762 277 779 ea
293 754 442 788 possideat,
459 762 528 789 quae
543 763 650 785 secum,
668 758 697 780 ut
708 754 796 783 aiunt,
813 752 854 778 vel
866 761 880 778 e

83 790 225 826 naufragio
237 792 322 825 possit
336 790 445 817 efferre?
464 791 541 823 Quod
553 796 641 817 autem
657 791 814 825 imperium,
832 790 880 824 qui

84 830 270 864 magistratus,
293 828 366 863 quod
381 837 494 864 regnum
510 833 596 863 potest
610 836 670 854 esse
689 828 878 862 praestantius,

83 874 166 900 quam
185 865 379 900 despicientem
395 866 485 892 omnia
501 866 632 896 humana,
654 870 680 892 et
698 864 822 891 inferiora
838 874 881 890 sa-

82 903 184 938 pientia
196 902 348 933 ducentem,
362 902 430 929 nihil
442 911 571 938 umquam
584 903 637 929 nisi
649 903 843 937 sempiternum
855 906 881 928 et

82 940 209 966 divinum
222 941 312 966 animo
323 939 461 966 volutare‘?
478 940 522 966 cui
534 949 694 974 persuasum
706 941 740 966 sit
751 939 880 974 appellari

82 982 183 1003 ceteros
194 976 331 1008 homines,
347 985 405 1003 esse
416 977 486 1004 solos
498 986 555 1007 eos,
569 978 616 1012 qui
628 982 717 1003 essent
728 977 805 1012 politi
819 985 881 1011 pro-

82 1015 150 1050 priis
161 1014 336 1040 humanitatis
347 1014 469 1041 artibus?
488 1016 530 1041 ⁶29.
546 1015 579 1041 Ut
593 1015 661 1041 mihi
672 1014 789 1041 Platonis
801 1014 879 1045 illud,

82 1060 131 1078 seu
142 1052 204 1086 quis
214 1051 284 1078 dixit
294 1051 378 1083 alius,
394 1051 552 1088 perelegans
567 1060 625 1078 esse
638 1052 774 1085 videatur3
798 1060 880 1087 quem

81 1097 168 1124 quum
183 1098 217 1116 ex
232 1088 284 1116 alto
299 1090 403 1125 ignotas
418 1089 451 1115 ad
463 1094 545 1116 terras
556 1094 700 1124 tempestas
712 1094 737 1115 et
747 1090 775 1116 in
789 1089 881 1115 deser-

81 1131 140 1154 tum
152 1126 227 1153 littus
238 1126 392 1157 detulisset,
409 1127 567 1153 timentibus
578 1127 673 1153 ceteris
685 1131 793 1162 propter
803 1128 881 1162 igno-

82 1164 211 1190 rationem
219 1163 346 1195 locorum,
354 1163 576 1190 animadvertisse
583 1163 677 1190 dicunt
689 1165 715 1190 in
727 1173 805 1190 arena
816 1173 879 1200 geo-

82 1201 207 1228 metricas
219 1200 317 1227 formas
328 1201 460 1236 quasdam
471 1210 530 1227 esse
542 1201 703 1236 descriptas;
717 1210 784 1236 quas
797 1207 826 1228 ut
838 1202 880 1228 vi-

81 1239 181 1270 disset,
199 1238 408 1270 exclamavisse,
427 1244 456 1265 ut
471 1239 540 1266 bono
555 1244 644 1265 essent
660 1240 762 1271 animo;
786 1239 878 1265 videre

81 1277 154 1303 enim
165 1285 194 1303 se
207 1276 347 1303 hominum
360 1277 488 1312 vestigia:
505 1285 574 1312 quae
587 1276 713 1303 videlicet
724 1276 769 1302 ille
781 1285 833 1303 non
846 1286 879 1303 ex

81 1315 140 1349 agri
151 1314 295 1345 consitura,
309 1322 390 1348 quam
402 1313 539 1344 cernebat,
557 1313 604 1340 sed
615 1323 649 1340 ex
659 1313 794 1340 doetrinae
807 1313 880 1340 indi-

81 1352 132 1378 ciis
143 1351 376 1386 interpretabatur.
418 1351 503 1383 Quam
515 1351 549 1377 ob
561 1360 626 1382 rem,
640 1351 758 1381 Tubero,
772 1360 878 1386 semper

81 1388 151 1415 mihi
166 1393 192 1415 et
207 1389 326 1415 doctrina
341 1393 367 1415 et
382 1389 481 1415 eruditi
498 1388 620 1415 homines
634 1394 660 1416 et
672 1393 715 1415 tua
728 1389 777 1415 ista
789 1389 878 1416 studia

80 1425 249 1462 placuerunt.

136 1463 230 1490 XVIII.
252 1465 293 1490 30.
316 1464 384 1489 Tum
396 1463 517 1494 Laelius,
530 1463 588 1490 Non
600 1463 685 1489 audeo
697 1463 822 1498 quidem,
837 1464 879 1490 in-

81 1501 149 1536 quit,
162 1500 195 1527 ad
207 1501 266 1531 ista,
283 1500 384 1536 Scipio,
398 1500 500 1533 dicere;
515 1509 602 1536 neque
614 1505 666 1527 tam
679 1505 703 1527 te
715 1506 759 1528 aut
770 1501 878 1528 Philum

81 1543 127 1565 aut
137 1538 278 1565 Manilium
290 1538 301 1550 *
313 1538 325 1551 *
338 1538 348 1551 ’

273 1576 470 1609 (Desidet-antur
477 1578 589 1608 payinae
599 1576 688 1609 duae.)

82 1613 93 1625 *
106 1613 116 1623 *
129 1613 140 1624 *
152 1613 179 1639 in
196 1613 284 1647 ipsius
299 1617 408 1648 paterno
423 1621 520 1648 genere
535 1612 586 1639 fuit
602 1618 691 1639 noster
707 1612 752 1639 ille
764 1613 876 1645 amicus,

81 1649 181 1686 dignus
192 1650 256 1676 huic
267 1649 301 1676 ad
312 1649 484 1681 imitandum,

118 1690 216 1721 eyreqi'e
227 1690 349 1714 cordatus
359 1689 438 1717 homo,
453 1692 525 1713 catus
537 1687 616 1713 Aeliu·
628 1687 737 1717 Sarius,-

80 1725 129 1760 qui
144 1725 252 1761 egregie
268 1724 393 1751 cordatus
409 1729 435 1750 et
449 1729 524 1750 catus
540 1723 591 1750 fuit
607 1728 632 1750 et
648 1724 681 1750 ab
692 1725 778 1751 Ennio
789 1724 878 1751 dictus

80 1766 130 1793 est,
142 1770 194 1788 non
206 1761 279 1797 quod
290 1771 320 1788 ea
330 1762 484 1798 quaerebat,
493 1769 561 1796 quae
573 1770 721 1796 numquam
735 1762 876 1793 inveniret,

80 1798 128 1825 sed
140 1799 211 1834 quod
223 1808 252 1826 ea
267 1799 459 1834 respondebat,
477 1807 545 1834 quae
561 1807 620 1830 eos,
638 1799 685 1834 qui
697 1800 876 1834 quaesissent,

80 1841 106 1863 et
117 1845 179 1863 cura
191 1841 216 1863 et
226 1839 332 1873 negotio
342 1836 489 1863 solverent:
503 1837 602 1871 cuique
610 1841 699 1863 contra
707 1836 777 1863 Galli
789 1837 877 1863 studia

80 1873 230 1909 disputanti
242 1875 269 1900 in
280 1882 325 1901 ore
336 1882 443 1908 semper
454 1878 527 1900 erant
537 1873 582 1900 illa
593 1873 626 1900 de
638 1873 778 1910 Iphigenia
785 1874 878 1901 Achil-

81 1910 128 1938 lis:

117 1947 311 1982 stlroloqorum
322 1949 405 1981 signa,
421 1949 448 1973 in
459 1948 529 1974 caelo
539 1949 601 1981 qaid
610 1950 643 1974 sit
654 1950 770 1975 obsera-tt!
783 1949 857 1976 loris.

118 1988 195 2020 quum
207 1994 287 2019 capra
297 1989 342 2011 aul
353 1993 417 2018 nepa
427 1988 472 2011 aiil
483 1987 602 2010 eac-oritur
611 1987 700 2011 no'nmi
710 1987 816 2019 aliquod
827 1988 877 2012 bel-

450 2020 586 2059 timp-unq.

120 2060 193 2092 Quod
208 2060 238 2087 'st
251 2065 310 2086 ante
327 2062 403 2093 pedes
422 2063 494 2086 nemo
512 2063 622 2092 spoewe,-
644 2061 708 2086 cae‘li
727 2063 878 2086 scrutantur

488 2099 591 2130 plastas,

81 2134 168 2169 Atque
180 2133 267 2165 idem,
285 2133 400 2161 multum
416 2134 488 2160 enim
505 2134 582 2161 illum
596 2133 740 2160 audiebam
752 2138 778 2160 et
790 2133 878 2160 liben-

81 2177 133 2202 ter,
151 2171 263 2198 Zethum
279 2171 357 2198 illum
371 2172 478 2198 Pacuvii
491 2172 572 2198 nimis
589 2171 729 2197 inimicum
742 2171 877 2198 doctrinae
906 2172 908 2202 J

80 2217 139 2236 esse
151 2208 270 2235 dicebat:
292 2209 378 2244 magis
388 2217 450 2235 euni
462 2208 610 2235 delectabat
621 2208 811 2243 Neoptolemus
824 2209 876 2235 En-

80 2247 134 2278 nii,
155 2247 203 2281 qui
219 2254 248 2272 se
263 2246 300 2273 ait
314 2245 499 2281 philosophari
516 2245 598 2275 velle,
619 2246 667 2272 scd
684 2247 790 2280 paucis;
815 2255 876 2272 nam

80 2284 192 2311 omnino
203 2283 275 2310 haud
287 2283 400 2318 placere.
432 2283 508 2315 Quod
520 2284 542 2309 si
554 2282 642 2309 studia
655 2283 816 2310 Graecorum
830 2293 876 2309 vos

80 2326 152 2348 tanto
167 2329 247 2356 opere
263 2320 408 2351 delectant,
425 2325 487 2347 sunt
504 2320 554 2347 alia
572 2319 694 2347 liberiora
707 2326 731 2347 et
744 2320 875 2347 transfusa

81 2358 170 2390 latius,
179 2366 247 2393 quae
260 2358 301 2384 vel
313 2357 346 2384 ad
359 2366 438 2384 usum
451 2358 519 2384 vitae
532 2356 573 2383 vel
585 2359 665 2384 etiam
677 2357 710 2383 ad
723 2358 808 2393 ipsam
821 2367 875 2384 rem

80 2395 218 2431 publicam
228 2395 347 2422 conferre
361 2404 515 2429 possumus.
557 2395 622 2421 Istae
633 2394 743 2430 quidem
756 2400 838 2425 artes,
852 2396 875 2421 si

80 2432 160 2460 modo
170 2432 288 2468 aliquid,
303 2431 404 2462 valent,
425 2437 452 2458 ut
464 2431 585 2467 paullum
597 2437 692 2458 acuant
703 2437 728 2458 et
739 2437 875 2467 tamquam

80 2471 185 2497 irritent
196 2471 303 2506 ingenia
314 2478 469 2505 puerorum,
477 2478 531 2504 quo
543 2468 649 2496 facilius
661 2470 765 2504 possint
776 2470 874 2496 maiora

79 2507 194 2534 discere.

134 2544 208 2571 XIX.
225 2546 266 2571 31.
288 2544 356 2570 Tum
368 2543 486 2570 Tubero:
501 2543 558 2569 Non
570 2542 700 2569 dissentio
711 2552 724 2569 a
737 2548 769 2573 tc,
785 2542 871 2576 Laeli,

79 2580 126 2608 sed
137 2589 249 2617 quaero,
262 2589 332 2617 quae
343 2586 371 2608 tu
383 2589 441 2607 esse
454 2582 552 2607 maiora
565 2579 709 2616 intelligas.
743 2590 765 2606 ι.
784 2581 873 2607 Dicam

79 2617 247 2649 mehercule,
264 2623 290 2645 et
304 2624 458 2645 contemnar
473 2627 486 2644 a
503 2623 526 2645 te
544 2617 666 2646 sortasse.
684 2626 769 2653 quum
786 2623 812 2644 tu
824 2619 872 2645 ista

78 2655 203 2683 caelestia
214 2655 247 2682 de
253 2655 378 2692 Scipione
389 2656 547 2691 quaesieris,
561 2664 610 2692 ego
621 2660 709 2682 autem
722 2654 795 2685 tinec,
804 2664 873 2691 quae

1049 124 1139 150 CAP.
1174 125 1201 150 14
1221 139 1257 143 —
1278 126 1319 150 22,
1666 128 1728 153 ⁴¹77

934 194 1060 220 videntur
1075 200 1134 221 ante
1149 194 1254 226 oeulos,
1276 203 1335 221 esse
1351 195 1437 230 magis
1452 200 1545 229 putem
1562 197 1726 230 quaerenda.

933 231 1002 263 Quid
1014 232 1086 258 enim
1098 232 1166 258 mihi
1178 233 1207 258 L.
1220 232 1306 258 Paulli
1317 241 1414 266 nepos,
1428 233 1476 259 hoc
1488 233 1635 264 avunculo,
1650 235 1728 260 nobi-

934 269 1036 295 lissima
1054 270 1080 295 in
1097 268 1199 295 familia
1215 274 1294 304 atque
1311 270 1338 295 in
1355 270 1404 296 hae
1420 274 1471 296 tam
1488 270 1558 296 clara
1575 280 1602 297 re
1618 271 1727 305 publica

934 312 1020 336 natus,
1029 307 1141 341 quaerit,
1151 307 1284 341 quomodo
1295 307 1348 333 duo
1359 306 1430 333 soles
1442 308 1494 333 visi
1505 308 1568 338 sint,
1582 317 1633 334 non
1645 317 1729 343 quae-

934 344 980 374 rit,
1001 352 1049 369 cur
1065 344 1091 370 in
1107 352 1159 369 una
1175 353 1202 370 re
1218 343 1327 378 publica
1343 344 1396 370 duo
1411 350 1520 371 senatus
1536 350 1561 371 et
1576 345 1629 372 duo
1644 355 1728 380 paene

934 381 986 406 iam
998 380 1091 415 populi
1105 380 1176 407 sint‘?
1196 382 1272 411 Nam,
1289 386 1318 407 ut
1329 381 1435 412 videtis,
1450 391 1520 408 mors
1532 382 1633 409 Tiberii
1645 383 1729 410 Grac-

933 418 990 448 chi,
1008 423 1033 444 et
1048 419 1100 444 iam
1113 423 1171 444 ante
1184 423 1234 444 tota
1247 418 1321 444 illius
1333 420 1398 445 ratio
1411 419 1563 446 tribunatus
1574 420 1669 447 divisit
1680 430 1729 456 po-

933 454 1029 489 pulum
1046 464 1129 481 unum
1146 456 1172 481 in
1189 455 1256 481 duas
1273 461 1373 489 partes:
1397 456 1584 483 obtrectatores
1600 463 1689 484 autem
1704 464 1729 485 et

933 492 1019 518 invidi
1041 492 1189 526 Scipionis,
1212 493 1297 518 initiis
1318 492 1393 519 factis
1414 503 1428 519 a
1444 494 1472 520 P.
1490 494 1584 520 Crasso
1600 500 1625 521 et
1641 496 1728 530 Appio

934 529 1054 560 Claudio,
1063 535 1153 556 tenent
1165 529 1250 556 nihilo
1262 531 1362 560 minus,
1371 530 1426 556 illis
1439 533 1559 558 mortuis,
1568 538 1677 558 senatus
1689 532 1728 558 al-

933 572 1014 592 teram
1028 572 1128 601 partem
1140 567 1316 593 dissidentem
1328 576 1341 593 a
1357 568 1448 598 nobis,
1466 574 1571 595 auctore
1583 569 1688 596 Metello
1703 575 1728 597 et

933 604 958 629 P.
970 605 1072 630 Mucio:
1087 613 1173 638 neque
1186 604 1266 635 hunc,
1280 605 1327 639 qui
1339 614 1409 631 unus
1422 611 1520 639 potest,
1536 607 1673 633 concitatis
1685 616 1728 633 so—

932 642 982 667 ciis
993 647 1019 667 et
1030 643 1137 667 nomine
1149 642 1254 672 Latino,
1274 641 1427 668 foederibus
1441 643 1559 673 violatis,
1577 645 1727 670 triumviris

932 678 1147 704 seditiosissimis
1159 679 1263 713 aliquid
1275 679 1395 714 quotidie
1407 681 1468 705 novi
1482 681 1663 711 moventibus,
1680 682 1728 708 bo-

909 723 910 742 }
933 716 974 742 nis
988 717 1053 742 viris
1066 715 1245 750 locupletibus
1257 717 1432 751 perturbatis,
1450 717 1492 742 his
1505 722 1555 743 tam
1569 718 1727 752 periculosis

908 756 910 762 ⁴
933 753 1013 779 rebus
1025 753 1170 779 subvenire
1182 754 1330 787 patiuntur.
1365 756 1406 780 32.
1429 754 1514 785 Quam
1525 755 1559 780 ob
1571 764 1635 785 rem,
1650 757 1727 782 sime

933 790 1062 821 audietis,
1080 790 1276 821 adolescentes,
1294 790 1377 816 solem
1390 791 1502 817 alterum
1515 800 1546 817 ne
1562 794 1725 820 metueritis:

932 833 977 854 aut
988 828 1060 853 enim
1073 827 1165 853 nullus
1176 836 1234 853 esse
1246 833 1345 862 potest:
1363 833 1408 854 aut
1419 829 1453 854 sit
1465 837 1537 859 sane,
1551 834 1579 855 ut
1592 831 1666 855 visus
1677 835 1725 861 est,

933 864 1011 891 modo
1024 873 1055 890 ne
1067 865 1102 891 sit
1114 864 1255 897 molestus3
1278 870 1323 891 aut
1337 866 1405 891 scire
1416 866 1527 891 istarum
1545 875 1633 892 rerum
1648 867 1725 898 nihil,

932 907 990 932 aut,
1009 902 1115 928 etiamsi
1131 903 1248 928 maxime
1263 903 1394 932 sciemus,
1417 911 1466 928 nec
1482 903 1604 929 meliores
1620 904 1654 929 ob
1669 913 1728 931 eam

932 940 1072 965 scientiam
1084 948 1133 965 nec
1145 939 1275 965 beatiores
1287 948 1345 965 esse
1356 948 1515 974 possumus:
1532 946 1654 967 senatum
1667 951 1728 969 vero

932 981 958 1003 et
966 976 1098 1011 populum
1110 981 1139 1003 ut
1149 985 1234 1002 unum
1247 976 1403 1007 habeamus,
1417 982 1442 1003 ct
1454 978 1509 1003 fieri
1521 983 1614 1012 potest,
1631 984 1655 1005 et
1668 988 1729 1013 per-

933 1014 1075 1040 molestum
1087 1019 1139 1044 est,
1157 1014 1210 1040 nisi
1222 1014 1262 1044 fit,
1280 1019 1305 1040 et
1321 1022 1398 1040 secus
1413 1023 1470 1040 esse
1482 1016 1597 1045 scimus,
1616 1021 1640 1042 et
1653 1017 1729 1042 vide-

932 1061 1006 1082 mus,
1024 1052 1047 1077 si
1060 1051 1087 1077 id
1098 1051 1223 1077 effectum
1233 1051 1281 1082 sit,
1299 1056 1325 1077 et
1336 1051 1434 1077 melius
1446 1061 1493 1078 nos
1505 1062 1563 1078 esse
1576 1054 1692 1079 victuros
1704 1059 1728 1080 ct

932 1089 1047 1116 beatius.

986 1126 1048 1153 XX.
1071 1128 1112 1152 33.
1135 1126 1203 1152 Tum
1218 1126 1337 1152 Mucius:
1359 1125 1430 1158 Quid
1451 1135 1509 1152 esse
1526 1128 1608 1162 igitur
1623 1136 1725 1158 censes,

931 1164 1018 1194 Laeli,
1035 1163 1196 1190 discendum
1215 1163 1307 1194 nobis,
1330 1168 1359 1190 ut
1380 1163 1451 1190 istud
1471 1163 1576 1190 efficere
1592 1166 1728 1199 possimus

933 1202 1032 1236 ipsum,
1044 1200 1117 1236 quod
1129 1199 1267 1235 postulas?
1280 1210 1302 1226 ι.
1315 1200 1366 1226 Eas
1378 1206 1461 1229 artes,
1475 1210 1544 1235 quae
1555 1202 1685 1233 efficiant,
1701 1209 1729 1229 ut

932 1239 993 1266 usui
1005 1239 1109 1265 civitati
1120 1239 1221 1264 simus:
1236 1237 1262 1263 id
1274 1238 1346 1264 enim
1357 1246 1417 1264 esse
1428 1238 1673 1272 praeclarissimum
1685 1249 1730 1266 sa-

932 1277 1047 1311 pientiae
1064 1284 1164 1302 munus
1181 1275 1385 1310 maximumque
1401 1276 1508 1302 virtutis
1525 1276 1566 1301 vel
1581 1276 1728 1304 documen-

932 1319 987 1340 tum
1010 1313 1051 1339 vel
1068 1313 1187 1339 osticium
1203 1317 1277 1347 puto.
1318 1312 1403 1344 Quam
1419 1313 1453 1338 ob
1470 1322 1524 1338 rem
1541 1318 1570 1339 ut
1587 1314 1634 1339 liae
1648 1314 1728 1340 seriae

932 1351 1009 1377 nobis
1016 1351 1049 1377 ad
1060 1350 1220 1377 utilissimos
1231 1349 1396 1384 reipublicae
1407 1358 1544 1376 sermones
1556 1352 1728 1385 potissimum

931 1388 1114 1418 conferantur,
1131 1388 1284 1422 Scipionem
1297 1395 1436 1422 rogemus,
1455 1393 1482 1413 ut
1498 1388 1626 1422 explicet,
1645 1397 1726 1423 quem

931 1427 1067 1452 existimet
1078 1433 1136 1452 esse
1147 1425 1280 1459 optimum
1291 1429 1388 1450 statum
1400 1425 1527 1451 civitatis.
1565 1425 1663 1451 Deinde
1675 1426 1726 1452 alia

930 1471 1105 1498 quaeremus:
1128 1462 1230 1497 quibus
1245 1462 1373 1497 cognitis,
1392 1470 1470 1496 spero
1487 1471 1534 1488 nos
1548 1462 1580 1488 ad
1594 1462 1657 1489 haec
1670 1464 1726 1498 ipsa

931 1502 972 1527 via
994 1505 1183 1536 perventuros;
1208 1508 1355 1534 earumque
1378 1508 1465 1525 rerum
1487 1501 1630 1530 rationem,
1657 1509 1726 1535 quae

930 1547 1001 1564 nunc
1014 1539 1121 1568 instant,
1135 1536 1325 1572 explicaturos.

986 1575 1061 1601 XXI.
1080 1576 1121 1601 34.
1144 1574 1233 1606 Quum
1251 1574 1277 1600 id
1289 1579 1315 1600 et
1326 1573 1419 1600 Philus
1430 1579 1455 1600 et
1465 1573 1591 1600 Manilius
1603 1580 1627 1601 et
1638 1575 1727 1601 Mum-

931 1613 1002 1640 mius
1013 1612 1159 1639 admodum
1171 1611 1398 1646 approbavissent,-

1119 1665 1316 1697 (Desiderantar
1328 1666 1439 1696 pnqi'nne
1449 1665 1537 1696 duae.)

930 1711 948 1744 ἦ·
959 1710 1070 1737 Nullum
1083 1715 1122 1736 est
1133 1708 1303 1744 exemplum;
1322 1709 1400 1743 quasi
1416 1708 1486 1734 alius
1500 1709 1658 1735 assimulare
1671 1718 1724 1736 rem

931 1748 1068 1783 publicam
1084 1763 1120 1767 —
1132 1753 1277 1774 (Diomeden.
1288 1753 1304 1771 1.
1315 1758 1335 1776 p.
1346 1753 1389 1771 ειη.
1400 1753 1432 1771 mi.
1444 1753 1538 1772 inussit.)
1553 1748 1571 1780 ἦ
1586 1748 1685 1779 Quare,
1703 1749 1725 1773 si

931 1786 1025 1820 placet,
1034 1785 1121 1811 deduc
1132 1786 1278 1811 orationem
1291 1790 1362 1811 tuam
1375 1785 1407 1810 de
1419 1784 1491 1810 caelo
1503 1785 1534 1810 ad
1549 1785 1611 1810 haec
1623 1785 1724 1810 citima:

930 1823 1024 1871 {32:132
1032 1828 1052 1841 v.
1067 1823 1150 1841 Cltumn
1163 1828 1183 1846 p.
1198 1823 1228 1840 85.
1243 1825 1263 1840 et
1277 1827 1297 1840 v.
1311 1822 1430 1840 Deaueium
1445 1827 1464 1845 p.
1478 1824 1520 1840 2³2¹.
1536 1828 1553 1839 e.
1569 1822 1612 1840 Cle.
1627 1822 1640 1839 1.
1655 1821 1681 1839 lI.
1701 1822 1726 1840 «lc

930 1874 941 1886 *
955 1875 963 1885 ‘
976 1874 985 1885 ⁸
998 1882 1049 1900 non
1062 1873 1149 1899 solum
1161 1873 1195 1900 oh
1209 1881 1267 1899 eam
1279 1881 1402 1899 caussam
1415 1872 1471 1898 lieri
1484 1872 1570 1900 volui.
1588 1872 1727 1907 quoderat

930 1920 1046 1946 aequum
1061 1911 1094 1937 de
1110 1919 1138 1937 re
1154 1910 1262 1945 publica
1275 1911 1446 1945 potissimum
1463 1911 1613 1944 principem
1626 1911 1663 1935 rei
1676 1918 1726 1944 pu-

930 1948 1015 1975 blicae
1027 1948 1129 1979 dicere;
1154 1948 1201 1974 sed
1212 1949 1291 1974 etiam
1302 1947 1374 1982 quod
1390 1948 1577 1975 memineram,
1599 1956 1725 1981 persaepe

930 1991 954 2012 te
966 1995 1027 2012 cum
1036 1986 1159 2012 Panaetio
1170 1985 1302 2011 disserere
1314 1985 1423 2011 solitum
1435 1994 1522 2011 coram
1532 1984 1650 2019 Polybio,
1658 1984 1726 2010 ‹lim-

930 2023 982 2049 bus
993 2023 1103 2050 Graecis
1121 2022 1161 2048 vel
1179 2023 1352 2057 peritissimis
1368 2031 1456 2048 rerum
1468 2022 1605 2048 civilium:
1629 2021 1725 2047 mulin—

929 2069 982 2095 que
993 2060 1118 2095 colligere
1131 2069 1160 2086 ac
1170 2060 1274 2090 docere,
1287 2061 1419 2094 optimum
1434 2059 1510 2093 longe
1521 2065 1618 2085 snitum
1630 2059 1671 2084 civ
1679 2060 1725 2084 im-

907 2114 908 2128 ,
930 2098 963 2124 tis
975 2106 1033 2123 esse
1045 2106 1106 2123 eum
1116 2117 1121 2127 ,
1137 2105 1219 2131 quem
1231 2098 1345 2123 maiores
1357 2097 1439 2123 nostri
1452 2097 1529 2122 nobis
1542 2096 1722 2130 reliquissent.

907 2134 908 2166 ξ
929 2135 985 2166 Qua
999 2135 1024 2160 in
1037 2134 1220 2168 disputatione
1230 2134 1358 2168 quoniam
1371 2139 1398 2159 tu
1411 2134 1525 2168 paratior
1536 2142 1573 2163 es,
1584 2133 1686 2161 sei-eris.
1697 2138 1724 2158 ιιι

929 2172 1008 2198 etiam
1030 2180 1077 2205 pro
1098 2171 1139 2196 his
1159 2170 1262 2201 dicam,
1288 2170 1359 2196 side
1376 2179 1402 2196 re
1419 2170 1526 2205 publica
1543 2170 1608 2205 quid
1624 2171 1724 2196 sentias

906 2210 909 2225 l
929 2208 1082 2243 explicaris,
1097 2207 1174 2233 nobis
1185 2212 1290 2243 gratum
1302 2208 1440 2234 omnihus.

985 2245 1069 2271 xxii.
1091 2246 1132 2271 35.
1155 2245 1223 2270 Tum
1237 2244 1294 2270 ille:
1313 2245 1368 2270 Nou
1387 2253 1496 2278 possum
1511 2244 1637 2279 equidem
1649 2243 1723 2269 diee-

929 2291 955 2308 re
966 2303 970 2312 ,
985 2291 1026 2308 me
1038 2282 1091 2308 ulla
1104 2283 1130 2308 in
1142 2283 1302 2317 rogitatione
1313 2283 1402 2307 aerius
1413 2287 1457 2308 aut
1468 2282 1627 2315 diligentius
1639 2280 1723 2306 solere

930 2321 1038 2350 versari,
1052 2328 1133 2355 quum
1147 2328 1172 2345 in
1187 2320 1234 2345 ista
1248 2319 1314 2353 ipsa,
1327 2328 1396 2353 quae
1410 2319 1485 2346 milii,
1500 2319 1585 2345 Laeli.
1600 2328 1612 2343 a
1626 2324 1649 2343 te
1662 2326 1723 2352 pru-

929 2358 1045 2392 pouitur.
1086 2357 1191 2383 Etenim
1208 2365 1292 2391 quum
1306 2357 1332 2382 in
1345 2364 1393 2381 suo
1404 2364 1539 2390 quemque
1550 2364 1629 2389 opere
1640 2355 1723 2381 artili-

927 2404 995 2425 ccm,
1008 2395 1056 2429 qui
1067 2393 1178 2429 quidem
1191 2393 1313 2423 excellat,
1328 2393 1394 2419 ιιιΙιιΙ
1407 2393 1480 2418 aliud
1492 2398 1608 2427 cogitare
1617 2413 1622 2421 ,
1636 2392 1722 2419 medi-

905 2449 906 2452 =
928 2432 986 2462 tari,
999 2440 1092 2457 curare
1105 2431 1219 2459 videam.
1235 2431 1286 2457 nisi
1298 2439 1352 2465 quo
1362 2432 1395 2456 sii
1409 2431 1434 2456 iu
1448 2430 1492 2455 illo
1503 2439 1600 2464 genere
1613 2429 1719 2456 melior:

927 2478 989 2503 rgo,
1011 2477 1096 2503 quum
1112 2468 1179 2495 mihi
1191 2469 1226 2494 sit
1239 2477 1322 2494 unum
1333 2476 1401 2502 opus
1415 2467 1462 2493 line
1473 2476 1486 2492 a
1499 2467 1654 2501 parentibus
1666 2476 1723 2493 ma-

928 2506 1085 2541 ioribusque
1102 2506 1169 2532 meis
1186 2505 1322 2534 relictum,
1346 2510 1494 2539 procuratio
1510 2510 1589 2539 atque
1604 2504 1722 2531 admini-

926 2544 1017 2570 stratio
1029 2544 1065 2569 rei
1079 2543 1218 2578 publicae,
1235 2552 1286 2569 non
1299 2551 1340 2568 me
1353 2543 1504 2568 inertiorem
1516 2551 1574 2567 esse
1585 2542 1718 2571 confitear,

925 2590 1006 2616 quam
1017 2581 1141 2615 npiticeni
1153 2589 1332 2615 quemquam,
1350 2580 1373 2605 si
1386 2580 1475 2605 minus
1488 2580 1513 2605 iu
1527 2581 1642 2605 maxima
1655 2585 1718 2608 arie,

903 2642 905 2652 ,
925 2627 1006 2653 quain
1020 2618 1058 2644 illi
1072 2618 1097 2644 in
1109 2618 1240 2646 minimis,
1253 2626 1347 2652 operae
1359 2617 1592 2651 consumpserim?
1614 2619 1653 2642 36.
1667 2617 1719 2642 Sed

902 2654 906 2688 i
926 2664 1012 2691 neque
1025 2655 1067 2682 his
1082 2660 1222 2682 contentus
1238 2663 1313 2685 sum,
1331 2663 1399 2689 quae
1414 2654 1447 2680 de
1465 2655 1512 2680 ista
1527 2654 1720 2681 consultatione

1469 2703 1515 2727 HS
