1941 3052
211 116 270 140 ltt‘lli
773 117 825 141 tta.
862 115 894 140 M.
929 115 958 140 T.

994 115 1268 143 ‹zttztcttoxts

206 185 267 210 mali
281 186 440 219 praesc-ntia.
461 187 485 211 in
497 194 548 219 qun
560 186 685 218 opinione
699 184 764 210 illud
779 186 854 214 insit.
870 190 897 211 ut
909 186 995 219 aegri·
1016 189 1025 228 }¹
1048 185 1109 214 lert,
1127 195 1180 220 quo
1195 187 1273 213 modo
1286 188 1453 215 adhibeatur.
1496 190 1526 217 L't
1537 192 1609 218 enim
1623 193 1711 219 tulo-rit
1722 194 1840 229 quisque

207 222 325 248 tudmein
339 223 474 256 susc-ipera-
486 226 612 256 oporteat.

261 261 301 284 755,
318 259 429 284 .Icl‹litur
440 259 470 283 ad
486 259 761 284 hnm-detinitionema
769 259 872 285 Zenone
881 264 958 288 recte,
969 264 996 285 ut

207 296 250 322 illa
262 297 352 331 opinjo
365 297 510 329 praesenti-⁴
524 295 585 321 mnli
597 296 631 321 sit
643 304 744 322 reeens.
772 296 824 321 llo(¹
836 301 923 322 autem
938 306 993 322 ver-

206 334 269 359 htim
282 335 319 359 siv
333 334 545 366 interpretantur,
556 337 583 358 ut
595 342 645 358 nou
659 337 760 359 tantum
774 333 839 359 illud
853 343 944 359 reeens
954 342 997 359 es·
1016 336 1025 363 ⁴,

1024 400 1025 405 Ἰ
1049 372 1080 399 ti.
1101 371 1176 397 illum
1188 381 1237 397 suo
1250 372 1363 403 iudicio,
1381 379 1406 400 et
1416 376 1487 409 quod
1501 386 1527 401 se
1541 377 1574 403 ita
1587 383 1660 411 putet
1670 385 1790 413 oportere
1803 379 1841 405 la-

1016 426 1025 451 y*
1047 417 1120 438 t'l'l'e,
1139 418 1266 435 nlile'l'f'C.

206 379 232 395 -te
246 371 339 399 velint,
357 370 426 402 quod
441 369 530 403 paullo
541 375 600 395 ante
617 370 755 399 acciderit,
772 371 834 401 sed,
851 379 932 405 quam
948 370 995 396 diu

205 409 230 433 in
245 408 288 433 illo
301 408 407 440 opinato
423 406 491 432 malo
504 408 543 432 vis
554 407 685 441 quaedam
700 408 763 433 insit
776 412 802 433 et
815 408 902 441 vigeat
912 413 937 434 et
949 408 996 433 ha-

205 445 263 469 hent
283 445 427 478 qiiamdam
451 444 627 474 viriditatem,
649 449 700 470 tam
721 444 768 470 diu
789 444 939 479 appelletur
956 454 996 471 re-

203 490 278 506 eens:
298 486 325 506 ut
337 481 477 507 Artemisia
492 481 548 510 illa,
567 481 693 511 Mausoli,
707 482 798 507 (jariae
815 483 898 517 regis,
919 491 993 511 uxor,
1016 484 1025 502 =¹

202 518 365 552 «praenobile
379 518 629 544 ittmtttuticarnussi
644 519 704 545 sut-it
716 519 885 553 sepulerum,
899 528 996 554 quam-
1016 524 1017 529 ¹

201 555 247 580 diu
263 556 336 585 vixit,
347 556 413 581 vixit
426 556 450 581 iu
466 555 704 591 luctu,eodemque
716 557 794 582 etiam
807 556 996 583 consectaeon·
1016 554 1024 594 l.

338 593 403 618 lluic
423 597 478 618 erat
494 593 537 618 illa
554 593 645 627 opinio
660 593 780 628 quotidie
797 603 901 620 recens:
925 603 993 629 quae
1015 593 1024 634 ῥ’,

202 635 256 655 tum
273 629 390 664 denique
406 638 457 656 non
473 630 624 664 appellatur
639 640 744 661 recens,
761 640 846 666 quum
864 636 994 658 vetustate
1022 629 1024 677 J

1014 677 1016 686 ¹
1046 670 1172 703 positum,
1190 669 1323 696 aberravit
1333 673 1425 698 oratio.
1448 673 1487 699 Tu
1499 675 1570 700 enirn
1583 674 1615 700 de
1626 676 1746 709 sapiente
1757 684 1839 710 quae-

203 592 295 618 tahuit.

200 672 313 692 exaruit.
1014 696 1015 701 .

257 704 323 729 llaec
341 705 423 739 igitur
437 704 524 730 oslicia
540 710 603 731 sunt
613 705 823 735 consolantium,
847 705 938 732 tollere
949 715 994 731 ac·
1014 715 1016 739 ρ

199 741 363 773 gritudinem
377 741 512 772 funditus,
529 747 574 768 aut
585 742 691 773 sedare,
707 743 900 769 autdetrahere
911 752 993 778 (ptam
1014 765 1015 771 ,

199 820 244 841 aut
259 815 291 841 ad
305 815 355 841 alia
373 821 488 842 mentem
501 817 648 843 traducere.

198 852 317 878 osticium
329 853 490 879 consolantis
502 859 608 888 putent,
632 854 732 880 malum
745 854 811 880 illud
822 856 930 881 omnino
942 864 992 881 non
1014 881 1015 888 ,

199 898 266 919 esse,
281 895 308 916 ut
319 890 441 916 Cleanthi
454 891 548 925 placet.
580 891 656 921 Sunt,
671 893 717 926 qui
733 901 784 918 non
797 901 924 927 magnum
937 901 994 918 nia-

200 926 269 957 lum,
286 932 315 953 ut
326 928 503 962 Peripatetici.
543 929 623 959 Sunt,
641 930 687 963 qui
700 929 834 956 abducant
845 939 858 955 a
871 930 948 955 malis
959 931 992 955 ad

198 964 276 993 bonu,
291 969 319 990 ut
330 965 473 999 Epicurus.
500 965 576 996 Sunt,
590 967 636 1000 qui
649 968 714 992 satis
726 972 827 1001 putent,
841 968 990 997 ostendere,

199 1001 266 1027 nihil
280 1002 410 1036 inopinati
421 1002 561 1033 accidisse,
576 1003 642 1029 nihil
656 1003 729 1030 mali.
764 1004 932 1039 Chrysippus
944 1013 994 1030 au-
1013 1024 1014 1038 ³

199 1044 250 1064 tem
262 1044 342 1073 caput
355 1048 414 1065 esse
425 1045 516 1066 censet
529 1041 553 1066 in
570 1040 745 1071 consolando,
763 1041 900 1068 detrahere
919 1042 990 1068 illam
1012 1071 1014 1076 Ι

197 1077 351 1110 opinionem
366 1078 508 1107 maerenti,
524 1078 546 1103 si
559 1086 586 1103 se
598 1078 686 1104 oslicio
698 1078 774 1113 fungi
787 1084 861 1113 putet
873 1080 942 1105 iusto
953 1084 993 1105 at-

197 1121 249 1147 quc
261 1113 360 1140 debito.
401 1114 470 1140 Sunt
480 1115 570 1145 etiam,
583 1116 630 1150 qui
645 1115 708 1141 haec
719 1117 807 1142 omnia
819 1125 915 1151 genera
928 1125 992 1142 con·
1012 1115 1013 1123 ¹

197 1150 301 1176 solandi
319 1151 455 1185 colligant.
497 1152 573 1178 Alius
587 1153 659 1178 enim
677 1152 729 1179 alio
746 1153 824 1179 modo
839 1155 989 1184 movetur‘,

198 1192 225 1213 ut
238 1187 290 1214 l‘ere
303 1197 350 1214 nos
361 1189 449 1214 onmia
463 1189 488 1215 in
500 1189 707 1215 consolationem
722 1198 800 1216 unam
808 1191 988 1217 coniecimus:

196 1226 333 1251 eratenim
347 1226 373 1251 in
386 1231 488 1252 tumore
499 1227 747 1257 animus,et0mnis
763 1228 788 1253 in
799 1236 830 1254 eo
841 1228 992 1254 tentabatur

196 1263 306 1288 curatio.
347 1262 400 1288 Sed
420 1263 583 1290 sumendum
605 1269 711 1298 tempus
730 1269 770 1291 est
790 1273 840 1291 non
857 1266 947 1291 minus
964 1266 990 1291 in
1012 1279 1013 1288 ι

196 1300 346 1325 animorum
358 1300 467 1330 morbis,
481 1309 561 1335 quam
575 1302 601 1327 in
613 1310 767 1336 corporum:
782 1303 990 1329 utPrometheus

197 1336 240 1362 ille
253 1337 393 1372 Aeschyli:
407 1338 450 1363 cui
462 1346 547 1372 quum
557 1338 659 1364 dictum
671 1343 749 1369 esset,

232 1375 316 1407 Atqui,
328 1375 482 1403 Promethea.
496 1380 518 1401 te
529 1377 574 1401 ho'c
585 1381 667 1402 tenere
677 1379 804 1407 eaei'slimo,

232 1413 326 1437 mederi
337 1420 410 1444 posse
421 1415 547 1438 racionem
558 1415 710 1440 iracundiae
715 1424 724 1447 ‚-

196 1448 349 1481 respondet:

231 1486 260 1511 δι’
271 1488 379 1518 quidem,
391 1489 436 1520 qui
447 1489 618 1520 tempestivam
629 1489 781 1514 medicinam
794 1490 938 1520 admovens,

232 1531 280 1547 non
291 1525 325 1549 ad
335 1532 485 1555 yraveseens
496 1526 588 1551 vulnus
599 1526 685 1551 illidat
696 1534 794 1551 manus.

195 1559 305 1585 XXXII.
327 1561 369 1586 77.
388 1561 446 1587 Erit
460 1561 544 1596 igitur
554 1562 581 1588 in
593 1562 822 1589 consolationibus
833 1563 919 1597 prima
932 1572 989 1590 me-

194 1596 292 1627 dicina,
305 1597 400 1624 docere
411 1603 456 1625 aut
468 1598 574 1625 nullum
586 1599 687 1626 malum
699 1608 771 1630 esse,
785 1604 831 1626 aut
841 1600 987 1627 admodum

194 1642 320 1668 parvum:
342 1634 422 1662 altera
438 1640 464 1662 et
478 1635 511 1662 de
526 1637 663 1663 communi
682 1636 834 1664 conditione
855 1638 938 1669 vitae,
963 1643 989 1666 et

193 1672 312 1705 proprie,
328 1672 428 1707 siquid
440 1673 475 1699 sit
485 1673 518 1699 de
531 1674 631 1708 ipsius,
645 1675 693 1709 qui
705 1680 832 1704 maereat,
846 1674 988 1710 disputan-

192 1708 271 1734 dum:
290 1710 377 1740 tertia,
395 1719 530 1736 summani
545 1719 605 1737 esse
620 1711 762 1738 stultitiam
778 1711 876 1738 frustra
891 1713 986 1739 confici

193 1753 323 1776 maerore,
339 1755 424 1781 quum
442 1747 589 1783 intelligas,
606 1748 674 1775 nihil
686 1757 764 1784 posse
775 1749 878 1784 profici.
919 1751 986 1776 Nam

192 1782 332 1809 Cleanthes
342 1784 453 1818 quidem
464 1786 613 1820 sapientem
625 1786 790 1813 consolatur:
806 1788 854 1822 qui
865 1787 988 1813 consola-

193 1820 261 1846 tione
274 1829 325 1846 non
336 1826 404 1856 eget.
444 1822 518 1848 Nihil
530 1823 603 1849 enim
614 1832 673 1850 esse
690 1823 805 1855 malum,
823 1824 896 1859 quod
910 1829 986 1859 turpe

194 1865 243 1883 non
256 1858 299 1887 sit,
312 1858 336 1883 si
349 1858 450 1894 lugenti
463 1861 642 1894 persuaseris,
657 1870 709 1887 non
721 1866 748 1888 tu
761 1861 800 1887 illi
814 1861 925 1890 luctum.
938 1862 986 1888 sed

192 1893 331 1920 stultitiam
342 1895 502 1923 detraxeris:
516 1897 634 1924 alienum
646 1903 734 1925 autem
747 1898 984 1933 tempusdocendi.

193 1931 317 1958 Ettamen
329 1941 380 1958 non
392 1935 457 1960 satis
468 1934 536 1961 mihi
549 1934 656 1962 videtur
665 1935 769 1962 vidisse
776 1935 983 1967 hocCleanthes,

191 1969 293 2003 suscipi
305 1969 449 2004 aliquando
459 1971 655 2008 aegritudinem
667 1981 746 2007 posse
757 1981 791 1999 ex
799 1974 904 2008 eoipso,
913 1974 986 2008 quod
1006 1974 1008 1999 l

191 2013 250 2031 esse
261 2014 398 2033 summum
409 2009 510 2035 malum
524 2009 666 2036 Cleanthes
681 2011 740 2045 ipse
751 2009 874 2037 fateatur.
914 2011 985 2043 Quid
1006 2006 1007 2030 l

191 2043 263 2068 enim
275 2042 406 2076 dicemus,
422 2054 507 2080 quum
519 2047 638 2073 Socrates
649 2047 783 2074 Alcibiadi
795 2048 982 2082 persuasisset,

191 2084 219 2106 ut
230 2081 392 2114 accepimus,
406 2091 467 2109 euin
480 2084 548 2110 nihil
561 2084 678 2111 hominis
689 2093 758 2116 esse,
774 2093 823 2112 nec
834 2085 984 2120 quidquam

190 2117 259 2143 inter
269 2117 446 2151 Alcibiadem,
459 2129 565 2148 summo
578 2121 634 2148 loco
646 2127 748 2153 natum,
763 2127 788 2149 et
799 2123 925 2157 quemvis
936 2123 985 2149 ba-
1004 2131 1006 2136 ’

191 2154 277 2180 iulum
289 2155 429 2188 interesse;
443 2166 528 2192 quum
539 2167 568 2185 se
579 2159 734 2185 Alcibiades
744 2159 890 2190 afflictaret,
906 2159 985 2187 lacri-

190 2200 319 2227 mansque
330 2191 430 2220 Socrati
443 2195 559 2230 supplex
573 2201 656 2227 esset,
675 2201 704 2223 ut
718 2197 772 2223 sibi
789 2198 915 2223 virtutem
930 2203 984 2224 tra-

189 2227 263 2254 deret
287 2230 537 2267 turpitudinemque
561 2232 719 2268 depelleret:
751 2234 819 2269 quid
847 2234 980 2265 dicemus,
1003 2241 1005 2268 ;

187 2265 333 2292 Cleanthe?
352 2276 431 2298 num,
449 2269 476 2295 in
488 2269 532 2295 illa
544 2278 584 2301 re,
602 2279 672 2305 quae
684 2271 852 2306 aegritudine
863 2271 984 2298 Alcibia-

188 2302 249 2328 dem
261 2302 403 2335 afficiebat,
417 2305 482 2332 mali
494 2306 561 2333 nihil
574 2306 676 2334 fuisse?
685 2309 728 2334 78.
740 2307 830 2340 Quid?
841 2308 887 2334 illa
897 2309 983 2345 Lyco·

188 2340 229 2365 nis
240 2340 330 2374 qualia
341 2341 421 2368 sunt?
434 2343 496 2377 qui,
510 2344 706 2379 aegritudinem
718 2350 875 2376 extenuem,
890 2347 981 2381 parvis

187 2377 223 2402 ait
232 2385 290 2403 eam
303 2377 383 2404 rebus
395 2381 511 2411 moveri,
530 2380 650 2408 fortunae
665 2387 691 2408 et
701 2383 820 2416 corporis
832 2383 982 2410 incommo-

186 2413 242 2443 dis,
260 2423 311 2441 non
325 2416 409 2442 animi
424 2417 512 2443 malis.
552 2417 623 2450 Quid
634 2419 715 2455 ergo?
730 2419 811 2451 illud,
825 2420 897 2455 quod
908 2420 982 2447 Alci-

187 2449 279 2477 biades
292 2451 411 2484 dolebat,
434 2463 486 2480 non
503 2463 536 2481 ex
547 2456 630 2481 animi
642 2456 720 2482 malis
731 2457 861 2492 vitiisque
875 2462 981 2484 consta-

186 2486 248 2512 bat?
267 2488 307 2514 Ad
318 2489 428 2523 Epicuri
444 2491 651 2518 consolationem
667 2494 733 2519 satis
742 2498 783 2520 est
793 2499 853 2521 ante
864 2495 978 2521 dictum.

187 2523 309 2550 XXXIII.
321 2527 362 2552 79.
378 2527 416 2553 Ne
428 2527 473 2554 illa
483 2529 593 2563 quidem
605 2530 750 2557 consolatio
761 2531 916 2558 firmissima
928 2537 977 2563 est,

185 2568 350 2595 quamquam
365 2568 390 2589 et
404 2566 500 2592 usitata
515 2571 555 2593 est
569 2571 594 2593 et
609 2575 688 2602 saepe
707 2567 828 2602 prodest:
850 2569 909 2596 Non
929 2569 980 2596 tibi

186 2597 235 2623 hoc
246 2598 306 2624 soli.
337 2599 446 2628 Prodest
457 2603 521 2629 haec
532 2604 653 2638 quidem,
667 2609 697 2631 ut
707 2605 774 2636 dixi,
788 2605 836 2632 sed
847 2614 897 2632 nec
906 2615 980 2633 sem-

185 2642 232 2668 per
243 2643 291 2661 nec
301 2637 438 2664 omnihus.
479 2639 547 2668 Sunt
557 2641 639 2674 enim,
654 2642 703 2677 qui
714 2647 854 2678 respuant:
876 2643 925 2670 sed
936 2652 980 2670 re-

200 778 362 812 plurimum,
375 783 420 804 aut
432 780 615 814 supprimere,
630 789 677 806 nec
689 781 742 814 pati
756 789 862 806 manare
876 780 991 815 longius,
1014 774 1023 804 1]

689 818 730 843 76.
752 818 832 848 Sunt,
849 819 895 852 qui
909 827 993 844 unum
1014 838 1023 854 „

1016 222 1025 258 l¹
1046 232 1151 250 eorum.
1169 225 1216 258 qui
1232 226 1365 258 sapienter
1382 226 1511 256 tulerunt.
1530 237 1581 255 non
1596 238 1650 264 qun
1665 239 1782 265 quisque
1798 241 1838 257 ui-

1016 263 1025 294 ῃ
1048 260 1188 285 «vintiundo
1200 261 1309 287 allectus
1320 264 1367 291 sit,
1384 264 1592 297 praedicandum
1604 273 1653 292 est.

1694 268 1840 303 Chrysippi

1050 312 1082 315 —-
1095 297 1126 322 ad
1142 298 1277 324 veritatem
1294 300 1446 326 lirmissima
1463 307 1514 333 est,
1532 303 1564 328 ad
1576 308 1681 338 tempus
1693 305 1841 336 aegritudi-

1049 334 1090 359 nis
1101 349 1136 353 —
1147 334 1279 361 diflicilia.
1319 337 1444 371 Magnum
1456 348 1524 372 opus
1535 345 1583 370 eat,
1597 341 1708 375 probari.-
1720 351 1842 368 maeren-

1309 411 1440 437 Nimirum
1459 414 1553 447 igitur,
1577 420 1604 440 ut
1621 416 1645 441 in
1663 417 1767 442 caussis
1789 426 1840 442 uon

1048 454 1154 479 semper
1175 447 1276 472 utimur
1295 447 1388 474 eodem
1410 454 1492 479 statu,
1515 451 1563 476 ‘sic
1585 453 1656 478 euim
1672 453 1841 487 appellamus

1047 484 1287 509 vontroversiarmn
1304 488 1427 520 geuerm)
1442 487 1488 512 scd
1504 487 1536 513 ad
1554 493 1674 523 tempus,
1691 490 1723 516 ad
1735 496 1840 517 cuntro-

1049 521 1150 545 versiae
1160 525 1291 551 naturam,
1305 522 1338 547 ad
1349 531 1489 556 personam
1502 526 1748 552 accommodamus:
1762 528 1801 553 sic
1814 529 1839 554 in

1047 557 1215 591 aegritudine
1229 558 1360 589 lenienda,
1375 569 1457 595 quam
1469 562 1586 598 quisque
1596 564 1760 591 curationem
1772 566 1840 591 reci—

1047 603 1109 628 pere
1121 596 1213 629 pos-iit,
1229 595 1376 622 videndum
1389 603 1438 624 est.

1102 634 1143 657 80.
1157 632 1208 657 Sed
1221 641 1377 668 nescioquo
1389 640 1464 669 pacto
1474 636 1507 662 ab
1519 645 1558 665 eo,
1567 637 1639 672 qnod
1651 643 1706 664 erat
1717 647 1730 663 a
1744 643 1767 664 tt·
1779 647 1840 673 pro-

1046 706 1142 731 sieras:
1160 707 1204 732 eui
1215 713 1260 733 aut
1272 708 1372 735 malum
1386 709 1469 736 videri
1482 711 1586 737 nullum
1599 717 1692 746 potest,
1708 713 1781 747 quod
1793 722 1840 738 va-

1045 748 1086 769 cet
1101 744 1280 778 turpitudine:
1299 751 1343 772 aut
1356 747 1389 772 ita
1402 756 1514 781 parvum
1528 748 1642 778 malum,
1661 754 1689 775 ut
1703 749 1729 776 id
1741 749 1840 776 obrua-

1047 785 1088 806 tur
1103 782 1232 815 sapientia
1251 783 1350 817 vixque
1362 790 1498 818 appareat:
1523 786 1569 820 qui
1583 786 1650 812 nihil
1662 788 1787 821 opinione
1799 786 1840 812 as-

1046 818 1127 853 lingat
1141 825 1313 854 assumatque
1325 820 1356 846 ad
1369 822 1579 855 aegritudinem:
1597 832 1644 849 nec
1657 824 1683 850 id
1696 829 1769 859 putet
1780 832 1839 850 esse

1046 860 1192 885 rectum,se
1206 865 1287 890 quam
1301 859 1417 884 maxime
1429 861 1576 886 excruciari
1590 861 1717 895 luctuque
1727 861 1836 893 confici,

1044 901 1098 926 quo
1113 894 1223 927 pravius
1239 894 1307 920 niliil
1323 904 1382 921 esse
1398 898 1491 930 possit.
1532 898 1645 924 Edocuit
1660 904 1746 924 tamen
1762 900 1837 929 ratio,

1047 935 1073 955 ut
1085 930 1152 956 mihi
1163 931 1274 964 quidem
1284 932 1398 963 videtur,
1407 942 1492 968 quum
1506 935 1554 960 hoc
1567 936 1655 969 ipsum
1668 936 1774 970 proprie
1786 944 1838 962 non

1020 979 1021 982 =
1044 972 1216 1001 quaereretur
1227 968 1275 994 hoe
1287 974 1413 1004 tempore,
1429 980 1492 997 nuni
1505 972 1576 1006 quod
1591 978 1660 998 esset
1672 973 1782 1001 malum,
1796 973 1839 999 ni-

1045 1004 1066 1029 si
1078 1004 1150 1038 quod
1164 1004 1234 1031 idem
1247 1005 1300 1032 dici
1313 1012 1388 1041 turpe
1400 1013 1502 1042 posset:
1527 1014 1614 1035 tamen
1632 1015 1659 1035 tit
1672 1010 1835 1040 videremus,

1044 1041 1179 1076 quidquid
1201 1048 1271 1069 esset
1287 1045 1312 1069 in
1329 1045 1497 1079 aegritudine
1512 1046 1589 1076 mali,
1608 1046 1633 1072 id
1651 1056 1702 1073 non
1719 1046 1839 1073 naturale

1044 1087 1115 1109 esse,
1136 1078 1183 1104 sed
1200 1079 1349 1107 voluntario
1366 1082 1466 1108 iudicio
1481 1088 1505 1109 et
1520 1084 1657 1118 opinionis
1673 1093 1760 1110 errore
1774 1093 1839 1110 con-

1045 1119 1167 1142 tractum.
1209 1118 1249 1142 81.
1273 1118 1422 1144 Tractatum
1437 1125 1476 1145 est
1493 1126 1581 1146 autem
1598 1129 1611 1146 a
1625 1121 1702 1147 nobis
1715 1121 1740 1147 id
1751 1129 1838 1157 genus

1043 1153 1233 1187 aegritudinis.
1252 1155 1324 1188 quod
1337 1164 1420 1182 unum
1432 1163 1471 1182 est
1482 1158 1604 1183 omnium
1616 1159 1779 1188 maximum,
1797 1163 1835 1189 ut,

1019 1199 1021 1222 ;
1043 1198 1073 1215 eo
1084 1190 1199 1221 sublato,
1209 1191 1373 1226 reliquorum
1385 1194 1501 1219 remedia
1513 1203 1545 1220 ne
1558 1204 1654 1231 magno
1664 1204 1743 1230 opere
1754 1204 1838 1230 quae-

1044 1226 1123 1252 renda
1135 1227 1335 1255 arbitraremur.
1368 1230 1492 1257 XXXIV.
1512 1232 1580 1258 Sunt
1591 1233 1663 1258 enim
1674 1238 1754 1263 certa,
1767 1241 1837 1268 quae

1042 1264 1074 1289 de
1087 1270 1250 1299 paupertate,
1263 1272 1342 1297 certa,
1356 1276 1425 1302 quae
1436 1268 1469 1294 de
1482 1269 1534 1295 vita
1547 1269 1701 1296 inhonorata
1713 1275 1738 1296 et
1749 1269 1838 1306 inglo-

1043 1302 1079 1327 ria
1092 1302 1144 1327 dici
1157 1301 1267 1329 soleant.
1299 1304 1445 1339 Separatim
1457 1311 1543 1332 certae
1554 1307 1660 1333 scholae
1672 1312 1735 1333 sunt
1745 1307 1778 1333 de
1789 1315 1838 1333 ex-

1042 1338 1112 1369 silio,
1126 1338 1159 1365 de
1171 1340 1279 1366 interitu
1291 1343 1400 1375 patriae,
1414 1342 1447 1369 de
1458 1344 1596 1374 servitute,
1605 1344 1637 1370 de
1648 1344 1794 1374 debilitate¹
1803 1343 1838 1370 dc

1041 1377 1181 1407 caecitate,
1195 1377 1228 1403 de
1237 1379 1311 1404 omni
1323 1387 1401 1405 casu:
1420 1381 1447 1406 in
1462 1389 1516 1415 quo
1527 1389 1622 1407 nomen
1635 1382 1698 1416 poni
1712 1381 1780 1408 solet
1792 1389 1838 1407 ca-

1043 1412 1178 1440 lamitatiS.
1220 1415 1288 1441 uaec
1299 1416 1394 1442 Graeci
1409 1417 1435 1443 in
1452 1418 1574 1453 singulas
1585 1418 1691 1445 scholas
1702 1419 1767 1445 etin
1779 1419 1837 1444 sin-

1040 1450 1119 1485 gulos
1131 1450 1214 1478 libros
1225 1452 1398 1487 dispertiunt.
1415 1454 1568 1489 Opusenim
1580 1461 1726 1491 quaerunt:
1739 1464 1837 1490 quam-

1041 1496 1121 1522 quam
1133 1488 1227 1523 plenae
1238 1489 1435 1524 disputationes
1446 1492 1632 1519 delectationis
1642 1498 1716 1519 sunt.
1747 1494 1788 1519 82.
1804 1493 1838 1519 Et

1040 1529 1138 1557 tamen,
1152 1530 1179 1552 ut
1191 1526 1288 1553 medici
1303 1532 1355 1554 toto
1366 1537 1474 1563 corpore
1485 1530 1603 1557 curando
1617 1531 1745 1556 minimae
1755 1531 1837 1556 etiam

1040 1563 1118 1597 parti,
1132 1564 1155 1589 si
1165 1563 1316 1595 condoluit,
1329 1565 1483 1592 medentur:
1500 1568 1539 1593 sic
1551 1567 1736 1602 philosophia,
1749 1576 1836 1602 quum

1041 1600 1195 1626 universam
1207 1601 1404 1636 aegritudinem
1416 1603 1535 1635 sustulit,
1544 1609 1641 1635 tamen,
1655 1605 1679 1631 si
1689 1605 1752 1640 quis
1763 1612 1836 1630 error

1040 1636 1149 1663 aliunde
1159 1639 1274 1669 exstitit,
1287 1639 1311 1665 si
1321 1645 1465 1674 paupertas
1477 1641 1632 1672 momordit,
1650 1642 1673 1668 si
1687 1642 1835 1677 ignominia

1039 1675 1164 1710 pupugit,
1177 1676 1201 1701 si
1211 1675 1279 1710 quid
1290 1677 1461 1703 tenebrarum
1471 1677 1577 1704 obfudit
1587 1678 1726 1709 exsilium,
1734 1683 1779 1704 aut
1789 1686 1836 1704 eo-

1039 1720 1108 1742 rum,
1121 1720 1190 1747 quae
1202 1712 1280 1739 modo
1291 1713 1358 1745 dixi,
1374 1715 1398 1740 si
1412 1715 1478 1750 quid
1489 1716 1603 1741 exstitit:
1619 1714 1655 1752 [et
1665 1714 1698 1752 si]
1711 1715 1835 1751 singula-

1039 1757 1098 1774 rum
1119 1758 1209 1775 rerum
1229 1755 1293 1776 sunt
1309 1752 1433 1786 propriae
1453 1752 1660 1784 consolationes:
1683 1753 1717 1778 de
1731 1752 1834 1787 quibus

1038 1786 1133 1812 audies
1145 1791 1172 1813 tu
1182 1787 1308 1822 quidem,
1325 1797 1411 1823 quum
1424 1789 1510 1815 voles:
1528 1789 1576 1816 sed
1591 1789 1625 1816 ad
1636 1789 1762 1816 eumdem
1775 1789 1835 1816 fon-

1038 1827 1092 1849 tem
1112 1824 1301 1851 revertendum
1321 1830 1374 1856 est,
1395 1826 1592 1861 aegritudinem
1611 1835 1718 1853 omnem
1739 1826 1833 1862 procul

1038 1860 1132 1887 abesse
1142 1870 1156 1887 a
1167 1862 1298 1896 sapiente,
1310 1863 1383 1897 quod
1395 1864 1482 1890 inanis
1493 1864 1537 1894 sit,
1551 1864 1623 1899 quod
1634 1864 1731 1890 frustra
1745 1864 1835 1890 susci-

1037 1899 1139 1933 piatur,
1157 1899 1229 1933 quod
1246 1908 1298 1926 non
1314 1905 1407 1926 natura
1423 1901 1571 1932 exoriatur,
1589 1901 1636 1928 sed
1653 1901 1768 1932 iudicio,
1783 1900 1833 1927 sed

1037 1936 1172 1970 opinione,
1181 1936 1228 1962 sed
1236 1937 1352 1972 quadam
1365 1938 1522 1964 invitatione
1533 1938 1567 1965 ad
1578 1938 1734 1969 dolendum,
1746 1946 1833 1973 quum

1037 1972 1065 1998 id
1076 1972 1277 2000 decreverimus
1291 1975 1327 2000 ita
1338 1974 1395 2001 fieri
1406 1980 1535 2010 oportere.
1577 1977 1618 2002 83.
1639 1976 1692 2002 Hoc
1703 1975 1829 2006 detracto,

1036 2010 1109 2045 quod
1121 2015 1205 2037 totum
1216 2016 1256 2038 est
1266 2011 1458 2043 voluntarium,
1471 2013 1611 2049 aegritudo
1621 2014 1672 2039 erit
1681 2012 1787 2040 sublata
1797 2012 1833 2039 il-

1037 2047 1060 2073 la
1072 2056 1208 2074 maerens:
1221 2057 1327 2075 morsus
1338 2054 1426 2076 tamen
1433 2049 1832 2085 etcontractiunculaquaedam

1036 2085 1120 2111 animi
1131 2085 1308 2120 relinquetur.
1334 2087 1407 2113 Hanc
1417 2087 1508 2114 dicant
1518 2096 1582 2114 sane
1593 2087 1751 2118 naturalem,
1763 2087 1831 2113 dum

1035 2122 1214 2158 aegritudinis
1225 2131 1322 2150 nomen
1333 2124 1412 2155 absit,
1424 2133 1520 2160 grave,
1536 2130 1663 2155 taetrum,
1677 2123 1828 2151 funestum:

1035 2160 1107 2194 quod
1119 2168 1181 2186 cum
1192 2161 1323 2195 sapientia
1334 2169 1394 2188 esse
1404 2167 1497 2196 atque,
1509 2167 1540 2188 ut
1549 2163 1585 2188 ita
1595 2161 1694 2193 dicam,
1710 2161 1830 2188 habitare

1035 2197 1110 2223 nullo
1122 2197 1201 2223 modo
1211 2199 1307 2232 possit.
1346 2199 1381 2225 At
1394 2199 1482 2234 quae‘
1492 2199 1591 2234 stirpes
1604 2203 1668 2225 sunt
1682 2197 1831 2234 aegritudi-

1035 2235 1090 2265 nis,
1108 2242 1190 2269 quam
1202 2234 1314 2265 multae,
1331 2244 1413 2271 quam
1428 2237 1546 2263 amarae!
1562 2236 1650 2268 Quae,
1664 2237 1724 2270 ipso
1735 2240 1830 2262 trunco

1003 2275 1004 2284 ³
1034 2279 1136 2301 everso,
1152 2280 1246 2298 omnes
1257 2272 1397 2299 elidendae
1408 2278 1480 2304 sunt,
1493 2278 1532 2304 et,
1544 2274 1568 2299 si
1579 2281 1688 2299 necesse
1698 2273 1757 2303 erit,
1769 2272 1830 2298 sin-

1032 2308 1105 2344 gulis
1116 2308 1356 2344 disputationibus.
1386 2310 1516 2345 Superest
1524 2311 1596 2336 enim
1608 2309 1686 2336 nobis
1697 2309 1756 2339 hoc,
1768 2309 1829 2335 cui—

1032 2345 1153 2372 cuimodi
1164 2351 1213 2377 est,
1225 2347 1321 2373 otium.
1352 2347 1404 2374 Sed
1415 2348 1481 2374 ratio
1492 2355 1544 2373 una
1555 2347 1677 2374 omnium
1689 2351 1729 2372 est
1739 2347 1829 2382 aegri—

1033 2382 1172 2414 tudinum,
1189 2383 1266 2418 plura
1277 2385 1395 2410 nomina.
1429 2385 1497 2410 Nam
1511 2389 1537 2410 et
1548 2383 1668 2410 invidere
1679 2382 1829 2419 aegritudi—

1032 2421 1074 2446 nis
1085 2425 1137 2453 est,
1156 2425 1182 2447 et
1192 2420 1336 2453 aemulari,
1353 2426 1379 2448 et
1388 2421 1548 2452 obtrectare,
1563 2425 1590 2447 et
1603 2421 1738 2450 misereri,
1751 2421 1824 2462 angi,

1033 2457 1134 2492 lugere,
1147 2466 1274 2489 maerere,
1286 2467 1414 2485 aerumna
1424 2458 1505 2489 affici,
1519 2457 1824 2488 lamentari,sollicitari,

1031 2494 1134 2525 dolere,
1157 2496 1185 2521 in
1201 2495 1323 2522 molestia
1337 2504 1410 2527 esse,
1432 2494 1567 2526 afflictari,
1589 2494 1742 2529 desperare.
1783 2495 1824 2520 84.

1031 2531 1100 2558 Haec
1110 2533 1200 2558 omnia
1211 2532 1343 2559 deliniunt
1354 2532 1450 2559 Stoici:
1472 2540 1557 2567 eaque
1567 2531 1662 2562 verba,
1675 2539 1745 2566 quae
1755 2530 1823 2562 dixi,

1030 2568 1200 2604 singularum
1212 2578 1302 2596 rerum
1312 2574 1388 2602 sunt3
1403 2577 1464 2599 non,
1472 2573 1503 2595 ut
1515 2568 1649 2599 videntur,
1663 2568 1772 2594 easdem
1782 2576 1826 2594 res

1029 2606 1196 2641 significant,
1215 2607 1263 2633 sed
1277 2606 1382 2642 aliquid
1391 2606 1531 2633 differunt:
1553 2605 1626 2641 quod
1637 2605 1690 2632 alio
1704 2605 1761 2632 loco
1771 2604 1826 2631 for-

1030 2647 1100 2670 tasse
1121 2644 1306 2671 tractabimus.
1344 2644 1399 2670 Hae
1418 2647 1482 2670 sunt
1501 2642 1564 2669 illae
1584 2642 1665 2669 fibrae
1685 2643 1824 2678 stirpium,
