1941 3052
416 138 530 164 CATO
559 138 700 165 MAIOR
730 138 783 165 DE
815 138 1095 166 SENECTUTE.
1126 139 1217 166 CAP.
1248 142 1363 166 3—8.

68 215 93 237 et
107 208 233 244 Philippo
248 209 360 239 iterum,
382 209 542 235 consulibus
563 214 684 236 mortuus
700 214 752 236 est:
779 217 867 244 quum

68 256 118 283 ego
128 246 249 282 quidem,
258 254 274 270 v
286 250 312 272 et
321 254 357 271 Lx
369 254 452 272 annos
464 251 550 277 natus,
569 246 654 282 legem
662 247 808 273 Voconiam
820 255 867 273 vo-

68 293 98 311 ce
113 292 210 319 magna
225 288 251 310 et
266 283 343 309 bonis
360 283 488 309 lateribus
507 285 661 310 suasissem.
702 285 793 310 Annos
808 292 867 309 Lxx
888 289 890 307 ,¹

69 321 199 356 natus(tot
209 321 281 347 enim
293 321 362 347 vixit
373 321 527 355 Ennius)ita
541 321 641 347 serebat
652 321 713 351 duo,
728 330 796 356 quae
808 329 868 347 ma·
888 328 889 331 ’

68 360 141 386 xima
152 363 281 394 putantur
291 367 384 389 onera,
403 362 586 392 paupertatem
599 363 624 384 et
635 363 812 389 senectutem,
836 363 868 385 ut

68 397 107 423 eis
128 405 213 431 paene
233 395 359 422 delectari
380 395 526 421 videretur,
570 397 609 421 ⁴5.
635 396 754 426 Etenim,
777 404 863 430 quum
889 422 890 429 χ

68 433 233 468 contemplor
247 434 349 464 animo,
367 434 471 467 reperio
482 437 608 467 quattuor
618 441 740 463 caussas,
758 441 807 459 cur
821 441 865 458 se-

69 476 161 498 nectus
177 472 274 497 misera
290 470 427 496 videatur.-
451 479 546 500 unam,
564 470 636 504 quod
653 475 745 496 avocet
758 479 772 496 a
784 470 865 496 rebus

67 508 207 545 gerendis:
226 508 344 538 alteram,
362 507 435 542 quod
446 516 544 542 corpus
556 506 635 533 faciat
646 507 794 533 infirmius:
812 512 866 533 ter—
888 523 890 537 ,=

68 547 146 577 tiam,
164 545 235 580 quod
252 546 340 580 privet
354 545 482 571 omnibus
498 544 552 571 fere
569 544 766 579 voluptatibus:
784 554 866 579 quar-

67 588 130 615 tam,
144 583 216 618 quod
230 583 302 609 haud
313 582 405 617 procul
418 582 488 608 absit
499 591 512 607 a
524 587 616 608 morte.
650 582 759 612 Earum,
773 583 795 608 si
808 582 865 617 pla-

67 626 121 652 cet,
138 629 295 647 caussarum
311 625 410 655 quanta
426 628 563 654 quamque
579 620 614 645 sit
628 620 697 646 iusta
714 628 766 645 una
781 628 863 654 quae-

67 667 129 693 que,
143 658 295 684 videamus.

122 696 166 722 VI.
183 696 205 721 A
216 695 297 721 rebus
311 694 437 731 gerendis
448 699 572 721 senectus
584 693 732 720 abstrahit?
742 693 866 725 Quibus?

1648 144 1706 168 lffssl

958 210 1034 240 Cedo,
1051 213 1097 244 qui
1108 215 1215 237 vestram
1226 213 1407 245 rempublicam
1418 215 1515 237 tantam
1526 214 1650 238 amisistis
1661 217 1711 238 tum

1328 248 1397 274 cilo?

918 284 961 310 Sic
972 285 1042 310 enim
1056 290 1252 319 percontantur,
1267 291 1295 312 ut
1306 291 1346 312 est
1358 286 1384 312 in
1396 285 1584 312 NaeviiLudo:
1602 295 1711 321 respon-

919 321 1015 348 dentur
1025 327 1050 348 et
1061 322 1121 352 alia,
1132 327 1157 348 et
1170 322 1234 348 baec
1246 323 1272 348 in
1285 324 1394 357 primis:

957 359 1136 385 Prore'niebnnt
1147 363 1262 385 oratores
1274 364 1338 389 uorn',
1351 362 1431 387 stulti.
1443 362 1631 386 adolescentuli.

919 396 1066 422 Temeritas
1077 402 1116 422 est
1128 396 1252 423 videlicet
1263 396 1380 423 florentis
1391 398 1493 427 aetatis,
1512 397 1653 432 prudentia
1668 407 1713 424 se—

920 434 1062 459 nescentis.
1104 434 1157 460 Vll,
1180 436 1221 461 21.
1243 435 1275 460 At
1287 435 1413 460 memoria
1428 435 1569 461 minuitur.
1615 435 1710 464 Credo,

920 471 971 496 nisi
983 479 1041 496 eam
1053 479 1190 500 exerceaS,
1209 472 1286 497 autsi
1298 473 1335 497 sis
1347 477 1438 498 natura
1455 472 1562 498 tardior.
1604 472 1712 498 Themi-

919 507 1014 533 stocles
1025 509 1146 534 omnium
1157 509 1259 534 civium
1272 514 1424 543 perceperat
1436 510 1552 535 nomina.
1578 510 1646 535 Num
1660 511 1712 545 igi-

920 550 962 570 tur
971 547 1086 571 censetis
1097 554 1173 575 eum,
1191 554 1275 580 quum
1290 551 1372 572 aetate
1388 548 1575 581 processisset,
1594 548 1640 581 qui
1653 547 1713 572 Ari-

919 582 1002 608 stides
1013 587 1091 613 esset,
1105 583 1295 618 Lysimachum
1307 583 1420 609 salutare
1432 583 1559 609 solitum?
1578 584 1711 618 Equidem

920 628 970 645 non
984 620 1061 646 modo
1072 628 1117 646 eos
1129 621 1204 651 novi,
1222 622 1269 655 qui
1281 626 1357 651 sunt,
1371 620 1418 646 sed
1429 629 1520 647 eorum
1534 626 1620 655 patres
1632 622 1711 647 etiam

919 662 944 683 et
955 666 1028 683 avos
1069 658 1123 683 Nec
1135 657 1257 692 sepulcra
1271 657 1361 693 legens
1374 666 1474 687 vereor,
1491 658 1562 692 quod
1577 659 1664 684 aiunt.
1680 667 1712 684 ne

920 695 1075 720 memoriam
1087 695 1210 729 perdam:
1226 695 1347 721 hisenim
1360 695 1426 729 ipsis
1440 695 1560 730 legendis
1573 696 1597 721 in
1611 704 1713 722 memo-

67 734 108 759 An
120 733 168 764 iis,
181 741 250 768 quae
261 737 392 768 geruntur
406 732 545 758 iuventute
556 736 582 757 et
592 731 717 757 viribus'?
735 731 864 757 Nullaene

68 771 152 806 igitur
162 779 204 796 res
215 775 278 796 sunt
288 769 401 800 seniles,
414 778 496 804 quae,
514 769 556 795 vel
570 768 684 795 infirmis
695 769 862 803 corporibus,

68 809 157 834 animo
172 812 261 834 tamen
277 806 517 834 administrentur?
537 806 611 832 Nihil
632 815 695 842 ergo
716 806 811 841 agebat
831 805 862 838 Q.

68 844 221 872 Maximus?
236 844 304 871 nihil
317 846 346 871 L.
359 844 483 875 Paullus,
498 849 572 879 pater
582 849 654 874 tuuS,
672 844 776 878 Scipio,
790 851 865 869 socer

67 883 163 918 optimi
178 883 244 913 viri,
263 882 312 908 filii
328 881 399 908 mei?
418 882 505 909 Ceteri
519 890 610 912 senes,
630 881 760 912 Fabricii,
778 881 862 910 Curii,

68 920 241 950 Coruncanii,
258 928 343 954 quum
355 919 550 954 rempublicam
562 919 675 945 consilio
686 924 712 945 et
722 920 865 945 auctorita-

67 963 91 984 te
102 956 296 988 defendebant,
315 957 383 983 nihil
400 957 532 992 agebant?
563 958 602 983 ⁴6.
623 956 664 983 Ad
675 957 744 991 App.
758 956 864 983 Claudii

67 999 231 1022 senectutem
247 994 389 1021 accedebat
404 995 498 1025 etiam,
516 999 546 1021 ut
559 1003 655 1020 caecus
671 998 754 1020 esset:
775 998 864 1020 tamen

68 1034 104 1063 is,
121 1041 207 1067 quum
222 1033 352 1058 sententia
367 1037 476 1058 senatus
493 1031 634 1058 inclinaret
649 1032 681 1057 ad
698 1040 790 1066 pacem
802 1040 864 1057 cum

66 1070 168 1106 Pyrrho
179 1069 328 1104 foedusque
340 1069 508 1100 faciendum,
522 1078 574 1095 non
586 1069 721 1096 dubitavit
731 1068 819 1095 dicere
832 1069 865 1095 il-

68 1107 100 1139 la,
113 1115 183 1142 quae
194 1107 321 1133 versibus
332 1112 490 1142 persecutus
501 1112 542 1133 est
551 1107 670 1133 Ennius:

105 1145 160 1177 Quo
171 1147 240 1171 vobis
251 1149 352 1174 mentes,
364 1150 449 1171 rectae
460 1153 526 1178 quae
538 1149 608 1170 stare
618 1146 731 1170 solebant

102 1184 219 1212 antehac,
231 1184 356 1208 clementes
366 1190 418 1208 sese
429 1184 523 1214 flexere
535 1179 608 1218 [viai]
616 1181 629 1207 ?

65 1224 207 1254 ceteraque
221 1220 395 1255 gravissime:
411 1224 503 1245 notum
516 1220 589 1245 enim
600 1219 678 1245 vobis
690 1226 797 1245 carmen
809 1223 862 1250 est,

65 1262 92 1283 et
106 1261 194 1284 tamen
210 1257 297 1291 ipsius
309 1257 390 1291 Appii
406 1261 492 1283 exstat
506 1257 599 1283 oratio.
641 1258 728 1291 Atque
741 1256 806 1282 haec
819 1255 863 1282 ille

66 1295 121 1330 egit
131 1299 234 1329 septem
250 1299 276 1321 et
290 1294 383 1320 decem
398 1294 476 1320 annis
488 1299 547 1328 post
557 1293 672 1320 alterum
683 1293 862 1324 consulatum,

65 1341 151 1368 quum
172 1333 242 1358 inter
255 1332 323 1358 duos
339 1331 495 1358 consulatus
511 1332 574 1358 anni
589 1331 682 1357 decem
701 1330 865 1357 interfluxis-

65 1374 138 1401 sent,
156 1377 304 1404 censorque
318 1374 378 1396 ante
393 1370 560 1404 superiorem
571 1368 741 1395 consulatum
755 1368 862 1401 fuisset,

65 1415 99 1434 ex
108 1415 163 1442 quo
174 1406 344 1443 intelligitur,
361 1407 455 1442 Pyrrhi
468 1406 538 1433 bello
547 1406 676 1442 grandem
689 1414 752 1432 sane
765 1405 862 1432 fuisse:

65 1449 91 1471 et
101 1449 188 1471 tamen
201 1445 241 1470 sic
255 1453 269 1470 a
283 1444 406 1479 patribus
422 1445 586 1479 accepimus.
630 1445 669 1470 47.
693 1443 765 1470 Nihil
782 1444 865 1478 igitur

65 1481 186 1513 afferunt,
195 1482 243 1516 qui
255 1482 283 1508 in
294 1490 322 1508 re
333 1481 450 1517 gerenda
462 1482 563 1508 versari
575 1486 739 1508 senectutem
753 1485 864 1516 negant,-

64 1518 224 1554 similesque
234 1523 306 1550 sunt,
319 1524 349 1546 ut
359 1520 382 1545 si
394 1520 441 1554 qui
452 1519 659 1554 gubernatorem
672 1519 698 1545 in
711 1518 864 1553 navigando

64 1556 134 1583 nihil
148 1565 226 1592 agere
238 1556 337 1587 dicant,
349 1565 435 1591 quum
447 1556 493 1583 alii
505 1556 589 1582 malos
600 1556 742 1586 scandant.
759 1556 805 1582 alii
817 1564 864 1590 per

65 1593 136 1620 foros
156 1598 278 1625 cursent,
302 1593 348 1620 alii
364 1595 497 1620 sentinam
513 1594 688 1625 exhauriant,
713 1593 758 1620 ille
774 1598 863 1620 autem

64 1631 172 1658 clavum
184 1635 278 1658 tenens
288 1631 397 1666 quietus
408 1631 500 1658 sedeat
511 1632 538 1658 in
550 1632 646 1666 puppi.
679 1632 735 1657 Non
748 1630 811 1657 facit
821 1639 861 1661 ea,

65 1676 134 1704 quae
145 1669 271 1695 iuvenes:
289 1672 315 1695 at
330 1677 393 1695 vero
408 1668 493 1695 multo
508 1670 606 1696 maiora
623 1674 648 1695 et
664 1668 774 1695 meliora
790 1668 861 1694 facit.

65 1706 123 1733 Non
137 1706 244 1733 viribus
260 1710 306 1733 aut
321 1705 509 1733 velocitatibus
521 1711 566 1733 aut
576 1706 710 1733 celeritate
721 1714 863 1741 corporum

64 1751 107 1770 res
118 1751 230 1779 magnae
241 1748 380 1779 geruntur,
394 1743 441 1770 sed
452 1743 574 1775 consilio,
583 1745 747 1774 auctoritate,
756 1748 864 1769 senten-

65 1781 114 1814 tia3
138 1781 239 1816 quibus
256 1789 307 1808 non
323 1780 402 1807 modo
419 1790 469 1807 non
485 1781 588 1811 orbari,
611 1781 658 1807 sed
674 1782 754 1808 etiam
771 1781 864 1815 augeri

64 1823 189 1845 senectus
201 1818 275 1845 solet.
318 1819 358 1845 ⁴8.
380 1819 439 1845 Nisi
451 1818 516 1845 forte
527 1827 577 1854 ego
589 1819 675 1850 vobis,
689 1819 737 1853 qui
749 1823 774 1845 et
785 1817 864 1844 miles

65 1860 91 1882 et
103 1855 230 1882 tribunus
242 1860 267 1882 et
279 1855 383 1891 legatus
394 1860 420 1882 et
430 1855 524 1882 consul
535 1861 657 1883 versatus
668 1865 729 1882 sum
746 1856 773 1882 in
790 1856 863 1882 vario

64 1901 162 1929 genere
182 1892 325 1923 bellorum,
347 1901 453 1919 cessare
474 1902 546 1920 nunc
562 1893 668 1924 videor,
690 1902 776 1928 quum
794 1892 863 1919 bella

65 1938 117 1957 non
129 1938 202 1966 gero.
243 1929 276 1956 At
286 1930 401 1960 senatui,
414 1938 483 1965 quae
495 1931 549 1957 sint
559 1930 686 1966 gerenda,
698 1931 861 1965 praescribo,

65 1972 91 1994 et
104 1966 252 2002 quomodo:
270 1967 429 2002 Karthagini
446 1967 515 1993 male
531 1968 583 1993 iam
600 1968 647 1994 diu
663 1969 792 2003 cogitanti
806 1967 864 1994 bel·
885 1964 886 1996 l

67 2005 122 2031 lum
137 2004 222 2031 multo
233 2009 292 2031 ante
303 2004 446 2031 denuntio:
471 2004 504 2031 de
517 2013 571 2039 qun
583 2006 669 2031 vereri
681 2014 733 2031 non
745 2009 805 2031 unte
815 2005 863 2031 de·
884 2010 886 2039 j

65 2043 166 2074 sinam,
191 2050 273 2076 quam
298 2041 372 2068 illam
396 2042 514 2068 excisam
537 2050 596 2068 esse
616 2050 777 2077 cognovero,
821 2044 859 2068 49.

64 2080 151 2112 Quam
163 2079 280 2115 palmam
291 2080 394 2106 utinam
405 2079 445 2105 dii
458 2079 622 2106 immortales
634 2079 692 2109 tibi,
708 2079 806 2114 Scipio.
822 2088 863 2105 re—

65 2121 185 2148 servent,
209 2121 239 2143 ut
253 2117 297 2143 avi
313 2116 442 2151 reliquias
458 2117 633 2152 persequare!
651 2116 736 2143 Cuius
752 2125 765 2143 a
780 2122 863 2142 morte

66 2154 110 2181 hic
122 2155 216 2181 tertius
228 2158 254 2180 et
267 2154 421 2180 tricesimus
432 2158 472 2180 est
483 2162 583 2180 annus:
601 2153 648 2180 sed
661 2154 818 2180 memoriam
831 2153 864 2179 il·
885 2144 888 2206 l

66 2191 119 2218 lius
135 2191 187 2217 viri
201 2191 338 2226 excipient
353 2200 447 2218 omnes
462 2192 525 2218 anni
540 2196 746 2226 consequentes
787 2191 864 2217 Anno

65 2233 125 2256 ante
137 2236 180 2254 me
190 2236 328 2255 censorem
343 2233 465 2255 mortuus
479 2233 533 2259 est.
552 2227 600 2265 [i]x
613 2229 691 2255 annis
702 2233 762 2263 post
773 2237 862 2254 meum

65 2265 245 2296 consulatum,
259 2274 344 2301 quum
355 2265 448 2292 consul
461 2266 568 2297 iterum,
577 2274 618 2292 me
629 2265 863 2296 consule.creutus
886 2262 887 2298 l

66 2307 145 2330 esset.
186 2304 256 2329 Num
273 2303 369 2339 igitur,
387 2303 409 2329 si
426 2302 459 2329 ad
474 2304 653 2330 centesimum
664 2312 764 2330 annum
777 2304 863 2329 vixis·
885 2303 888 2363 Ι

66 2345 113 2372 set,
130 2340 277 2367 senectutis
287 2349 349 2367 eum
361 2349 426 2366 suae
438 2340 602 2375 poeniteret?
618 2341 672 2367 Nec
683 2342 755 2367 enim
766 2349 863 2367 excur-

66 2379 150 2410 sione,
160 2386 208 2404 nec
218 2377 297 2408 saltu,
306 2386 354 2404 nec
365 2377 472 2404 eminus
484 2377 568 2404 hastis
579 2383 625 2405 aut
634 2377 863 2413 cominusgludiis
885 2370 887 2401 l

66 2420 198 2447 uteretur,
211 2415 259 2442 sed
270 2415 397 2446 consilio,
410 2415 525 2446 ratione,
543 2416 684 2442 sententia.
725 2416 798 2448 Quae
810 2415 862 2441 nisi
885 2411 887 2440 1

65 2457 156 2479 essent
171 2453 197 2479 in
214 2453 340 2483 senibus,
363 2460 414 2479 non
429 2461 568 2478 summum
582 2452 727 2479 consilium
749 2453 863 2478 maiores

65 2490 149 2516 nostri
160 2489 342 2525 appellassent
351 2494 484 2516 senatum.
525 2491 566 2517 20.
589 2489 668 2525 Apud
686 2489 863 2516 Lacedaemo-

66 2527 125 2554 nios
139 2527 251 2562 quidem
268 2527 302 2558 ii,
324 2528 372 2562 qui
393 2526 593 2562 amplissimum
610 2528 796 2562 magistratum
814 2535 863 2561 ge-

65 2568 140 2595 runt.
157 2568 186 2591 ut
200 2569 277 2595 sunt,
294 2565 334 2591 sic
345 2565 426 2591 etium
440 2565 612 2591 nominantur
623 2572 711 2590 senes.
751 2563 862 2596 Quodsi

66 2600 154 2638 legere
169 2606 214 2628 aut
227 2601 321 2628 audire
336 2601 431 2628 voletis
442 2607 565 2633 externa.
583 2602 715 2628 maximas
726 2601 863 2636 respubli-

42 2659 52 2667 .
65 2647 110 2665 cas
120 2639 154 2665 ab
164 2638 381 2666 adolescentibus
395 2638 552 2670 labefactas.
572 2648 586 2666 a
602 2639 714 2666 sonibus
728 2643 863 2666 sustenta-

65 2681 104 2703 tas
114 2680 141 2703 et
151 2676 286 2704 restitutas
297 2677 446 2712 reperietis.

920 732 985 757 riam
998 731 1076 758 redeo
1087 737 1262 758 mortuorum.
1304 733 1356 758 Nec
1369 741 1430 758 vero
1441 741 1604 767 quemquam
1616 741 1711 758 senum

919 769 1012 794 audivi
1023 769 1585 804 oblitum,quolocothesaurumobruisset.
1603 770 1708 799 Omnia,

919 814 987 840 quae
999 812 1104 836 curant.
1118 808 1311 833 meminerunt:
1331 807 1482 832 vadimonia
1494 808 1649 833 constituta:
1664 809 1711 841 qui

918 844 981 873 sibi,
997 845 1041 869 cui
1053 845 1104 878 ipsi
1116 844 1240 870 debeant.
1281 846 1323 870 ⁶22.
1345 844 1415 876 Quid
1429 844 1630 870 iurisconsulti-,⁷
1644 844 1711 878 quid

918 881 1076 915 pontifices?
1100 881 1166 916 quid
1190 881 1323 917 augures?
1347 881 1413 915 quid
1438 880 1593 915 philosophi
1618 881 1713 906 senes&7

896 920 897 923 ’
918 927 999 953 quam
1016 918 1099 945 multa
1119 919 1312 945 meminerunt!
1336 919 1442 944 Manent
1462 919 1569 953 ingenia
1590 918 1711 948 senibus,

918 956 997 982 modo
1014 961 1167 990 permaneat
1182 956 1304 982 studium
1320 960 1345 982 et
1360 955 1505 981 industria:
1524 964 1571 981 uec
1583 964 1612 981 ea
1624 955 1711 981 solum

919 994 945 1019 in
957 993 1037 1019 claris
1048 998 1072 1019 et
1085 994 1219 1020 honoratis
1230 994 1306 1024 viris.
1320 992 1405 1019 sedin
1417 993 1470 1018 vita
1482 993 1561 1018 etiam
1575 994 1677 1027 privata
1689 998 1714 1019 et

918 1031 1018 1065 quieta.
1059 1030 1205 1066 Sophocles
1224 1030 1256 1057 ad
1272 1039 1407 1056 sumniam
1428 1035 1590 1056 senectutem
1611 1036 1714 1065 tragoe-

895 1099 897 1105 X
918 1068 977 1094 dias
989 1068 1063 1094 fecit:
1077 1068 1149 1103 quod
1162 1073 1269 1103 propter
1279 1067 1401 1094 studium
1413 1076 1497 1102 quum
1510 1076 1564 1093 rem
1578 1068 1713 1102 negligere

896 1108 897 1121 ¹
919 1105 1078 1132 familiarem
1091 1105 1236 1136 videretur,
1255 1114 1268 1131 a
1281 1105 1344 1131 siliis
1357 1106 1383 1131 iu
1396 1104 1527 1131 iudicium
1541 1110 1649 1131 vocatus
1663 1110 1712 1133 est,

918 1148 960 1174 ut,
978 1143 1207 1178 quemadmodum
1223 1148 1312 1169 nostro
1323 1151 1395 1168 more
1408 1142 1476 1168 male
1491 1150 1546 1168 rem
1557 1142 1714 1177 gerentibus

919 1181 1040 1215 patribus
1056 1181 1133 1206 bonis
1147 1180 1272 1207 interdici
1285 1179 1365 1210 solet,
1383 1181 1422 1206 sic
1439 1179 1516 1205 illum
1547 1180 1625 1214 quasi
1642 1179 1714 1205 ‹lesi-

919 1219 1035 1253 pientem
1048 1227 1062 1244 a
1074 1226 1101 1244 re
1113 1217 1239 1244 familiari
1254 1222 1421 1244 removerent
1437 1216 1551 1243 iudices.
1593 1217 1660 1242 Tum
1672 1225 1715 1242 se-

919 1265 971 1282 nex
986 1255 1086 1282 dicitur
1100 1264 1158 1281 eam
1172 1254 1304 1285 fabulam,
1328 1263 1408 1289 quam
1422 1255 1447 1280 iu
1461 1254 1586 1280 manibus
1600 1253 1715 1280 habebat

887 1296 888 1302 ¹
918 1298 943 1319 et
959 1293 1080 1328 proxime
1096 1293 1253 1327 scripserat,
1275 1292 1410 1326 Oedipum
1426 1291 1571 1318 Coloneum
1589 1292 1714 1317 recitasse

896 1333 897 1341 ²
919 1331 1070 1361 iudicibus,
1086 1331 1293 1365 quaesisseque,
1312 1338 1370 1355 niun
1383 1331 1446 1354 illud
1458 1338 1558 1355 carmen
1569 1331 1715 1361 desipientis

917 1371 1054 1394 videretur.
1097 1368 1154 1400 Quo
1169 1368 1289 1397 recitato,
1308 1367 1448 1393 sententiis
1460 1365 1582 1392 iudicum
1594 1370 1634 1392 est
1646 1365 1714 1391 libe-

919 1410 1000 1432 ratus.
1041 1407 1082 1432 ⁵23.
1105 1406 1174 1431 Num
1192 1405 1273 1441 igitur
1289 1404 1373 1434 hunc,
1392 1401 1456 1430 num
1474 1404 1631 1433 Homerum,
1649 1411 1714 1429 num

918 1442 1073 1473 Hesiodum,
1091 1442 1340 1471 numSimonidem.
1355 1450 1419 1468 num
1431 1441 1623 1469 Stesichorum,
1638 1449 1713 1470 num,

918 1489 985 1515 quos
996 1486 1055 1507 ante
1067 1480 1134 1511 dixi,
1149 1480 1298 1509 Isocratem,
1313 1479 1449 1514 Gorgiam.
1463 1487 1527 1504 num
1539 1477 1715 1512 philosopho-

918 1527 977 1544 rum
989 1518 1332 1553 principes,Pythagoram,
1346 1516 1534 1544 Democritum,
1550 1524 1614 1541 num
1627 1514 1715 1541 Plato—

918 1564 988 1585 nem,
1003 1564 1067 1581 num
1080 1555 1265 1583 Xenocratem.
1282 1563 1346 1580 num
1358 1559 1448 1588 postea
1460 1553 1602 1581 Zenonem,
1618 1552 1714 1577 Clean-

918 1593 989 1619 them
1002 1598 1047 1619 aut
1058 1601 1130 1623 eum,
1143 1601 1224 1627 quem
1237 1601 1284 1618 vos
1296 1592 1374 1618 etiam
1389 1590 1495 1616 vidistis·
1503 1591 1608 1620 Romae,
1619 1590 1714 1624 Dioge-

919 1639 978 1656 nem
991 1631 1118 1660 stoicum,
1128 1631 1214 1665 coegit
1226 1630 1252 1655 in
1264 1630 1322 1655 suis
1332 1628 1431 1655 studiis
1442 1627 1626 1653 obmutescere
1637 1635 1712 1652 senc-

917 1667 994 1694 ctus‘?
1021 1677 1053 1694 an
1077 1668 1104 1694 in
1127 1667 1254 1694 omuibus
1276 1667 1318 1692 bis
1339 1665 1490 1692 studiorum
1511 1665 1620 1699 agitatio
1646 1665 1714 1689 vitae

917 1705 1038 1740 aequalis
1050 1704 1118 1731 suit?
1149 1706 1191 1731 Ἡ.
1216 1705 1285 1739 Age.
1303 1708 1331 1730 ut
1346 1704 1394 1729 ista
1405 1703 1497 1728 divina
1509 1701 1597 1728 studia
1609 1702 1712 1727 omitta-

919 1752 987 1774 muS,
1002 1751 1112 1777 possum
1125 1742 1262 1769 nominare
1273 1750 1306 1767 ex
1318 1740 1486 1776 agroSabino
1498 1740 1611 1765 rusticos
1619 1739 1711 1764 llomu-

918 1789 979 1810 nos,
1001 1781 1104 1806 vicinos
1119 1785 1144 1806 et
1161 1779 1306 1805 familiares
1323 1786 1408 1808 meos,
1431 1777 1533 1812 quibus
1557 1776 1714 1802 absentibus·

919 1826 1066 1852 numquam
1079 1817 1131 1843 sere
1143 1816 1197 1843 ulla
1211 1817 1236 1843 in
1249 1825 1312 1851 agro
1323 1816 1421 1842 maiora
1433 1823 1511 1848 opera
1525 1814 1599 1842 liunt.
1610 1823 1660 1839 nou
1673 1822 1713 1839 se-

918 1855 1023 1886 rendis,
1047 1864 1098 1881 non
1116 1854 1311 1890 percipiendis,
1335 1861 1386 1879 nou
1405 1851 1552 1878 condendis
1570 1850 1713 1877 siau-tibus.

917 1893 1087 1928 Quamquam
1104 1893 1130 1918 in
1147 1892 1208 1918 aliis
1226 1892 1316 1917 minus
1333 1890 1381 1916 hoc
1397 1891 1506 1915 mirum.
1549 1889 1632 1914 Nemo
1642 1889 1715 1914 enim

916 1935 956 1957 est
967 1935 1020 1957 tam
1033 1939 1130 1960 senex,
1153 1930 1200 1964 qui
1217 1938 1245 1955 se
1257 1937 1357 1955 annum
1371 1936 1422 1954 uon
1435 1931 1509 1961 putet
1521 1934 1598 1960 posse
1613 1927 1703 1951 vivere

917 1967 970 1994 Sed
992 1967 1074 1994 iidem
1092 1968 1118 1993 in
1135 1968 1174 1993 cis
1190 1966 1340 1996 elaborant.
1363 1973 1432 2000 quae
1448 1965 1538 1990 sciunt
1552 1962 1621 1990 nihil
1638 1962 1671 1989 ad
1687 1971 1714 1988 sc

915 2005 1026 2032 omniuo
1038 2006 1184 2040 pertinere:

953 2043 1021 2069 Seri(
1032 2044 1145 2072 arbores,
1157 2051 1222 2075 quae
1232 2042 1310 2067 alteri
1319 2041 1403 2066 saeclo
1413 2041 1520 2072 pro'siut.

917 2084 946 2106 ut
965 2081 1002 2106 ait
1022 2080 1123 2105 Statius
1144 2084 1233 2105 noster
1254 2079 1279 2104 iu
1296 2077 1477 2113 Synephebis.
1518 2077 1559 2101 25.
1583 2075 1636 2100 Nec
1654 2082 1714 2099 vero

916 2116 1022 2143 dubitet
1034 2115 1160 2151 agricola,
1173 2116 1300 2150 quamvis
1311 2123 1404 2144 senex,
1417 2113 1566 2148 quaerenti.
1579 2112 1622 2137 cui
1635 2116 1712 2139 serat,

917 2153 1091 2188 respondero:
1104 2155 1155 2179 dits
1166 2154 1360 2180 immortalibus.
1372 2154 1416 2185 qui
1429 2160 1465 2176 mv
1476 2160 1523 2175 nou
1535 2152 1650 2181 accipera-
1662 2157 1713 2172 mo-

915 2194 948 2217 ‹Io
961 2193 1023 2218 haec
1037 2200 1053 2216 ss
1068 2192 1209 2216 uanioribus
1225 2191 1372 2217 mlum-uni,
1388 2190 1431 2214 sed
1445 2191 1520 2213 etium
1536 2188 1642 2219 poue-ris
1652 2194 1713 2217 pro-

916 2230 984 2254 dere.
1026 2228 1092 2254 vm.
1116 2226 1212 2253 Melius
1233 2225 1367 2252 Caecilius
1387 2224 1421 2251 do
1436 2233 1500 2250 seue
1515 2223 1590 2250 alu-ri
1607 2221 1713 2248 saeculo

917 2265 1106 2300 prospiciente,
1119 2272 1200 2299 qunm
1214 2263 1281 2289 illud
1295 2262 1379 2288 iili-m:

953 2304 1060 2335 Aede-pol
1070 2307 1192 2329 senectus.
1204 2303 1228 2327 si
1239 2302 1302 2325 nitu!
1313 2301 1451 2332 quidquam
1462 2300 1535 2324 ‹iliiizl
1548 2299 1592 2323 rili*

952 2343 1071 2372 appones
1083 2344 1172 2367 tectim,
1183 2347 1259 2372 quum
1271 2339 1390 2364 ‹idm-uis.-
1406 2345 1482 2361 urium
1495 2337 1520 2361 ul
1531 2340 1570 2359 sul
1581 2339 1624 2359 cst.

953 2379 1027 2410 quod.
1040 2379 1084 2403 diu
1096 2378 1210 2402 vire-rulo.
1226 2376 1313 2400 multu.
1326 2382 1392 2406 quae
1403 2382 1451 2398 mm
1463 2373 1523 2398 malt.
1538 2373 1612 2396 vinive.

917 2415 947 2440 {⁴12
968 2413 1052 2440 multa
1074 2413 1198 2441 sortasse,
1221 2420 1290 2446 quau
1311 2410 1381 2436 vult!
1405 2415 1484 2443 atquo
1501 2409 1527 2434 iu
1543 2417 1572 2433 ca
1589 2406 1710 2442 quidem.

915 2460 984 2486 quim
997 2459 1048 2478 non
1062 2450 1127 2479 vult.
1140 2458 1219 2484 saepe
1230 2450 1310 2475 otium
1324 2447 1502 2473 adolescentia
1515 2445 1636 2471 incurrit.
1677 2442 1711 2469 ll-

917 2488 962 2515 lud
975 2497 1038 2515 voro
1052 2488 1123 2515 idem
1135 2486 1268 2513 Caecilius
1281 2486 1418 2511 vitiosius:

956 2526 1016 2552 Tum
1027 2527 1140 2559 aquidum
1152 2528 1179 2551 ιίι
1189 2528 1288 2550 senecta
1300 2524 1344 2548 hm·
1355 2524 1446 2554 ‹lep-uo
1458 2520 1635 2546 misor-rimmo.

951 2565 1053 2591 seruo-r.
1066 2572 1095 2588 m
1105 2566 1189 2588 ‹winn-
1198 2570 1250 2586 rssc
1260 2569 1286 2585 sc
1296 2562 1409 2585 «utimum
1420 2559 1505 2583 alteru.

914 2602 956 2626 26.
979 2599 1129 2627 Iucundum
1142 2599 1244 2634 potius.
1258 2605 1339 2632 quam
1352 2595 1486 2621 odiosum.
1521 2593 1552 2620 Ut
1563 2593 1635 2619 cuim
1648 2591 1709 2618 mlo-

916 2637 1080 2664 leseentibus
1092 2637 1160 2663 honi·
1177 2634 1265 2662 indole
1277 2633 1405 2669 praeditis
1420 2632 1555 2666 sapientes
1569 2638 1648 2656 sones
1663 2629 1706 2654 di·-

916 2674 1058 2703 lcctuntur.
1077 2673 1215 2709 leviorque
1232 2672 1259 2699 lit
1270 2680 1362 2698 eorum
1374 2674 1512 2699 senectus.
1529 2669 1576 2704 qui
1589 2677 1602 2694 a
1616 2668 1711 2694 iuven-

891 2495 895 2682 Ι
