1941 3052
386 150 571 178 ORATIO
600 151 644 178 111.

69 224 127 251 dies
142 231 204 249 cum
220 222 382 258 coniugibus
397 230 427 248 ac
443 221 535 248 liberis
551 222 657 249 vestris.
698 222 765 248 Nam
786 221 864 248 multi

69 269 148 296 saepe
163 261 276 287 honores
291 260 343 286 diis
359 259 557 286 immortalibus
573 260 638 286 iusti
654 259 738 286 habiti
753 264 817 285 sunt
835 267 866 284 ac

69 298 162 330 debiti,
176 297 223 324 sed
235 297 352 332 profecto
363 297 488 323 iustiores
501 306 659 332 numquam.
689 297 781 331 Erepti
792 296 865 322 enim

70 336 135 362 estis
147 344 180 361 ex
191 334 379 361 crudelissimo
390 343 419 360 ac
434 335 585 361 miserrimo
600 335 722 365 interitu,
740 338 766 360 et
781 333 866 368 erepti

69 374 128 400 sine
137 372 231 403 caede,
245 373 303 398 sine
314 372 445 407 sanguine
453 393 459 402 ,
473 373 530 398 sine
541 373 672 403 exercitu,
686 371 744 398 sine
754 371 867 397 dimica—

70 411 153 437 tione:
172 410 265 445 togati,
284 418 326 435 me
342 418 395 436 uno
410 414 498 445 togato
512 409 580 436 duce
595 414 620 436 et
631 410 789 444 imperatore
800 409 867 434 vici—

69 448 128 474 stis.
157 448 200 474 24.
212 447 318 473 Etenim
330 447 515 478 recordamini,
528 446 654 479 Quirites,
668 455 761 473 omnes
772 446 866 472 civiles

69 485 251 511 dissensiones
259 505 265 516 ,
283 493 371 519 neque
382 484 470 511 solum
482 493 526 511 eas
534 505 540 515 ,
557 493 625 519 quas
636 484 751 510 audistis
759 504 765 514 ,
784 483 831 509 sed
842 487 868 509 et

70 522 132 553 has,
153 531 221 556 quas
238 522 395 557 vosmetipsi
412 523 573 548 meministis
588 527 668 556 atque
684 521 800 547 vidistis.
835 521 865 547 L.

69 559 144 586 Sulla
160 560 190 586 P.
203 559 355 594 Sulpicium
371 560 519 594 oppressit.-
542 568 576 586 ex
591 559 661 586 Urbe
677 559 754 585 eiecit
769 558 799 584 C.
812 558 868 584 Ma-

70 597 154 628 rium,
171 597 311 624 custodem
328 597 409 623 huius
425 597 514 628 urbis,
533 596 688 631 multosque
703 595 784 622 fortes
796 595 867 621 viros

70 635 167 670 partim
179 635 256 661 eiecit
266 643 300 661 ex
310 635 425 664 civitate,
441 635 536 669 partim
548 634 692 660 interemit.
727 633 776 660 Cn.
789 632 868 659 Octa-

71 673 132 699 vius
153 672 247 698 consul
269 672 350 698 armis
372 681 404 698 ex
419 671 489 698 Urbe
504 671 634 707 collegam
650 679 732 697 suum
747 669 865 704 expulit:

70 710 158 736 omnis
174 710 218 735 hic
233 709 307 736 locus
323 709 425 735 acervis
435 717 577 744 corporum
588 713 614 735 et
623 709 725 734 civium
736 707 868 743 sanguine

71 746 239 774 redundavit.
261 746 404 781 Superavit
415 750 505 781 postea
516 746 600 773 Cinna
610 755 673 772 cum
685 745 777 772 Mario.
799 745 867 771 Tum

71 793 146 815 vero,
159 784 316 810 clarissimis
329 784 394 810 viris
405 783 565 815 interfectis,
580 783 683 810 lumina
693 783 810 809 civitatis
821 791 868 808 ex-

69 822 165 848 stincta
181 826 254 847 sunt.
294 821 371 848 Ultus
387 825 428 847 est
443 821 526 847 huius
542 821 668 848 victoriae
682 820 867 846 crudelitatem

70 863 161 894 postea
173 858 262 885 Sulla:
285 867 318 885 ne
328 858 382 885 dici
392 858 503 894 quidem
519 867 587 893 opus
603 863 655 889 est,
673 863 772 893 quanta
787 858 869 884 dimi-

71 897 180 924 nutione
191 897 293 922 civium
304 901 330 922 et
340 901 438 931 quanta
450 896 599 923 calamitate
610 895 784 931 reipublicae.
808 895 869 921 Dis-

70 935 155 961 sensit
169 934 205 960 M.
223 933 342 968 Lepidus
363 943 378 960 a
397 934 548 961 clarissimo
564 938 589 960 et
604 933 751 960 fortissimo
766 933 824 959 viro
834 932 866 965 Q.

70 971 176 998 Catulo:
190 971 279 998 attulit
290 980 343 998 non
354 975 407 998 tam
419 972 507 1006 ipsius
517 972 641 998 interitus
651 970 816 1005 reipublicae
826 970 869 996 lu-

70 1013 152 1041 ctum,
165 1018 247 1044 quam
259 1013 416 1036 ceterorum.
448 1011 490 1036 25.
513 1010 600 1044 Atque
613 1008 673 1035 illae
684 1009 868 1034 dissensiones

70 1051 144 1073 erant
154 1046 321 1078 huiusmodi,
333 1046 459 1079 Quirites,
472 1055 542 1082 quae
554 1055 605 1073 non
617 1046 650 1072 ad
661 1046 812 1077 delendam,
821 1045 869 1072 sed

70 1083 103 1110 ad
113 1083 330 1110 commutandam
343 1084 537 1119 rempublicam
551 1085 722 1119 pertinerent.
757 1084 815 1110 Non
827 1083 868 1109 illi

71 1121 172 1148 nullam
183 1130 242 1148 esse
254 1122 461 1156 rempublicam,
484 1122 571 1148 sedin
582 1130 625 1153 ea,
648 1130 717 1157 quae
733 1126 816 1152 esset,
838 1129 868 1147 se

70 1167 129 1186 esse
140 1159 289 1194 principes,
303 1168 391 1194 neque
403 1159 471 1186 hanc
483 1159 576 1186 urbem
588 1158 749 1195 conflagrare
757 1180 763 1191 ,
780 1158 827 1185 sed
839 1167 868 1185 se

71 1197 98 1223 in
119 1196 168 1223 hac
188 1197 255 1223 urbe
274 1196 366 1224 florere
389 1197 543 1224 voluerunt.
584 1197 671 1232 Atque
694 1196 756 1223 illae
779 1201 867 1223 tamen

70 1242 162 1261 omnes
173 1234 370 1266 dissensiones,
387 1243 503 1270 quarum
520 1234 593 1261 nulla
609 1235 721 1261 exitium
737 1234 869 1268 reipubli-

70 1280 116 1298 cae
126 1272 273 1307 quaesivit,
287 1272 421 1299 eiusmodi
433 1272 556 1303 fuerunt,
570 1276 599 1298 ut
611 1280 663 1298 non
675 1271 869 1298 reconciliatio-

71 1317 104 1335 ne
124 1309 293 1339 concordiae,
316 1309 363 1335 sed
384 1310 564 1336 internecione
584 1310 686 1336 civium
707 1309 869 1335 diiudicatae

70 1347 134 1373 sint.
155 1347 184 1373 ln
196 1346 245 1373 hoc
255 1351 344 1373 autem
357 1355 411 1373 uno
421 1351 482 1381 post
493 1347 631 1373 hominum
645 1347 799 1373 memoriam
812 1355 869 1372 ma-

71 1385 143 1411 ximo
155 1383 397 1419 crudelissimoque
408 1384 491 1415 bello,
509 1384 589 1419 qualo
605 1384 707 1410 bellum
724 1383 797 1410 nulla
810 1393 870 1410 um-

70 1430 152 1457 quam
164 1421 286 1448 barbaria
296 1430 359 1447 cum
370 1430 419 1448 sua
430 1426 509 1457 gente
519 1422 617 1457 gessit,
635 1430 689 1457 quo
704 1422 732 1448 in
743 1421 815 1448 bello
827 1421 870 1448 lex

71 1459 136 1485 haec
148 1458 199 1485 l'uit
209 1467 223 1485 a
235 1459 360 1490 Lentulo,
378 1459 505 1490 Catilina,
523 1460 628 1491 Cassio,
642 1459 759 1495 Cethego
769 1459 870 1486 consti-

71 1500 140 1527 tuta,
159 1501 188 1523 ut
199 1505 304 1527 omnes,
322 1497 369 1531 qui
384 1496 457 1523 salva
470 1497 540 1524 Urbe
550 1497 619 1523 salvi
630 1505 689 1523 esse
701 1501 823 1531 possent,
841 1497 869 1523 in

71 1534 189 1561 hostium
201 1542 312 1560 numero
323 1534 493 1566 ducerentur,
507 1535 542 1561 ita
555 1543 596 1561 me
606 1535 688 1570 gessi,
701 1534 827 1566 Quirites,
841 1538 870 1561 ut

70 1580 163 1598 omnes
175 1571 243 1598 salvi
259 1572 498 1598 conservaremini:
522 1576 560 1603 et,
578 1581 664 1607 quum
680 1571 771 1598 hostes
787 1572 869 1598 vestri

70 1614 174 1636 tantum
185 1609 286 1636 civium
299 1608 504 1643 superfuturum
517 1614 669 1644 putassent,
683 1614 815 1644 quantum
828 1609 870 1636 in-

71 1646 160 1674 finitae
171 1646 245 1673 caedi
257 1646 406 1678 restitisset,
421 1651 523 1673 tantum
535 1651 624 1674 autem
634 1647 722 1678 Urbis,
737 1651 869 1682 quantum

70 1683 176 1711 flamma
187 1684 260 1710 obire
276 1692 328 1711 non
345 1685 489 1719 potuisset,
512 1689 538 1711 et
553 1684 651 1712 Urbem
667 1689 693 1712 et
711 1684 784 1711 cives
800 1685 870 1711 inte-

69 1730 131 1758 gros
142 1721 347 1757 incolumesque
358 1722 474 1748 servavi.

124 1759 171 1786 XI.
184 1761 226 1786 26.
243 1758 349 1791 Quibus
361 1768 408 1794 pro
420 1760 499 1786 tantis
511 1759 606 1791 rebus,
620 1759 747 1792 Quirites,
762 1759 869 1786 nullum

71 1804 120 1833 ego
130 1805 145 1824 a
156 1796 234 1823 vobis
245 1797 395 1832 praemium
408 1797 529 1828 virtutis,
548 1797 654 1824 nullum
666 1797 774 1833 insigne
786 1797 870 1824 hono-

70 1835 116 1866 ris,
125 1834 231 1861 nullum
243 1839 448 1861 monumentum
460 1834 548 1861 laudis
559 1834 675 1870 postulo,
683 1839 869 1870 praeterquam

71 1871 153 1898 huius
164 1871 217 1898 diei
229 1872 384 1898 memoriam
394 1873 595 1907 sempiternam.
617 1873 646 1899 ln
656 1873 754 1899 animis
765 1881 814 1908 ego
825 1881 870 1899 ve-

71 1909 133 1936 stris
144 1917 237 1936 omnes
249 1909 400 1944 triumphos
412 1918 498 1941 meos,
519 1910 610 1937 omnia
620 1915 774 1937 ornamenta
787 1911 870 1936 bono-

71 1946 122 1978 ris,
136 1951 308 1973 monumenta
319 1946 433 1983 gloriae,
447 1946 534 1974 laudis
546 1948 664 1983 insignia
679 1948 758 1974 condi
774 1953 800 1974 et
814 1948 870 1974 col-

73 1983 152 2012 locari
166 1983 235 2011 volo.
276 1983 349 2011 Nihil
360 1992 404 2011 me
415 1989 520 2012 mutum
537 1989 624 2020 potest
639 1984 783 2017 delectare,
801 1985 868 2012 nibil

679 151 725 177 IN
757 150 1099 177 L.CATILINAM.
1122 149 1221 176 CAP.
1255 150 1328 175 7—
1353 151 1389 175 12.

1659 150 1707 176 427

917 221 1040 252 tacitum,
1059 220 1127 247 nihil
1143 220 1260 255 denique
1275 220 1423 251 eiusmodi,
1441 219 1514 254 quod
1529 220 1609 246 etiam
1621 221 1711 246 minus

916 258 994 294 digni
1005 258 1113 292 assequi
1125 258 1238 292 possint.
1274 258 1401 284 Memoria
1412 262 1508 288 vestra,
1524 256 1650 289 Quirites,
1665 266 1713 283 uo-

917 300 986 322 strae
997 304 1039 322 res
1051 295 1163 325 alentur,
1175 295 1345 321 sermonibus
1356 299 1483 324 crescent,
1497 294 1643 320 litterarum
1655 303 1713 320 mo-

917 333 1053 359 numentis
1065 333 1259 359 inveterascent
1269 337 1294 359 et
1305 332 1559 359 corroborabuntur:
1577 331 1714 357 eamdem-

918 379 971 405 que
982 370 1054 396 diem
1070 370 1204 405 intelligo,
1221 379 1304 405 quam
1320 379 1397 405 spero
1412 374 1546 396 aeternam
1562 368 1626 399 fore,
1645 374 1670 395 et
1681 369 1714 395 ad

918 408 1034 434 salutem
1050 408 1129 434 Urbis
1145 412 1171 433 et
1186 407 1219 434 ad
1234 408 1390 434 memoriam
1406 407 1562 433 consulatus
1579 407 1631 433 mei
1652 415 1715 441 pro-

919 450 1055 480 pagatam:
1070 454 1177 480 unoque
1189 449 1306 479 tempore
1317 446 1344 471 in
1356 445 1404 471 hae
1415 444 1553 479 republica
1564 444 1632 470 duos
1642 445 1715 470 cives

919 483 1067 513 exstitisse,
1085 491 1201 517 quorum
1217 482 1282 508 alter
1297 482 1363 508 fines
1380 483 1461 508 vestri
1477 482 1583 516 imperii
1599 490 1651 508 non
1664 486 1716 508 ter-

919 528 976 550 rae,
998 520 1046 546 sed
1062 520 1128 545 caeli
1144 520 1301 555 regionibus
1317 520 1484 550 terminaret,
1507 519 1572 545 alter
1592 518 1715 545 eiusdem

922 557 1028 591 imperii
1040 557 1206 583 domicilium
1218 557 1364 592 sedemque
1375 562 1500 583 servaret.
1526 557 1584 582 ΧΠ.
1598 557 1640 583 27.
1662 556 1715 582 Sed

896 591 899 597 ⁷
919 595 1046 629 quoniam
1058 603 1150 620 earum
1162 603 1260 625 rerum,
1275 603 1342 629 quas
1353 603 1402 629 ego
1412 595 1493 630 gessi,
1508 603 1560 620 non
1571 593 1663 620 eadem
1675 598 1716 620 est

920 632 1024 658 fortuna
1035 636 1115 666 atque
1126 631 1251 662 conditio,
1260 641 1329 666 quae
1341 632 1457 663 illorum,
1465 632 1513 666 qui
1525 636 1634 658 externa
1645 630 1715 657 bella

919 674 1076 705 gesserunt;
1089 669 1163 704 quod
1174 669 1241 695 mibi
1252 678 1313 695 cum
1326 669 1368 695 his
1381 669 1526 695 vivendum
1538 673 1586 699 est,
1595 677 1663 703 quos
1675 669 1717 694 vi-

897 719 899 721 ·
919 707 984 732 ciac
995 707 1105 741 subegi,
1128 707 1173 732 isti
1186 706 1276 732 hostes
1291 711 1337 732 aut
1348 706 1499 732 interfectos
1512 712 1557 732 aut
1572 714 1715 740 oppressos

920 743 1101 778 reliquerunt.-
1116 748 1235 769 vestrum
1247 749 1296 775 est,
1309 743 1435 775 Quirites,
1449 744 1472 770 si
1484 743 1578 770 ceteris
1589 752 1637 769 sua
1649 743 1716 769 sacta

920 786 1040 816 prosunt,
1053 781 1119 807 mihi
1131 789 1191 807 mea
1201 790 1235 807 ne
1245 781 1353 816 quando
1363 781 1460 812 obsint,
1470 781 1619 815 providere.
1642 781 1717 807 Men-

921 823 959 845 tes
975 819 1046 844 enim
1063 818 1203 845 hominum
1219 819 1460 845 audacissimorum
1476 818 1619 844 sceleratae
1629 827 1659 844 ac
1671 826 1717 844 ue-

920 856 1002 882 fariae
1012 865 1046 882 ne
1057 856 1134 882 vobis
1146 864 1239 882 nocere
1254 861 1376 891 possent,
1393 865 1443 892 ego
1458 856 1577 890 providi:
1601 864 1633 881 ne
1649 855 1717 881 mihi

920 898 1040 924 noceant,
1054 898 1174 920 vestrum
1186 898 1226 920 est
1236 894 1386 928 providere.
1427 893 1610 928 Quamquam,
1628 892 1718 925 Quiri-

920 936 973 962 tes,
991 931 1059 957 mihi
1074 931 1185 966 quidem
1197 932 1249 966 ipsi
1261 931 1328 958 nihil
1341 932 1394 957 iam
1405 931 1438 957 ab
1450 931 1509 957 istis
1521 931 1608 957 noceri
1620 935 1716 965 potest.

920 969 1048 1004 Magnum
1060 969 1132 995 enim
1144 974 1183 995 est
1195 969 1222 995 in
1234 969 1310 995 bonis
1322 969 1487 1004 praesidium
1496 989 1502 1000 ,
1519 968 1592 1003 quod
1607 968 1674 994 mihi
1691 968 1718 993 in

920 1011 1081 1041 perpetuum
1097 1011 1279 1041 comparatum
1295 1011 1349 1033 est:
1373 1015 1468 1042 magna
1484 1007 1511 1032 in
1528 1005 1665 1040 republica
1676 1004 1718 1031 di-

920 1045 1017 1080 gnitas,
1025 1052 1094 1079 quae
1106 1053 1148 1070 me
1159 1053 1266 1079 semper
1277 1045 1354 1070 tacita
1365 1044 1505 1070 defendet:
1519 1052 1614 1079 magna
1627 1043 1668 1068 vis
1679 1046 1719 1068 est

920 1082 1110 1113 conscientiae,
1134 1090 1215 1116 quam
1231 1082 1279 1117 qui
1294 1082 1444 1118 negligent,
1467 1090 1552 1116 quum
1567 1089 1608 1106 me
1620 1079 1719 1106 violare

921 1119 1020 1150 volent,
1037 1128 1066 1145 se
1080 1119 1134 1154 ipsi
1146 1119 1312 1146 indicabunt.
1354 1121 1396 1146 28.
1418 1119 1466 1145 Est
1476 1119 1556 1145 etiam
1568 1119 1594 1144 in
1607 1118 1684 1144 nobis
1697 1118 1718 1143 is

920 1157 1041 1187 animus,
1054 1156 1181 1189 Quirites,
1196 1162 1288 1183 utnon
1300 1157 1378 1183 modo
1390 1156 1492 1183 nullius
1504 1156 1631 1182 audaciae
1641 1154 1720 1181 ceda-

921 1203 992 1226 mus,
1005 1194 1053 1221 sed
1064 1196 1144 1221 etiam
1155 1203 1248 1221 omnes
1259 1195 1396 1229 improbos
1409 1194 1478 1221 ultro
1488 1202 1595 1228 semper
1606 1193 1720 1219 lacessa-

921 1241 992 1258 mus.
1018 1232 1095 1264 Quod
1106 1232 1129 1258 si
1141 1233 1229 1258 omnis
1240 1233 1357 1267 impetus
1369 1232 1576 1258 domesticorum
1589 1231 1716 1259 hostium,

920 1269 1053 1304 depulsus
1069 1278 1082 1295 a
1099 1270 1189 1301 vohis,
1207 1278 1236 1296 se
1252 1270 1279 1296 iu
1296 1279 1338 1296 me
1351 1279 1435 1296 unum
1446 1269 1618 1296 converterit:
1643 1268 1719 1294 vobis

898 1320 899 1324 =
920 1308 970 1334 crit
986 1307 1197 1342 providendum,
1215 1307 1345 1339 Quirites,
1369 1316 1422 1342 qua
1442 1306 1594 1333 conditione
1610 1306 1720 1340 posthac

920 1353 965 1371 eos
976 1353 1036 1370 esse
1049 1345 1151 1374 velitis,
1168 1345 1215 1379 qui
1227 1354 1255 1371 se
1267 1353 1314 1379 pro
1325 1344 1412 1371 salute
1425 1349 1510 1370 vestra
1521 1343 1667 1370 obtulerint
1679 1343 1720 1368 in-

921 1382 1009 1408 vidiae
1021 1382 1202 1417 periculisque
1213 1383 1349 1409 omnibus.
1390 1382 1455 1408 Mihi
1467 1381 1577 1416 quidem
1590 1381 1642 1415 ipsi
1653 1380 1720 1415 quid

899 1419 901 1423 ⁴
921 1425 969 1450 est,
982 1420 1055 1454 quod
1068 1429 1119 1445 iam
1130 1420 1163 1445 ad
1176 1420 1244 1446 vitae
1255 1419 1371 1446 fructum
1385 1420 1468 1454 possit
1479 1419 1590 1453 acquiri,
1600 1426 1721 1453 praeser-

922 1458 969 1484 tim
981 1466 1065 1492 quum
1079 1466 1165 1492 neque
1176 1458 1204 1483 in
1217 1457 1314 1484 honore
1327 1462 1423 1487 vestro,
1433 1465 1520 1491 neque
1531 1457 1558 1482 in
1569 1456 1652 1491 gloria
1665 1456 1720 1481 vir-

922 1496 987 1521 tutis
998 1494 1149 1529 quidquam
1166 1494 1274 1521 videam
1290 1494 1385 1525 altius,
1407 1503 1461 1529 quo
1477 1493 1587 1528 quidem
1604 1493 1670 1519 mihi
1688 1493 1720 1519 li-

922 1533 982 1558 beat
993 1532 1155 1558 ascendere'?
1166 1534 1208 1558 29.
1220 1532 1291 1558 Illud
1303 1532 1438 1567 perliciam
1452 1531 1577 1566 prolecto,
1591 1530 1717 1563 Quirites,

923 1575 951 1596 ut
966 1578 1009 1601 ea,
1031 1578 1100 1605 quae
1115 1570 1187 1605 gessi
1204 1570 1230 1596 in
1245 1569 1398 1599 consulatu,
1422 1570 1543 1604 privatus
1555 1573 1630 1595 tuear
1640 1572 1720 1602 atque

921 1616 1027 1634 ornem:
1042 1612 1078 1637 ut,
1088 1608 1110 1633 si
1122 1616 1175 1642 qua
1187 1612 1227 1633 est
1238 1607 1339 1633 invidia
1351 1608 1377 1633 in
1389 1606 1571 1633 conservanda
1584 1606 1719 1640 republica

921 1650 1055 1680 suscepta,
1071 1645 1156 1671 laedat
1167 1644 1284 1675 invidos,
1299 1645 1364 1671 mihi
1378 1644 1462 1670 valeat
1473 1644 1505 1670 ad
1517 1644 1638 1679 gloriam.
1671 1644 1720 1669 De-

922 1683 1005 1718 nique
1025 1683 1060 1709 ita
1082 1691 1124 1709 me
1145 1683 1173 1708 in
1194 1682 1332 1717 republica
1355 1682 1478 1712 tractabo,
1503 1687 1531 1707 ut
1552 1681 1720 1707 meminerim

921 1729 1041 1755 semper,
1058 1728 1127 1755 quae
1138 1720 1283 1756 gesserim,
1297 1729 1452 1754 curemque,
1468 1724 1496 1745 ut
1507 1728 1535 1745 cu
1549 1719 1654 1749 virtute,
1669 1727 1721 1744 nou

921 1767 986 1784 casu
1002 1763 1075 1794 gestu
1091 1766 1150 1784 esse
1166 1757 1316 1784 videantur.
1358 1758 1423 1787 Vos,
1441 1756 1571 1789 Quirites,
1593 1757 1720 1791 quoniam

921 1796 975 1822 iam
988 1804 1040 1822 nox
1051 1800 1100 1826 est,
1115 1795 1280 1821 veneramini
1293 1794 1370 1821 illum
1383 1794 1626 1824 {oven1‚cust0‹lem
1640 1793 1721 1819 liuius

922 1834 998 1860 urbis
1009 1842 1039 1860 ac
1051 1838 1180 1863 vestrum,
1194 1837 1274 1868 atque
1286 1833 1312 1859 in
1326 1837 1411 1858 vestra
1424 1837 1489 1858 tecta
1502 1831 1632 1857 discedite
1644 1836 1669 1857 et
1679 1840 1718 1860 ea,

921 1880 1087 1907 quamquam
1104 1871 1156 1897 iam
1174 1870 1326 1906 periculum
1342 1874 1381 1896 est
1397 1869 1556 1904 depulsum,
1574 1874 1661 1895 tamen
1678 1877 1721 1894 ae—

921 1918 974 1944 que
986 1918 1015 1935 ac
1027 1908 1108 1944 priori
1121 1913 1195 1935 nocte
1206 1907 1336 1934 custodiis
1349 1907 1505 1943 vigiliisque
1516 1906 1659 1932 defendite,
1693 1906 1721 1932 ld

922 1956 955 1974 ne
968 1947 1043 1974 vobis
1055 1946 1159 1972 diutius
1172 1945 1322 1972 faciendum
1339 1946 1387 1975 sit,
1410 1950 1490 1979 atque
1506 1949 1535 1970 ut
1550 1944 1577 1970 in
1594 1948 1721 1979 perpetua

922 1993 986 2020 pace
997 1993 1056 2012 esse
1067 1984 1186 2020 possitis,
1200 1983 1355 2019 providebo,
1369 1983 1496 2016 Quirites,

785 2052 1013 2067 -Φοὴομ-

571 2195 605 2224 Μ.

397 2320 426 2369 C
541 2321 579 2369 A
693 2323 732 2371 T
850 2323 862 2371 l

873 2133 914 2158 36.

874 2271 915 2293 IN

644 2195 848 2225 TULLll
885 2195 1221 2225 CICERONlS

1127 2320 1141 2368 l
1564 2317 1609 2365 M

1256 2319 1293 2368 N
1411 2318 1448 2366 A

979 2321 1011 2369 L

681 2416 868 2443 ORATIO
906 2414 1103 2449 QUARTA

387 2477 762 2516 HABITA

840 2480 852 2517 1
896 2480 925 2517 Ν

1003 2476 1399 2516 SENATU.

129 2623 149 2651 I.
164 2625 188 2652 t.
200 2620 307 2656 Video,
325 2630 412 2661 patres
423 2625 581 2660 conscripti,
600 2625 626 2652 in
639 2633 681 2651 me
691 2625 813 2652 omnium
826 2634 871 2652 ve-

74 2664 160 2688 strum
170 2669 214 2689 ora
225 2666 306 2698 atque
316 2663 408 2690 oculos
419 2671 479 2690 esse
489 2671 642 2689 couversos.
659 2662 751 2694 Video,
761 2672 807 2690 vos
820 2672 870 2690 non

74 2697 161 2726 sotum
172 2699 206 2726 de
217 2704 305 2727 vestro
315 2708 344 2728 ac
356 2700 528 2736 reipublicae,
543 2709 636 2727 verum
648 2700 738 2733 etiam,
751 2701 775 2728 si
787 2701 813 2727 id
824 2701 871 2727 ἀμ

923 2625 1033 2661 pulsum
1045 2625 1094 2655 ait,
1107 2624 1140 2651 de
1151 2631 1211 2650 meo
1222 2622 1341 2658 periculo
1351 2630 1411 2649 esso
1421 2621 1562 2648 sollicitos.
1597 2622 1642 2648 Est
1655 2621 1721 2648 mihi

924 2662 1040 2689 iucunda
1056 2663 1082 2689 in
1096 2661 1174 2688 malis
1185 2666 1211 2687 et
1221 2665 1295 2696 grata
1307 2660 1333 2686 in
1345 2660 1436 2686 doloro
1448 2664 1535 2686 vestra
1547 2668 1608 2695 erga
1622 2668 1663 2685 mc
1675 2668 1722 2684 vo-

925 2700 1026 2727 luntas:
1043 2699 1091 2727 sed
1103 2707 1170 2728 eam,
1185 2706 1231 2734 per
1242 2698 1306 2724 deos
1318 2697 1495 2724 immortales!
1517 2705 1626 2732 quaeso,
1640 2696 1722 2730 dopo-

1458 2744 1516 2770 54·
