1941 3052
460 109 512 134 DE
558 107 786 135 ORATORE
822 108 898 134 LlB
947 109 964 134 1.

861 186 870 265 l

868 268 871 325 ς
895 253 1047 285 dicendum,
1073 259 1160 280 tamen
1183 253 1215 280 ad
1233 254 1447 289 cognoscendum
1471 263 1522 280 non
1545 255 1685 281 illiberale.

53 180 159 215 adeptos
182 180 324 215 omniaque
346 180 398 206 iam
423 188 456 206 ex
473 180 540 214 ipso,
560 188 628 214 quae
642 179 689 206 diu
703 179 838 214 cupimus,

51 218 212 254 cognituros.

105 255 206 281 XXXI.
225 255 280 280 ¹37.
306 254 374 280 Tum
393 254 518 281 Crassus:
547 254 628 289 Atqui
643 253 762 284 arbitror,
779 252 842 279 Sul-

51 293 113 329 pici,
133 301 219 327 quum
237 291 363 322 audieris,
385 300 436 317 non
454 296 507 317 tam
522 296 545 318 te
559 291 623 317 baec
637 291 838 321 admiraturum,

51 338 119 366 quae
132 329 232 360 dixero,
248 337 330 364 quain
344 329 559 355 existimaturum
573 333 639 360 tum,
652 337 736 363 quum
751 336 781 354 ea
795 336 842 353 au-

51 368 107 394 dire
119 367 256 402 cupiebas,
272 374 403 397 caussam,
420 375 467 392 cur
479 375 599 401 cuperes,
617 374 668 392 non
682 365 775 392 fuisse.
795 365 843 391 Ni—

50 404 89 432 hil
103 404 175 430 enim
186 404 273 430 dicam
287 403 463 434 reconditum,
473 403 539 429 nihil
552 403 746 438 exspectatione
755 407 841 429 vestra

51 442 172 478 dignum,
193 441 260 467 nihil
281 446 326 467 aut
340 441 491 467 inauditum
505 441 582 467 vobis
595 444 641 467 aut
653 440 780 475 cuiquam
794 448 842 465 no-

51 488 126 506 vum.
159 479 227 505 Nam
250 479 390 513 principio,
415 478 443 504 id
461 478 533 513 quod
551 482 591 504 est
604 478 711 504 homine
724 478 842 512 ingenuo

52 515 249 551 liberaliterque
267 515 378 542 educato
396 515 517 551 dignum,
539 523 592 541 non
611 515 712 550 negabo
731 523 773 540 me
790 515 840 540 ista

50 554 171 580 omnium
193 553 344 579 communia
366 557 392 579 et
414 553 524 579 contrita
541 556 681 587 praecepta
698 551 838 577 didicisse:

52 592 108 617 ⁴38.
121 591 366 625 primum,oratoris
379 589 497 616 officium
512 598 570 615 esse
583 589 670 615 dicere
685 589 717 615 ad
730 597 842 623 persua-

51 628 168 654 dendum
192 627 398 659 accommodate}
427 627 532 658 deinde,
554 635 612 653 esse
625 635 731 653 omnem
746 626 842 652 oratio-

51 666 111 692 nem
125 670 169 691 aut
183 665 215 691 de
228 665 346 691 infinitae
359 665 396 690 rei
410 665 565 699 quaestione
588 664 645 690 sine
659 663 841 699 designatione

50 711 223 738 personarum
242 706 267 728 et
284 706 444 736 temporum,
465 706 510 728 aut
528 701 561 728 de
575 710 602 728 re
616 702 694 728 certis
708 702 736 727 in
750 710 842 735 perso-

51 739 92 766 nis
110 748 140 766 ac
158 739 323 774 temporibus
341 739 433 766 locata.
469 741 526 765 439.
542 740 571 765 In
585 743 697 774 utraque
711 743 798 764 autem
815 746 841 764 re

51 776 183 813 quidquid
197 777 224 803 in
237 777 441 803 controversiam
457 777 553 808 veniat,
570 777 597 803 in
611 785 641 803 eo
655 776 746 811 quaeri
757 775 842 802 solere

52 818 96 841 aut
113 813 246 841 factumne
265 814 299 840 sit
317 818 370 846 aut,
387 814 410 840 si
425 818 464 840 est
479 814 587 846 factum,
603 813 682 849 quale
697 814 731 839 sit
745 818 791 839 aut
804 817 843 839 et—

50 852 103 878 iam
120 860 174 887 quo
188 852 294 878 nomine
308 855 417 878 vocetur
431 856 484 883 aut,
504 852 576 887 quod
595 851 716 878 nonnulli
730 851 840 881 addunt,

51 893 152 916 rectene
174 888 272 915 factum
296 898 354 915 esse
368 889 499 915 videatur.
531 891 588 915 ⁴40.
603 889 739 915 Exsistere
754 893 842 914 autern

50 927 241 953 controversias
255 927 334 953 etiam
349 935 383 953 ex
396 927 488 961 scripti
506 927 730 962 interpretatione,
748 926 774 952 in
789 934 843 960 quo

51 968 95 990 aut
109 964 234 1000 ambigue
247 964 313 999 quid
327 964 362 990 sit
375 965 505 999 scriptum
520 968 565 990 aut
582 964 712 991 contrarie
731 968 775 989 aut
794 964 840 994 ita,

50 1005 79 1027 ut
93 1010 105 1027 a
120 1002 249 1028 sententia
263 1002 392 1036 scriptum
407 1002 547 1028 dissideat:
563 1002 606 1028 bis
617 1006 705 1027 autem
716 1001 842 1027 omnibus

50 1039 170 1074 partibus
193 1039 311 1066 subiecta
329 1039 459 1074 quaedam
479 1048 537 1065 esse
555 1043 710 1075 argumenta
724 1038 840 1073 propria.

52 1077 108 1102 ⁴4⁴.
121 1075 174 1103 Sed
187 1085 352 1108 caussarum,
363 1085 432 1111 quae
445 1077 499 1103 sint
512 1085 526 1103 a
539 1077 675 1103 communi
686 1077 842 1111 quaestione
870 1107 871 1114 ἵ

49 1114 192 1145 seiunctae,
212 1114 308 1149 partim
330 1115 357 1140 in
375 1114 483 1140 iudiciis
497 1114 605 1145 versari,
623 1114 718 1149 partim
733 1114 760 1140 iu
774 1113 843 1139 deli—

49 1151 244 1185 berationibus;
260 1160 318 1178 esse
331 1152 409 1178 etiam
423 1160 509 1187 genus
523 1152 640 1183 tertium,
656 1151 729 1186 quod
743 1151 770 1177 in
785 1150 842 1177 lau-

49 1188 144 1215 dandis
161 1193 207 1215 aut
224 1189 407 1224 vituperandis
427 1189 582 1216 hominibus
600 1193 755 1224 poneretur3
785 1197 842 1214 cer-

49 1230 143 1261 tosque
165 1234 223 1252 esse
246 1226 324 1258 locos,
349 1227 449 1262 quibus
471 1227 499 1253 in
522 1227 630 1253 iudiciis
649 1231 793 1257 uteremur,
813 1226 841 1252 in

49 1263 150 1298 quibus
169 1264 288 1298 aequitas
306 1269 491 1299 quaereretur;
519 1263 585 1290 alios
599 1265 627 1290 in
641 1263 841 1290 deliberationi-

50 1301 109 1332 bus,
134 1301 182 1336 qui
204 1310 295 1327 omnes
318 1301 351 1327 ad
373 1301 514 1328 utilitatem
536 1301 715 1337 dirigerentur
737 1309 839 1332 eorum,

48 1338 150 1373 quibus
167 1338 309 1365 consilium
329 1338 467 1371 daremus,
497 1339 561 1365 alios
583 1339 646 1365 item
666 1339 693 1364 in
712 1338 842 1365 laudatio-

49 1375 138 1407 nibus,
163 1376 191 1402 in
214 1376 316 1411 quibus
334 1376 367 1402 ad
385 1385 558 1411 personarum
579 1376 735 1411 dignitatem
753 1376 841 1402 omnia

49 1412 218 1439 referrentur.
249 1414 306 1440 ⁴42.
321 1412 466 1448 Quumque
484 1418 553 1439 esset
571 1414 658 1440 omnis
677 1413 786 1440 oratoris
801 1413 842 1439 vis

49 1459 78 1477 ac
100 1450 212 1477 facultas
230 1451 256 1476 in
275 1451 396 1486 quinque
414 1456 502 1486 partes
515 1451 667 1482 distributa,
693 1455 721 1476 ut
735 1451 842 1477 deberet

50 1488 164 1522 reperire
186 1488 312 1522 primum,
337 1488 404 1523 quid
417 1488 528 1520 diceret,
553 1488 650 1514 deinde
667 1489 776 1514 inventa
790 1496 841 1514 non

49 1525 136 1552 solum
150 1525 249 1556 ordine,
270 1525 317 1552 sed
335 1526 414 1552 etiam
429 1530 562 1552 momento
576 1525 692 1560 quodam
707 1530 785 1560 atque
800 1526 842 1551 iu-

49 1562 118 1590 dicio
138 1562 293 1597 dispensare
315 1567 394 1598 atque
410 1571 581 1598 componere3
611 1567 667 1589 tum
682 1571 711 1588 ea
725 1563 842 1597 denique
870 1586 871 1589 ,

49 1600 146 1627 vestire
163 1605 242 1635 atque
261 1609 352 1627 ornare
370 1601 499 1632 oratione,
521 1604 581 1635 post
598 1601 725 1626 memoria
739 1600 839 1635 sepire,

49 1637 82 1664 ad
95 1642 244 1664 extremum
258 1646 335 1674 agere
347 1646 409 1664 cum
423 1637 551 1674 dignitate
564 1646 594 1664 ac
608 1641 760 1664 venustate:
783 1638 839 1663 143.

49 1675 127 1701 etiam
148 1674 194 1701 illa
216 1683 356 1711 cognoram
379 1679 404 1702 et
421 1684 582 1710 acceperam,
603 1679 744 1710 antequam
764 1674 797 1701 de
815 1683 841 1700 re

50 1711 206 1743 diceremus,
231 1713 306 1739 initio
328 1712 506 1739 conciliandos
529 1721 621 1739 eorum
645 1720 704 1738 esse
726 1713 838 1743 animos,

49 1749 96 1785 qui
120 1749 254 1783 audirent;
281 1749 378 1776 deinde
400 1759 455 1776 rem
476 1750 723 1782 demonstrandam;
752 1754 840 1784 postea

50 1787 254 1814 controversiam
267 1787 494 1821 constituendam;
522 1792 579 1814 tum
598 1787 634 1819 id,
651 1786 722 1822 quod
737 1796 785 1814 nos
800 1787 841 1813 in-

50 1824 226 1855 tenderemus.
241 1824 467 1858 confirmandum3
495 1829 563 1860 post,
583 1834 652 1860 qnae
666 1829 754 1851 contra
769 1824 841 1850 dice—

49 1866 149 1892 rentur.
165 1861 321 1894 refellenda;
349 1867 466 1888 extrema
484 1866 572 1888 autem
586 1863 703 1889 oratione
717 1870 755 1893 ea,
772 1870 840 1897 quae

50 1906 97 1934 pro
114 1899 191 1925 nobis
209 1903 305 1931 essent,
326 1899 511 1934 amplificanda
529 1905 554 1926 et
567 1900 697 1935 augenda,
717 1908 840 1934 quaeque

50 1941 137 1962 essent
154 1944 202 1971 pro
220 1936 388 1967 adversariis,
410 1936 567 1963 infirmanda
585 1942 665 1972 atque
683 1936 838 1971 frangenda.

49 1973 161 1999 XXXII.
175 1974 230 2000 144.
243 1973 385 2000 Audieram
400 1974 477 2000 etiam
492 1983 561 2009 quae
574 1974 606 2000 de
617 1974 743 2001 orationis
754 1974 840 2009 ipsius

50 2011 211 2037 ornamentis
225 2011 402 2044 traderentur;
428 2011 453 2037 in
468 2020 520 2046 qua
535 2012 697 2046 praecipitur
711 2012 837 2047 primum,

51 2052 80 2074 ut
94 2056 159 2082 pure
173 2051 198 2073 et
212 2048 302 2074 Latine
317 2048 470 2083 loquamur;
486 2048 582 2074 deinde
596 2053 626 2075 ut
639 2048 716 2084 plane
730 2053 756 2075 et
768 2048 841 2075 dilu-

49 2080 122 2117 cide,
147 2089 203 2110 tum
218 2089 247 2111 ut
260 2089 362 2118 ornate,
387 2090 446 2120 post
463 2086 495 2112 ad
509 2095 597 2112 rerum
611 2086 766 2122 dignitatem
781 2091 840 2120 apte

50 2126 75 2149 et
87 2122 165 2157 quasi
179 2121 285 2153 decore;
309 2122 530 2158 singularumque
545 2132 633 2149 rerum
648 2127 785 2158 praecepta
796 2132 840 2149 co—

50 2167 169 2195 gnoram.
199 2160 255 2185 ⁴45.
275 2158 346 2191 Quin
360 2160 448 2191 etiam,
464 2169 532 2195 quae
548 2161 664 2187 maxime
678 2161 783 2195 propria
797 2169 840 2186 es-

50 2200 108 2223 sent
123 2200 334 2227 naturae,tamen
349 2196 390 2223 liis
405 2197 471 2231 ipsis
484 2202 566 2224 artem
577 2198 696 2224 adbiberi
709 2198 837 2224 videram.

49 2233 116 2260 Nam
134 2233 168 2260 de
185 2234 286 2260 actione
304 2238 329 2259 et
346 2234 379 2260 de
393 2235 517 2261 memoria
531 2235 662 2270 quaedam
677 2235 776 2266 brevia,
793 2235 838 2261 scd

51 2278 145 2307 magna
158 2279 219 2297 cum
234 2271 419 2297 exercitatione
433 2277 570 2314 praecepta
583 2277 728 2307 gustarant.
754 2273 781 2298 ln
798 2272 839 2298 bis

51 2308 121 2334 enim
146 2307 199 2334 fere
222 2308 303 2335 rebus
325 2309 412 2335 omnis
435 2309 546 2335 istorum
567 2309 697 2335 artificum
721 2310 839 2336 doctrina

55 2349 178 2377 versatur,
194 2354 274 2380 quam
289 2354 338 2381 ego
351 2346 373 2372 si
389 2345 455 2372 nibil
470 2346 555 2372 dicam
569 2347 704 2378 adiuvare,
718 2347 837 2373 mentiar.

52 2381 132 2408 Habet
150 2383 220 2409 enim
235 2383 365 2418 quaedam
380 2383 457 2418 quasi
472 2383 504 2409 ad
518 2383 740 2410 commonendum
755 2388 840 2410 orato·
862 2394 869 2411 η

51 2427 175 2455 rem,quo
188 2420 308 2455 quidque
322 2420 416 2446 referat
430 2424 456 2446 et
468 2429 521 2455 quo
534 2421 641 2447 intuens
656 2421 688 2447 ab
703 2429 741 2451 eo,
753 2421 839 2456 quod-

50 2463 165 2493 cumque
178 2458 229 2484 sibi
244 2458 418 2492 proposuerit,
435 2458 526 2484 minus
540 2458 650 2484 aberret.
669 2459 724 2484 tta.
742 2459 838 2485 Verum
862 2455 863 2461 ¹

50 2500 98 2530 ego
120 2493 188 2521 hane
206 2495 260 2521 vim
279 2494 400 2531 intelligo
417 2503 476 2521 csse
495 2495 521 2521 in
540 2495 688 2530 praeceptis
701 2496 836 2527 omnibus,

51 2536 102 2558 nou
125 2535 155 2558 ut
177 2540 206 2558 ea
228 2533 311 2559 secuti
333 2537 449 2559 oratores
472 2532 638 2567 eloquentiae
662 2532 767 2559 laudem
785 2533 839 2559 sint
861 2555 862 2560 ,

50 2566 145 2603 adepti,
165 2568 222 2600 sed,
241 2577 309 2604 quae
327 2578 375 2596 sun
389 2574 482 2604 sponte
497 2570 618 2596 homines
632 2569 787 2604 eloquentes
801 2569 839 2596 fa-

49 2609 144 2637 cerent,
168 2614 197 2632 ea
215 2606 345 2641 quosdam
363 2607 519 2633 observasse
536 2611 616 2642 atque
630 2607 657 2633 id
671 2607 772 2642 egisse3
801 2608 839 2633 sie.

50 2647 107 2668 esse
125 2650 175 2669 non
194 2643 372 2679 eloquentiam
391 2653 424 2671 ex
441 2645 559 2676 artificio,
585 2644 631 2671 sed
650 2644 791 2672 artificium
805 2653 838 2671 ex

1000 109 1018 135 C
1033 109 1053 134 A
1069 109 1097 134 P.
1131 109 1163 135 27
1183 124 1219 128 —
1240 110 1280 135 34.
1654 113 1681 136 81

894 180 1045 214 eloquentia
1060 184 1164 211 natum3
1181 180 1252 214 quod
1268 184 1364 210 tamen,
1378 184 1407 205 ut
1420 184 1479 206 ante
1494 180 1557 211 dixi,
1572 190 1623 207 non
1638 182 1688 207 eii-

894 217 947 249 ciog
976 221 1015 242 est
1037 217 1117 247 enim,
1143 217 1247 243 etiamsi
1265 217 1355 242 minus
1374 217 1553 243 necessarium
1573 218 1605 243 ad
1619 218 1686 244 bene

897 291 953 317 ⁴47.
973 291 1006 317 Et
1028 292 1180 318 exercitatio
1197 291 1328 326 quaedam
1347 291 1518 325 suscipienda
1537 292 1613 318 vobis
1632 298 1685 318 est:

870 333 872 342 '
896 337 1058 363 quamquam
1083 338 1130 355 vos
1154 328 1263 363 quidem
1286 328 1443 363 iampridem
1462 329 1526 355 estis
1544 330 1571 355 in
1589 338 1684 356 cursu:

870 345 872 383 Ι
894 365 942 391 sed
957 366 997 396 iis,
1014 366 1061 400 qui
1076 366 1264 402 ingrediuntur
1276 366 1304 392 iu
1318 365 1444 396 stadium,
1460 367 1562 401 quique
1573 375 1687 401 ea,quae

895 403 996 438 agenda
1011 408 1074 429 sunt
1088 404 1115 429 in
1130 403 1193 434 foro,
1210 408 1345 438 tamquam
1360 403 1387 429 in
1402 403 1465 433 acie,
1482 408 1595 437 possunt
1608 405 1687 430 etiam

896 449 966 466 nunc
980 441 1166 467 exercitatione
1180 441 1257 475 quasi
1273 440 1373 466 ludicra
1387 441 1552 475 praediscere
1563 450 1592 467 ac
1603 442 1688 467 medi-

896 478 953 503 tari.
977 479 1034 504 448.
1050 479 1121 504 Hanc
1134 479 1230 512 ipsam,
1250 478 1339 512 inquit
1352 477 1498 512 Sulpicius,
1519 487 1596 505 nosse
1610 479 1688 505 volu-

897 524 969 546 mus;
995 520 1109 541 attamen
1128 516 1187 545 ista,
1212 524 1280 550 quae
1298 515 1345 541 abs
1359 520 1383 541 te
1399 515 1514 542 breviter
1527 516 1559 542 de
1573 521 1627 542 arte
1641 516 1687 542 de-

895 561 972 578 cursa
991 557 1062 583 sunt,
1088 552 1180 578 audire
1199 553 1333 586 cupimus,
1359 561 1522 587 quamquam
1534 559 1596 580 sunt
1611 554 1687 580 nobis

872 593 873 604 ¹
894 598 1002 624 quoque
1016 598 1067 616 non
1082 589 1210 616 inaudita.
1233 590 1329 615 Verum
1342 589 1388 615 illa
1403 599 1478 623 mox,
1498 599 1569 617 nunc
1582 591 1615 617 de
1629 592 1686 625 ipsa

894 627 1080 653 exercitatione
1094 627 1160 661 quid
1175 627 1282 657 sentias,
1298 627 1462 661 quaerimus.

949 664 1073 690 XXXIII.
1087 665 1144 690 449.
1159 664 1292 698 Equidem
1308 665 1390 698 probo
1399 665 1457 695 ista,
1467 664 1578 691 Crassus
1589 665 1684 700 inquit,

893 710 962 736 quae
976 710 1023 727 vos
1038 701 1123 727 facere
1137 701 1236 732 soletis,
1257 706 1294 732 ut,
1311 710 1404 727 caussa
1418 702 1507 736 aliqua
1527 703 1610 736 posita
1624 711 1687 728 con-

893 738 976 764 simili
994 747 1150 765 caussarum
1169 748 1269 770 earum,
1290 747 1358 773 quae
1376 739 1403 764 in
1418 739 1505 765 forum
1519 739 1684 769 deferuntur,

893 776 987 802 dicatis
1011 785 1091 811 quam
1115 777 1231 802 maxime
1258 776 1290 802 ad
1313 777 1449 802 veritatem
1476 778 1684 803 accommodate:

893 813 941 839 sed
960 813 1082 848 plerique
1096 814 1123 840 in
1138 814 1187 840 hoc
1201 822 1293 839 vocem
1307 813 1394 844 modo,
1419 814 1515 848 (neque
1529 822 1585 840 eam
1600 815 1687 840 scien-

893 850 952 886 ter,)
971 856 996 877 et
1010 852 1080 877 vires
1094 855 1218 877 exercent
1230 860 1294 877 suas
1312 855 1336 876 et
1351 850 1458 886 linguae
1471 851 1631 877 celeritatem
1646 853 1687 877 in-

893 889 974 915 citant
992 889 1189 923 verborumque
1211 888 1360 923 frequentia
1383 888 1556 914 delectantur.
1591 890 1620 915 In
1634 898 1687 924 quo

894 925 961 952 fallit
975 926 1108 961 eos,quod
1122 925 1272 957 audierunt,
1281 925 1393 952 dicendo
1405 926 1573 957 homines,ut
1587 926 1684 955 dicant,

871 981 872 991 1
894 963 997 990 efficere
1020 963 1114 990 solere.
1139 965 1195 990 ⁴50.
1220 964 1286 990 Vere
1304 963 1376 989 enim
1395 964 1473 989 etiam
1492 963 1560 989 illud
1579 964 1683 993 dicitur,

894 1010 1014 1027 PERVERSE
1042 1010 1129 1027 mci-:RE
1157 1010 1261 1027 Houtxtis
1288 1010 1408 1026 FEtu'EnSE
1432 1010 1536 1027 DICENDO
1560 1010 1685 1027 FACHAAMP.

893 1047 1021 1069 cosssoin.
1052 1038 1230 1071 Quamobrem
1245 1039 1272 1064 in
1286 1038 1345 1064 istis
1359 1039 1426 1072 ipsis
1441 1039 1683 1065 exercitationibus.

893 1077 942 1102 etsi
962 1076 1026 1102 utile
1045 1081 1093 1107 est,
1111 1077 1189 1102 etiam
1203 1076 1294 1102 subito
1307 1084 1385 1110 saepe
1400 1075 1495 1107 dicere,
1517 1081 1604 1102 tamen
1618 1076 1686 1102 illud

894 1113 996 1144 utilius,
1013 1118 1122 1148 sumpto
1135 1113 1221 1148 spatio
1235 1113 1267 1139 ad
1279 1113 1459 1148 cogitandum,
1476 1114 1594 1148 paratius
1608 1118 1687 1148 atque

893 1152 1042 1177 accuratius
1064 1151 1161 1177 dicere.
1196 1150 1281 1185 Caput
1299 1155 1387 1176 autem
1406 1156 1454 1181 est,
1475 1151 1547 1185 quod
1573 1152 1612 1186 (ut
1627 1160 1687 1177 vere

870 1204 871 1213 η
893 1188 1106 1223 dicam)minime
1117 1188 1302 1223 facimus:(est
1312 1189 1382 1214 enim
1394 1189 1483 1224 magni
1495 1189 1685 1223 laboris,quem

893 1226 1014 1261 plerique
1033 1226 1180 1261 fugimusx)
1196 1234 1277 1260 quam
1296 1225 1443 1260 plurimum
1458 1226 1582 1252 scribere.
1610 1235 1687 1252 smus

870 1270 871 1273 ¹
892 1273 990 1290 (verinus
1001 1273 1030 1289 er
1041 1273 1265 1290 rnaesrmrissmcs
1276 1272 1372 1289 mccx-ni
1385 1272 1506 1289 izrreciou
1518 1273 1545 1289 xc
1557 1272 1684 1290 incisim:

870 1307 871 1335 ξ
893 1310 979 1336 neque
993 1301 1100 1327 iniuria.
1116 1302 1183 1327 Nam
1197 1301 1220 1327 si
1234 1301 1351 1326 subitam
1363 1305 1387 1326 et
1397 1300 1531 1327 fortuitam
1542 1301 1685 1327 orationem

870 1363 871 1370 ,
892 1339 1080 1365 commentatio
1102 1343 1127 1365 et
1149 1339 1272 1374 cogitatio
1295 1337 1372 1364 facile
1394 1339 1485 1370 vincit,
1515 1339 1582 1365 lianc
1600 1339 1686 1374 ipsam

893 1375 1009 1410 profecto
1023 1376 1131 1402 assidua
1145 1385 1174 1402 ac
1188 1376 1304 1411 diligens
1319 1376 1449 1410 scriptura
1463 1376 1610 1411 superabit.
1628 1378 1684 1403 151.

870 1410 871 1463 i
893 1413 991 1439 Omnes
1014 1414 1094 1444 enim,
1115 1414 1173 1439 sive
1191 1414 1255 1439 artis
1268 1417 1332 1439 sunt
1347 1413 1394 1439 loci
1410 1414 1467 1439 sive
1480 1414 1580 1449 ingenii
1595 1415 1687 1440 cnius-

893 1451 953 1476 dam
972 1455 1051 1485 atque
1070 1450 1236 1485 prudentiae,
1256 1451 1304 1485 qui
1319 1450 1397 1476 modo
1411 1451 1503 1477 insunt
1517 1451 1542 1477 in
1558 1460 1586 1477 ca
1602 1460 1638 1481 re,
1654 1452 1686 1477 de

870 1485 871 1494 ¹
892 1497 944 1523 qua
959 1488 1112 1519 scribimus,
1129 1488 1334 1522 anquirentibus
1349 1488 1425 1513 nobis
1439 1489 1566 1523 omnique
1580 1489 1634 1514 acie
1646 1489 1686 1514 in—

870 1530 871 1534 ’
892 1526 962 1559 genii
991 1525 1233 1560 contemplantibus
1259 1524 1402 1551 ostendunt
1427 1534 1455 1551 se
1477 1530 1503 1552 et
1527 1531 1684 1552 occurrunt:

892 1571 1039 1597 omnesque
1057 1564 1202 1589 sentcntiae
1219 1562 1353 1596 verbaque
1367 1571 1464 1591 omnia,
1480 1571 1549 1598 qnae
1562 1569 1626 1590 sunt
1639 1572 1687 1589 cu-

870 1627 871 1636 ,
893 1600 990 1635 iusque
1012 1601 1118 1635 generis
1141 1600 1257 1626 maxime
1280 1599 1402 1630 illustria,
1427 1600 1479 1626 sub
1501 1609 1613 1627 acumen
1632 1600 1685 1627 stili

869 1670 870 1675 Ἰ
893 1637 1006 1663 subeant
1019 1642 1044 1663 et
1057 1637 1201 1663 succedant
1216 1645 1323 1663 necesse
1337 1642 1391 1669 est3
1409 1642 1464 1663 tum
1480 1638 1536 1672 ipsa
1551 1638 1687 1664 collocatio

892 1674 1118 1709 conformatioque
1133 1674 1276 1700 verborum
1291 1675 1426 1709 perficitur
1440 1675 1466 1701 in
1477 1675 1625 1706 scribendo,
1635 1685 1686 1702 non

869 1710 871 1735 ι’
893 1713 1003 1747 poetico,
1027 1712 1075 1738 sed
1089 1712 1205 1747 quodam
1220 1712 1332 1738 oratorio
1346 1721 1456 1738 numero
1470 1718 1495 1738 et
1509 1713 1596 1739 modo.
1628 1715 1684 1740 ⁴52.

869 1761 871 1778 ¹,
892 1750 960 1776 Haec
983 1755 1054 1780 sunt,
1079 1758 1147 1784 quae
1169 1749 1298 1775 clamores
1317 1754 1342 1775 et
1360 1749 1547 1776 admirationes
1563 1751 1590 1776 in
1610 1751 1685 1777 bonis

869 1783 870 1787 ¹
892 1787 1040 1813 oratoribus
1063 1787 1196 1819 csficiunt3
1222 1795 1308 1821 neque
1331 1796 1360 1813 ea
1384 1788 1538 1822 quisquam,
1564 1789 1615 1814 nisi
1639 1788 1685 1814 diu

868 1836 869 1840 ¹
892 1824 1063 1859 multumque
1077 1825 1239 1859 scriptitarit,
1256 1825 1360 1851 etiamsi
1374 1825 1607 1851 vehementissime
1619 1835 1647 1852 se
1660 1827 1684 1851 in

892 1862 934 1888 his
957 1862 1054 1888 subitis
1078 1862 1240 1888 dictionibus
1264 1863 1420 1893 exercuerit,
1441 1868 1633 1897 consequetur:
1662 1869 1685 1889 et

891 1900 938 1934 qui
953 1908 966 1925 a
981 1899 1114 1925 scribendi
1128 1899 1321 1925 consuetudine
1332 1899 1364 1925 ad
1375 1899 1518 1926 dicendum
1530 1901 1610 1931 venit,
1620 1901 1685 1926 ham·

868 1948 870 1971 ,¹
891 1937 964 1963 affert
979 1936 1139 1966 facultatem,
1153 1942 1190 1967 ut,
1204 1937 1283 1962 etiam
1298 1937 1387 1963 subito
1401 1937 1422 1963 si
1438 1937 1515 1964 dieat.
1530 1942 1616 1963 tamen
1630 1938 1682 1965 illa.

891 1983 959 2009 quae
973 1974 1104 2005 dicantur,
1121 1974 1219 2000 similia
1234 1975 1394 2008 scriptorum
1409 1983 1466 2000 esse
1479 1975 1630 2002 videantur:
1647 1981 1686 2001 at-

891 2020 944 2046 quc
968 2012 1057 2042 etiam,
1082 2012 1104 2037 si
1123 2011 1231 2046 quando
1249 2012 1276 2037 in
1294 2011 1407 2038 dicendo
1425 2013 1554 2046 seriptum
1569 2012 1684 2038 attulerit

868 2055 870 2071 ¹
892 2049 1003 2084 aliquid,
1024 2058 1109 2083 quuni
1130 2049 1162 2075 ab
1176 2058 1207 2075 eo
1220 2049 1382 2080 discesserit,
1399 2049 1501 2084 reliqua
1516 2050 1614 2076 similis
1628 2059 1684 2076 ora—

892 2087 927 2112 tio
940 2091 1128 2121 consequetur.
1152 2088 1208 2112 453.
1225 2087 1258 2113 Ut
1271 2087 1400 2113 concitato
1414 2087 1528 2122 navigio,
1545 2096 1628 2122 quum
1645 2096 1685 2113 re-

892 2124 977 2159 miges
999 2124 1184 2154 inhibuerunt,
1206 2125 1300 2150 retinet
1319 2129 1405 2150 tamen
1421 2124 1477 2158 ipsa
1493 2125 1568 2150 navis
1584 2129 1684 2150 motum

891 2166 916 2187 et
929 2169 1039 2187 cursum
1054 2170 1144 2192 suuni,
1168 2161 1319 2187 intermisso
1334 2162 1434 2196 impetu
1451 2161 1585 2196 pulsuque
1601 2171 1684 2187 remo-

892 2207 965 2224 rum:
988 2199 1026 2224 sic
1044 2199 1070 2224 in
1090 2199 1207 2224 oratione
1227 2203 1362 2233 perpetua,
1383 2207 1468 2233 quum
1482 2200 1579 2233 scripta
1594 2199 1685 2225 «letici-

891 2240 948 2266 unt,
966 2244 1055 2270 parem
1071 2240 1158 2262 tamen
1173 2236 1273 2261 obtinet
1287 2237 1368 2261 oratio
1383 2236 1484 2270 reliqua
1499 2245 1607 2261 cursum
1620 2237 1684 2262 scri-

892 2278 998 2307 ptorum
1012 2272 1191 2298 similitudine
1205 2277 1230 2298 et
1245 2273 1270 2298 vi
1284 2274 1421 2299 concitata.
1446 2273 1568 2298 XXXlV.
1588 2274 1642 2299 «fit.
1657 2274 1683 2299 ln

891 2310 1054 2345 quotidianis
1076 2315 1165 2336 nutem
1183 2311 1452 2336 commentationibus
1473 2310 1598 2344 equidem
1618 2311 1683 2336 mibi

891 2347 1106 2373 adolescentulus
1125 2356 1271 2381 proponere
1290 2347 1408 2373 solebam
1429 2347 1500 2373 illam
1519 2348 1684 2374 exercitatio-

892 2393 951 2410 nem
971 2384 1096 2414 maxime,
1117 2393 1170 2418 qua
1189 2384 1217 2410 C.
1233 2384 1389 2415 Carbonem,
1407 2389 1526 2410 nostrum
1541 2384 1618 2411 illurn
1634 2385 1683 2411 ini-

891 2422 1001 2452 micum,
1025 2421 1134 2447 solitum
1158 2430 1216 2447 csse
1239 2422 1276 2447 uti
1300 2421 1426 2451 sciebam,
1451 2426 1479 2447 ut
1501 2426 1546 2448 nut
1561 2423 1684 2448 versibus

891 2459 1034 2493 propositis
1048 2467 1129 2493 quam
1144 2459 1260 2484 maxime
1273 2458 1401 2493 gravibus
1415 2460 1584 2485 autoratione
1595 2459 1683 2495 aliqua

892 2496 956 2522 lecta
975 2496 1007 2522 ud
1021 2504 1082 2521 eum
1099 2495 1187 2525 finem,
1204 2504 1285 2530 quem
1302 2496 1429 2522 memoria
1443 2504 1549 2531 possem
1563 2505 1684 2532 compre-

891 2533 1015 2564 hendere,
1031 2541 1088 2559 cani
1103 2542 1158 2558 rem
1173 2533 1268 2567 ipsum,
1281 2542 1362 2568 quam
1379 2533 1513 2569 legissem,
1525 2534 1613 2560 verbis
1624 2534 1683 2560 aliis

890 2579 971 2604 qunm
987 2571 1102 2596 maxime
1113 2578 1217 2604 possem
1234 2569 1316 2601 lectis,
1333 2571 1541 2605 pronuntiarem.
1558 2571 1610 2597 Sed
1626 2577 1682 2606 post

890 2607 1065 2634 animadverti
1089 2607 1138 2633 boc
1160 2615 1218 2633 esse
1242 2608 1268 2634 in
1294 2607 1342 2634 boc
1366 2608 1433 2639 viiii,
1453 2608 1525 2643 quod
1543 2617 1572 2635 ea
1592 2609 1680 2637 verba,

868 2661 869 2668 κ
890 2653 958 2680 quue
981 2645 1096 2672 maxime
1119 2645 1252 2680 cuiusque
1275 2645 1312 2672 rei
1335 2646 1440 2680 propria
1459 2655 1580 2681 illincque
1595 2651 1680 2672 essent

1452 2695 1476 2718 tt
