1941 3052
215 139 263 162 588
784 133 824 158 55.
860 132 895 158 M.
929 131 959 158 Τ.

214 215 306 233 onmes
327 205 535 231 clarissimorum
552 211 642 236 regum
660 212 701 228 res
711 207 800 236 gentas
816 211 876 228 cum
893 202 945 228 tuis
958 211 1004 227 nec

214 244 410 270 coms-utimum:
433 241 625 274 magnitudine,
644 249 691 265 nec·
707 248 818 265 numero
833 239 1002 273 praeliorum,

215 290 262 308 nov
276 281 397 306 varietate
410 280 555 312 regionum,
571 287 616 303 nee
627 277 758 302 velt-ritate
773 276 939 306 conficiendi,
958 284 1004 302 nec

213 317 433 344 dissimilitudine
459 315 588 341 bellorum
615 323 691 348 posse
716 313 842 344 conform
876 321 923 339 nec
944 322 1004 339 vero

214 354 439 381 disiunctissimas
461 357 540 377 terras
555 352 633 377 vitius
647 351 807 384 cuiusquam
821 350 945 385 passibus
958 359 1004 384 po-

215 393 297 418 tuisse
319 390 458 425 peragrari,
475 397 555 423 quam
572 389 634 419 tuis,
649 397 698 414 non
710 387 796 413 dicam
807 388 941 417 cursibus,
957 387 1004 413 sed

216 429 331 454 victoriis
355 427 477 452 lustratae
497 430 568 451 sunt.
600 428 624 451 6.
641 425 713 457 Quae
723 424 833 459 quidem
846 433 894 460 ego
906 425 957 450 nisi
970 425 1003 450 ita

215 474 307 498 magna
329 472 386 489 esse
404 463 491 493 fatear,
510 467 538 488 ut
549 471 577 488 eu
591 463 635 488 vix
646 463 805 497 cuiusquam
819 470 894 488 mens
906 466 950 488 aut
960 470 1004 487 co-

214 502 306 537 gitatio
317 509 409 535 cupere
422 500 514 534 possit,
527 508 618 526 amens
630 500 692 526 sim.
715 499 766 525 Sed
780 504 866 525 tamen
879 503 942 525 sunt
953 498 1002 525 alia

215 540 321 566 maiora.
363 539 427 563 Nam
448 536 556 563 bellicas
571 536 662 563 landes
673 536 759 563 solent
769 536 880 571 quidum
892 540 1004 562 extenu-

213 585 256 603 are
278 575 375 605 verbis,
393 583 491 609 casque
506 573 642 600 detrahere
658 574 787 605 ducibus,
808 573 1004 600 communicare

213 622 273 639 cum
296 612 397 642 multis,
415 620 447 638 ne
458 612 577 646 propriae
588 612 642 637 sint
653 612 851 646 imperatorum.
893 611 925 637 Et
935 615 1004 636 certe

213 651 239 677 in
252 650 332 676 armis
343 650 458 676 militum
472 650 566 678 virtus.
576 648 691 675 locorum
702 647 1003 683 opportunitaS,auxilia

213 688 354 717 sociorum,
367 686 475 717 classes,
488 690 660 716 commeatus.
669 686 784 712 multum
797 686 902 713 iuvant:
919 685 1004 711 maxi-

214 734 283 751 mam
306 732 367 750 vero
382 728 482 758 partem
498 724 574 758 quasi
590 732 640 749 suo
654 724 711 749 iure
727 723 829 750 fortuna
850 723 903 749 sibi
916 722 1004 748 vindi-

212 767 262 792 eat,
285 766 318 792 et,
335 760 469 796 quidquid
480 769 604 795 prospere
615 765 720 796 gestum
731 765 780 789 est.
794 760 821 786 id
833 768 916 795 paene
926 767 1003 786 omne

212 799 286 826 ducit
297 808 387 826 suum.
408 799 434 824 7.
447 798 480 824 At
492 807 553 825 vero
563 798 645 824 huius
656 798 763 833 gloriae,
772 797 1002 832 C.Caesar,quam

212 845 240 863 es
270 835 360 871 paullo
384 840 443 862 ante
467 835 592 870 adeptus,
622 836 723 862 socium
751 835 833 861 habes
858 835 1002 861 neminem.

212 874 307 900 Totum
329 873 390 903 hoc,
412 877 660 908 quantumcumque
675 876 727 903 est,
747 872 819 907 quod
834 876 904 898 certe
920 872 1005 897 maxi-

212 920 286 938 mum
307 915 361 942 est,
382 914 465 937 totum
476 915 524 941 est,
538 911 662 945 inquam,
684 914 771 936 tuum.
816 909 888 935 Nihil
905 909 956 935 sibi
971 916 1005 935 ex

204 949 262 981 ,ista
289 947 366 974 laude
386 948 514 978 centurio,
537 947 603 974 nihil
625 946 787 982 praefectus.
810 946 877 973 nihil
898 946 1002 976 cohors,

212 985 278 1012 nihil
292 990 377 1011 turma
388 985 515 1019 decerpit.
555 984 625 1017 Quin
638 985 716 1011 etiam
728 984 772 1010 illa
783 985 842 1019 ipsa
852 992 940 1010 rerum
952 983 1004 1009 hu-

212 1031 350 1049 manarum
371 1022 491 1053 domina,
514 1022 637 1052 Fortuna,
659 1022 686 1048 in
709 1021 787 1048 istius
808 1029 836 1048 se
851 1021 1003 1047 societatem

210 1059 310 1096 gloriae
331 1068 382 1086 non
400 1059 483 1090 offert,
501 1059 549 1085 tibi
564 1059 642 1089 cedit,
661 1064 732 1085 tuam
744 1067 803 1085 esse
817 1063 898 1085 totam
909 1063 933 1084 et
943 1066 1005 1093 pro-

211 1098 296 1132 priam
312 1096 417 1123 fatetur.
439 1097 591 1131 Numquam
604 1097 674 1123 enim
687 1097 819 1122 temeritas
830 1104 891 1122 cum
898 1096 1004 1130 sapien-

211 1135 246 1161 tia
265 1134 461 1165 commiscetur,
484 1142 531 1160 nec
547 1134 579 1160 ad
593 1133 735 1160 consilium
750 1142 829 1160 casus
844 1133 1002 1159 admittitur.

210 1172 254 1198 111.
275 1173 300 1198 8.
321 1172 452 1198 Domuisti
467 1176 559 1207 gentes
575 1171 740 1197 immanitate
755 1170 894 1201 barbaras,
912 1169 1005 1196 multi-

210 1209 303 1236 tudine
323 1208 543 1239 innumerabiles,
563 1207 627 1235 locis
638 1208 765 1239 infinitas,
781 1208 855 1234 omni
866 1208 1003 1242 copiarum

209 1254 306 1283 genere
318 1246 497 1272 abundantes:
513 1245 561 1272 sed
573 1251 659 1272 tamen
671 1254 699 1272 ea
712 1245 885 1280 vicisti,quae
896 1249 1004 1271 etnatu-

210 1292 266 1310 ram
287 1287 313 1310 et
332 1283 519 1314 conditionem,
541 1287 570 1309 ut
590 1283 660 1309 vinci
678 1283 704 1309 vi
720 1287 841 1317 possent,
860 1282 1002 1308 habebant.

209 1320 289 1347 Nulla
301 1325 340 1347 est
351 1321 422 1347 enim
434 1324 504 1347 tauta
517 1321 566 1351 vis,
579 1329 648 1356 quae
660 1329 711 1346 non
723 1319 791 1347 ferro
802 1328 831 1346 ac
842 1320 946 1346 viribus
957 1319 1004 1345 de-
1025 1327 1026 1337 ³

209 1358 308 1384 bilitari
330 1357 470 1393 frangique
490 1358 584 1392 possit.
624 1357 753 1384 Animum
769 1357 884 1387 vincere,
898 1357 1004 1383 iracun-

208 1395 280 1422 diam
295 1395 427 1426 cohibere,
441 1395 575 1421 victoriam
593 1399 747 1429 temperare,
761 1394 944 1420 adversarium
957 1402 1004 1420 no-

208 1432 324 1463 bilitate,
347 1433 467 1468 ingenio,
488 1433 587 1458 virtute
602 1436 779 1467 praestantem
796 1440 847 1458 non
863 1431 942 1458 modo
956 1439 1003 1458 ex-

208 1469 300 1496 tollere
314 1470 453 1501 iacentem,
470 1469 518 1496 sed
529 1470 607 1496 etiam
620 1469 780 1504 amplificare
792 1469 850 1495 eius
861 1469 1002 1504 pristinam

207 1507 373 1543 dignitatem,
387 1507 451 1533 baec
461 1507 508 1541 qui
520 1506 606 1537 saciat,
619 1515 670 1533 non
682 1515 730 1542 ego
741 1515 804 1533 eum
815 1515 876 1533 cum
887 1506 1002 1532 summis

208 1545 274 1571 viris
284 1553 417 1579 comparo,
430 1544 478 1570 sed
488 1543 658 1570 simillimum
670 1543 719 1570 deo
730 1543 830 1570 iudico.
861 1545 886 1570 9.
898 1544 999 1578 Itaque,

208 1581 237 1608 C.
260 1581 368 1612 Caesar,
390 1581 501 1608 bellicae
521 1586 581 1607 tuae
603 1581 694 1607 laudes
715 1581 921 1607 celebrabuntur
941 1580 1002 1607 illae
1023 1591 1025 1599 κ

207 1618 318 1654 quidem
339 1627 391 1645 non
411 1618 499 1645 solum
519 1619 625 1650 nostris,
643 1618 691 1645 sed
706 1627 790 1653 paene
804 1619 926 1644 omnium
936 1626 1003 1654 gen—

207 1657 275 1682 tium
297 1656 392 1683 litteris
407 1660 487 1691 atque
498 1655 607 1691 linguis,
624 1664 712 1690 neque
722 1655 777 1682 ulla
788 1664 918 1690 umquam
930 1659 1000 1681 aetas

207 1693 240 1720 de
265 1693 318 1720 tuis
343 1692 468 1719 laudibus
490 1693 661 1720 conticescet:
693 1692 740 1719 sed
761 1697 849 1719 tamen
868 1691 1001 1718 eiusmodi

208 1738 258 1761 res,
281 1731 370 1757 neseio
385 1729 527 1765 quomodo,
544 1730 624 1756 etiam
639 1739 724 1765 quum
736 1729 870 1765 leguntur,
883 1729 1001 1764 obstrepi

207 1766 322 1794 clamore
342 1767 459 1793 militum
474 1767 599 1794 videntur
608 1771 634 1793 et
644 1767 768 1793 tubarum
780 1775 854 1794 sono.
895 1767 929 1793 At
939 1775 1002 1792 vero

206 1813 292 1839 quum
312 1803 416 1839 aliquid
430 1804 582 1835 clementer,
599 1809 745 1835 mansuete,
762 1805 842 1835 iuste,
854 1803 998 1834 moderate.

206 1842 340 1876 sapienter
360 1841 468 1873 factum,
490 1842 518 1868 in
539 1841 675 1868 iracundia
692 1841 860 1876 praesertim,
876 1849 946 1876 quae
960 1845 1001 1867 est

207 1879 315 1905 inimica
334 1878 454 1909 consilio,
477 1883 502 1905 et
517 1879 544 1905 in
559 1879 678 1909 victoria,
695 1887 763 1913 quae
778 1883 871 1905 natura
882 1877 1000 1905 insolens

206 1921 232 1942 et
251 1916 367 1950 superba
383 1920 433 1947 est,
455 1915 581 1942 audimus
595 1920 641 1942 aut
657 1915 780 1951 legimus,
794 1924 848 1950 quo
858 1915 947 1942 studio
959 1916 1001 1942 in-

205 1952 354 1984 cendimur,
365 1962 417 1980 non
429 1952 506 1979 modo
516 1953 632 1989 ingestis
644 1952 734 1983 rebus,
742 1953 790 1979 sed
800 1953 913 1979 etiamin
920 1952 997 1983 fictis,

205 1995 236 2017 ut
256 1999 301 2017 eos
321 1998 413 2025 saepe,
431 1999 500 2025 quos
520 1998 668 2025 numquam
683 1989 817 2021 vidimus,
837 1990 997 2026 diligamus!

208 2029 248 2054 ⁴0.
265 2028 301 2055 Te
319 2036 389 2059 vero,
407 2036 487 2063 quem
500 2031 665 2062 praesentem
676 2027 821 2058 intuemur,
834 2029 912 2054 cuius
923 2036 1000 2054 men-

205 2070 259 2092 tem
279 2073 430 2100 sensusque
441 2069 466 2091 et
475 2073 504 2091 os
515 2065 659 2095 cernimus,
672 2069 710 2095 ut,
723 2065 859 2100 quidquid
869 2065 934 2091 belli
946 2064 1000 2092 sor-

205 2107 269 2129 tuna
285 2102 419 2137 reliquum
436 2102 599 2136 reipublicae
614 2101 712 2133 fecerit,
726 2102 754 2128 id
765 2110 824 2128 esse
835 2102 941 2129 salvum
952 2111 1000 2128 ve-

207 2139 249 2170 lis,
271 2140 371 2174 quibus
392 2139 517 2166 laudibus
533 2138 691 2166 efferemus?
709 2139 810 2174 quibus
826 2139 923 2166 studiis
938 2148 999 2174 pro—

205 2176 369 2212 sequemur?
397 2185 449 2212 qua
461 2176 644 2203 benevolentia
656 2176 882 2211 complectemur?
910 2177 1000 2204 Parie-

205 2218 253 2245 tes,
271 2214 376 2241 medius
391 2214 480 2245 fidius,
498 2218 528 2241 ut
539 2214 606 2240 mihi
617 2214 730 2245 videtur,
744 2214 826 2240 huius
837 2215 927 2241 curiae
949 2215 998 2241 tibi

204 2252 303 2286 gratias
323 2260 400 2287 agere
415 2252 541 2287 gestiunt,
558 2251 630 2286 quod
645 2251 721 2278 brev-i
733 2255 850 2286 tempore
864 2251 953 2278 futura
964 2252 999 2279 sit

203 2288 251 2315 illa
261 2290 402 2315 auctoritas
412 2290 440 2315 in
451 2289 494 2315 his
504 2289 634 2315 maiorum
648 2297 759 2315 suorum
770 2293 796 2315 et
806 2289 864 2315 suis
874 2289 995 2316 sedibus.

204 2326 247 2352 lv.
264 2326 396 2361 Equidem
414 2335 498 2361 quum
515 2326 544 2353 C.
562 2325 688 2357 Marcelli,
712 2327 763 2352 viri
783 2327 878 2361 optimi
889 2331 915 2352 et
925 2335 999 2353 com—

204 2363 370 2390 memorabili
389 2363 485 2398 pietate
500 2363 622 2398 praediti,
636 2363 758 2390 lacrimas
769 2363 848 2390 modo
858 2363 997 2390 vobiscum

205 2400 332 2432 viderem,
340 2401 461 2427 omnium
472 2400 657 2427 Marcellorum
668 2409 758 2427 meum
770 2405 863 2435 pectus
870 2402 997 2428 memoria

204 2436 318 2463 obfudit.
358 2437 463 2470 Quibus
479 2442 508 2464 tu
524 2438 603 2464 etiam
617 2438 740 2468 mortuis,
752 2439 787 2464 Μ.
800 2438 924 2465 Marcello
934 2447 998 2464 con-

204 2478 316 2505 servato,
329 2474 485 2510 dignitatem
496 2484 573 2502 suam
584 2475 733 2506 reddidisti,
746 2475 997 2510 nobilissimamque

205 2508 332 2536 familiam
354 2512 407 2538 iam
427 2512 460 2538 ad
476 2521 574 2547 paucos
590 2511 721 2538 redactam
741 2520 824 2546 paene
839 2513 875 2538 ab
887 2513 996 2539 interitu

205 2546 356 2573 vindicasti.
390 2550 428 2575 Η.
441 2549 517 2576 Hunc
536 2554 565 2576 tu
581 2549 663 2584 igitur
677 2549 750 2575 diem
765 2549 819 2575 tuis
835 2550 960 2576 maximis
971 2554 997 2576 et

204 2583 445 2624 innumerabilibus
455 2586 679 2621 gratulationibus
689 2587 748 2612 iure
753 2590 906 2620 antepones.
927 2587 997 2613 Haec

205 2628 277 2646 enim
298 2629 339 2647 res
353 2622 434 2648 unius
451 2628 491 2649 est
505 2623 610 2658 propria
621 2623 755 2650 Caesaris:
781 2628 882 2650 ceterae
892 2623 960 2650 duce
970 2628 995 2650 te

204 2662 302 2693 gestae,
316 2667 426 2694 magnae
437 2658 498 2686 illae
508 2660 628 2695 quidem,
636 2660 684 2687 sed
695 2665 783 2688 tamen
793 2660 878 2687 multo
883 2669 995 2697 magno-

1029 1821 1031 1825 ι
1052 1803 1171 1837 periculo
1190 1803 1273 1829 sensi.

995 131 1269 157 etet-:noxis

1055 210 1108 236 que
1119 203 1254 227 comitatu.
1296 201 1381 228 lluius
1396 206 1483 228 autem
1498 204 1535 229 rei
1548 208 1574 229 tu
1586 203 1655 229 idem
1667 207 1692 228 et
1703 202 1758 228 dux
1769 210 1806 231 es,
1819 207 1845 229 et

1055 247 1157 265 comes:
1189 247 1258 273 quae
1273 239 1382 273 quidem
1399 244 1466 265 tanta
1479 246 1526 270 est,
1541 240 1652 266 utnulla
1665 240 1777 274 tropaeis
1790 248 1846 265 mo-

1057 277 1245 310 numentisque
1266 277 1319 302 tuis
1340 276 1449 302 allatura
1466 277 1544 304 tinem
1560 279 1594 303 uit
1610 282 1692 303 aetas:
1721 277 1786 302 nihil
1806 281 1847 303 est

1055 314 1125 339 enini
1142 322 1220 347 opere
1236 318 1280 338 aut
1301 322 1381 339 manu
1403 313 1512 344 tactum,
1539 315 1610 349 quod
1631 314 1774 349 aliquando
1795 322 1846 340 non

1055 350 1175 376 conficiat
1194 355 1219 376 et
1235 355 1373 376 consumat
1391 355 1520 378 vetustas:
1549 354 1590 378 ⁴2.
1606 357 1631 377 at
1647 360 1708 377 vero
1724 351 1786 377 baec
1802 356 1846 377 tua

1057 388 1154 413 iustitia
1167 391 1193 413 et
1205 387 1297 413 lenitas
1308 388 1389 414 animi
1401 386 1518 414 florescet
1529 388 1647 423 quotidie
1659 389 1751 423 magia.
1761 388 1795 414 ita
1807 392 1845 418 ut,

1055 429 1185 459 qnantum
1206 424 1332 459 operibus
1356 425 1409 451 tuis
1424 424 1586 452 diuturnitas
1601 425 1728 455 detrahet,
1744 430 1846 451 tantum

1056 461 1143 487 all'erat
1165 461 1300 487 laudibus.
1339 461 1372 488 Et
1391 466 1491 489 ceteros
1506 463 1615 497 quidem
1631 471 1722 489 omnen
1735 463 1846 488 victores

1056 498 1186 525 bellorum
1207 498 1329 525 civilium
1346 499 1397 525 iam
1414 504 1473 526 ante
1487 501 1618 535 aequitate
1628 504 1654 526 et
1664 499 1844 526 misericordia

1057 536 1171 562 viceras:
1195 535 1323 563 hodierno
1340 545 1401 562 vero
1411 536 1453 563 die
1468 538 1592 572 teipsum
1605 537 1700 563 vicisti.
1740 536 1844 567 Vereor,

1056 582 1088 599 ne
1105 573 1162 603 boc,
1180 573 1250 608 quod
1263 573 1358 604 dicam,
1372 582 1422 600 non
1438 574 1546 608 perinde
1558 574 1669 609 intelligi
1681 573 1772 600 auditu
1785 582 1847 608 pos-

1055 611 1097 641 sit,
1120 615 1198 645 atque
1220 611 1276 645 ipse
1290 611 1408 645 cogitans
1423 612 1521 638 sentio:
1553 612 1637 646 ipsam
1654 611 1789 637 victoriam
1806 611 1847 637 vi-

1054 648 1122 674 cisse
1135 648 1242 678 videris.
1255 657 1339 683 quum
1351 657 1390 679 ea,
1402 657 1470 683 quae
1482 648 1526 675 illa
1537 654 1591 675 erat
1602 648 1704 683 adepta,
1717 649 1794 674 victis
1806 656 1847 674 re-

1055 686 1162 711 misisti.
1189 686 1254 711 Nam
1266 694 1350 720 quum
1362 686 1448 720 ipsius
1460 687 1583 713 victoriae
1594 686 1743 712 conditione
1754 693 1847 711 omnes

1056 723 1117 749 victi
1133 722 1334 752 occidissemus,
1351 722 1506 750 clementiae
1518 729 1578 750 tuae
1589 723 1689 749 iudicio
1698 723 1846 749 conservati

1054 768 1159 786 sumus.
1200 760 1278 786 Recte
1299 760 1381 795 igitur
1400 769 1471 786 unus
1487 761 1603 787 invictus
1618 769 1655 790 es,
1673 769 1687 786 a
1701 768 1756 795 quo
1766 760 1845 786 etiam

1055 797 1141 832 ipsius
1154 797 1277 823 victoriae
1288 797 1404 824 conditio
1416 798 1510 833 visque
1523 798 1626 824 devicta
1638 802 1687 824 est.

1111 834 1141 860 V.
1165 836 1204 860 ⁴3.
1226 834 1312 869 Atque
1336 834 1384 860 hoc
1404 835 1432 861 C.
1451 836 1569 861 Caesaris
1585 834 1728 864 iudicium.
1757 838 1846 869 patres

1055 872 1206 906 conscripti,
1229 880 1309 906 quam
1327 871 1376 898 late
1392 877 1486 906 pateat,
1500 872 1639 898 attendite:
1661 880 1753 898 omnes
1763 871 1844 902 enim.

1054 909 1102 944 qui
1114 908 1146 935 ad
1157 909 1200 935 illa
1213 918 1283 935 arma
1296 909 1347 935 sato
1358 918 1453 935 sumus
1465 910 1554 936 nescio
1563 917 1618 944 quo
1628 908 1789 943 reipublicae
1796 909 1846 934 mi-

1056 954 1113 972 sero
1135 945 1292 981 funestoque
1307 946 1449 981 compulsi,
1467 948 1515 973 etsi
1531 947 1619 982 aliqua
1635 946 1712 981 culpa
1725 950 1847 972 tenemur

1055 984 1150 1009 erroris
1167 983 1286 1014 humani,
1304 993 1317 1009 a
1329 983 1427 1010 scelere
1441 990 1510 1010 certe
1522 984 1623 1010 liberati
1634 992 1738 1009 snmus.
1779 983 1846 1009 Nam

1055 1029 1140 1055 quum
1161 1021 1196 1046 Μ.
1209 1020 1372 1052 Marcellum,
1389 1021 1594 1056 deprecantibus
1610 1021 1699 1050 vobis,
1717 1019 1847 1055 reipubli-

1055 1066 1100 1084 cae
1123 1058 1303 1084 conservavit:
1340 1064 1437 1085 memet
1458 1059 1524 1085 mibi
1544 1063 1569 1085 et
1589 1059 1651 1084 item
1672 1057 1844 1092 reipublicae,

1057 1094 1130 1121 nullo
1150 1094 1317 1133 depreqante,
1340 1095 1457 1131 reliquos
1473 1095 1653 1131 amplissimos
1669 1096 1739 1122 viros
1754 1100 1780 1121 et
1793 1094 1845 1120 sibi

1055 1132 1128 1166 ipsos
1149 1137 1174 1159 et
1194 1133 1293 1167 patriae
1309 1132 1437 1160 reddidit:
1459 1141 1573 1168 quorum
1589 1137 1614 1159 et
1629 1132 1804 1168 frequentiam
1820 1135 1847 1158 et

1055 1169 1211 1205 dignitatem
1234 1169 1283 1196 hoc
1303 1170 1361 1204 ipso
1382 1171 1408 1197 in
1428 1179 1556 1197 consessu
1577 1170 1683 1196 videtis.
1723 1169 1779 1196 Non
1801 1168 1846 1195 ille

1056 1206 1144 1233 hostes
1164 1206 1272 1233 induxit
1291 1207 1318 1233 in
1334 1208 1445 1238 curiam,
1462 1207 1510 1234 sed
1525 1207 1662 1238 iudicavit,
1679 1215 1692 1232 a
1709 1206 1846 1241 plerisque

1055 1244 1218 1280 ignoratione
1239 1244 1328 1279 potius
1348 1249 1373 1271 et
1393 1244 1459 1271 falso
1478 1250 1558 1279 atque
1574 1245 1645 1271 inani
1661 1249 1747 1274 metu,
1763 1251 1845 1279 quam

1055 1281 1199 1316 cupiditate
1229 1286 1275 1307 aut
1297 1281 1452 1309 crudelitate
1477 1282 1578 1308 bellum
1600 1290 1659 1308 esse
1678 1285 1845 1315 susceptum.

1058 1319 1096 1345 it.
1112 1318 1170 1351 Quo
1189 1318 1299 1354 quidem
1316 1319 1342 1346 in
1357 1319 1428 1346 bello
1443 1328 1548 1354 semper
1563 1319 1596 1346 de
1608 1327 1670 1353 pace
1681 1317 1846 1345 audiendum

1055 1356 1157 1390 putavi,
1179 1364 1340 1391 semperque
1354 1356 1438 1388 dolui,
1460 1365 1512 1384 non
1528 1356 1606 1383 modo
1617 1364 1717 1391 pacem,
1729 1355 1777 1382 sed
1787 1363 1847 1382 ora-

1056 1394 1153 1420 tionem
1174 1394 1253 1420 etiam
1273 1394 1374 1420 civium
1395 1402 1487 1429 pacem
1506 1393 1682 1430 flagitantium
1700 1392 1845 1428 repudiari.

1055 1431 1147 1465 Neque
1167 1430 1239 1457 enim
1254 1439 1303 1467 ego
1318 1431 1363 1457 illa
1378 1440 1427 1458 nec
1441 1431 1496 1458 ulla
1513 1439 1641 1466 umquam
1661 1435 1769 1457 secutus
1784 1438 1846 1456 sum

1054 1476 1126 1494 arma
1137 1468 1235 1498 civilia,
1244 1476 1403 1504 semperque
1409 1477 1466 1495 mea
1477 1468 1588 1495 consilia
1599 1469 1671 1503 pacis
1682 1473 1707 1494 et
1718 1472 1792 1503 togae
1802 1475 1847 1493 so-

1054 1506 1107 1536 cia,
1130 1514 1182 1532 non
1202 1505 1268 1531 belli
1288 1510 1367 1541 atque
1386 1515 1519 1533 armorum
1540 1505 1658 1532 fuerunt.
1706 1505 1846 1531 Hominem

1054 1551 1115 1569 sum
1126 1547 1235 1569 secutus
1247 1543 1349 1577 privato
1358 1543 1478 1574 consilio,
1487 1551 1538 1570 non
1551 1542 1672 1578 publico:
1688 1547 1846 1576 tantumque

1054 1580 1125 1615 apud
1146 1588 1188 1606 me
1202 1580 1269 1616 grati
1289 1581 1370 1607 animi
1386 1581 1473 1607 fidelis
1487 1581 1613 1607 memoria
1625 1579 1717 1609 valuit,
1731 1578 1845 1605 utnulla

1054 1626 1105 1643 non
1127 1617 1205 1643 modo
1219 1617 1374 1652 cupiditate,
1390 1617 1438 1644 sed
1453 1626 1486 1644 ne
1500 1626 1548 1654 spe
1558 1617 1678 1652 quidem,
1691 1616 1810 1651 prudens
1820 1620 1846 1642 et

1053 1655 1149 1685 sciens,
1174 1659 1310 1689 tamquam
1331 1654 1364 1681 ad
1380 1656 1517 1681 interitum
1531 1662 1636 1681 ruerem
1651 1653 1843 1680 voluntarium.

1054 1693 1095 1718 ⁴5.
1112 1690 1188 1723 Quod
1202 1691 1312 1726 quidem
1324 1700 1414 1718 meum
1424 1691 1568 1718 consilium
1579 1691 1689 1717 minime
1699 1690 1844 1716 obscurum

1053 1727 1113 1755 fuit.
1153 1728 1221 1755 Nam
1231 1733 1257 1755 et
1268 1729 1294 1755 in
1307 1728 1355 1755 hoc
1366 1729 1467 1760 ordine,
1480 1729 1582 1764 integra
1593 1736 1629 1759 re,
1643 1727 1725 1754 multa
1737 1727 1770 1753 de
1781 1735 1845 1762 paee

1052 1766 1117 1796 dixi.
1140 1770 1166 1792 et
1184 1766 1213 1792 in
1232 1766 1292 1801 ipso
1313 1765 1383 1793 bello
1397 1766 1489 1792 eadem
1506 1767 1585 1792 etiam
1600 1773 1661 1792 cum
1677 1765 1772 1800 capitis
1792 1765 1844 1791 mei

1312 1803 1353 1830 Ex
1373 1811 1427 1838 quo
1442 1811 1519 1830 nemo
1534 1803 1586 1829 iam
1601 1803 1650 1829 erit
1660 1806 1714 1828 tam
1726 1802 1845 1828 iniustus

1051 1848 1141 1866 rerum
1152 1840 1324 1868 existimator.
1335 1841 1383 1875 qui
1393 1841 1507 1871 dubitet,
1520 1849 1589 1876 quae
1600 1839 1719 1867 Caesaris
1729 1839 1763 1865 de
1773 1838 1845 1865 bello

1052 1876 1174 1904 voluutas
1186 1877 1274 1908 fuerit,
1287 1886 1371 1913 quum
1382 1879 1455 1913 pacis
1465 1876 1845 1904 auctoresconservandossta-

1052 1915 1100 1941 tim
1114 1915 1257 1944 censuerit,
1274 1916 1368 1942 ceteris
1385 1914 1464 1942 fuerit
1479 1915 1578 1942 iratior.
1618 1914 1705 1949 Atque
1715 1913 1743 1940 id
1754 1913 1844 1940 minus

1051 1953 1149 1978 mirum
1162 1952 1272 1978 sortasse
1284 1958 1442 1987 tum,quum
1455 1957 1525 1978 esset
1536 1953 1652 1978 incertus
1663 1951 1750 1978 exitus
1761 1955 1787 1977 et
1797 1959 1845 1977 an-

1050 1998 1113 2024 ceps
1129 1989 1233 2016 fortuna
1245 1989 1318 2016 belli.
1359 1990 1411 2022 Qui
1422 1998 1485 2017 vero
1495 1990 1579 2016 victor
1589 1989 1662 2024 pacis
1673 1993 1792 2015 auctores
1802 1987 1844 2014 di-

1051 2027 1119 2062 tigit,
1141 2028 1165 2053 is
1186 2026 1303 2062 proiecto
1316 2027 1440 2057 declarat.
1457 2035 1486 2053 se
1500 2026 1630 2053 maluisse
1644 2034 1696 2052 non
1706 2025 1842 2056 dimicare.

1050 2073 1131 2099 quam
1151 2065 1267 2091 vincere.
1298 2065 1340 2091 vl.
1364 2066 1404 2091 46.
1425 2065 1512 2099 Atque
1525 2064 1608 2090 huius
1621 2063 1733 2098 quidem
1752 2062 1789 2089 rei
1805 2062 1843 2088 M.

1050 2101 1174 2128 Marcello
1193 2110 1254 2128 sum
1269 2102 1354 2128 testis.
1394 2102 1483 2128 Nostri
1497 2101 1569 2128 enim
1580 2109 1686 2131 sensuS,
1702 2100 1769 2126 utin
1780 2106 1846 2134 paee

1049 2147 1164 2174 semper,
1182 2140 1221 2165 sic
1231 2143 1289 2165 tum
1300 2139 1379 2166 etiam
1390 2139 1418 2165 in
1428 2138 1499 2165 bello
1509 2138 1699 2174 congruebant.
1733 2136 1844 2169 Quoties

1049 2185 1098 2212 ego
1109 2185 1180 2207 eum,
1192 2181 1218 2203 et
1227 2181 1327 2211 quanto
1336 2185 1399 2203 cum
1409 2176 1499 2202 dolore
1509 2175 1566 2202 vidi
1576 2184 1662 2210 quum
1671 2173 1842 2201 insolentiam

1049 2218 1181 2241 certorum
1195 2213 1347 2244 homiuum,
1358 2218 1415 2240 tum
1426 2214 1506 2240 etiam
1515 2213 1602 2247 ipsius
1613 2212 1738 2239 victoriae
1749 2210 1843 2237 feroci-

1050 2256 1130 2278 tatem
1145 2251 1378 2277 extimescenteml
1399 2250 1458 2283 Quo
1471 2251 1570 2286 gratior
1584 2254 1629 2276 tua
1640 2248 1798 2278 liberalitas,
1810 2247 1840 2274 C.

1050 2288 1153 2319 Caesar,
1166 2288 1253 2319 nobis,
1265 2288 1314 2323 qui
1325 2287 1370 2314 illa
1381 2288 1510 2318 vidimus,
1522 2287 1601 2314 debet
1611 2294 1680 2313 esse.
1700 2285 1758 2311 Non
1769 2285 1842 2311 enim

1049 2326 1102 2352 iam
1117 2334 1227 2352 caussae
1242 2330 1306 2352 sunt
1315 2325 1384 2351 inter
1394 2333 1433 2355 se,
1445 2325 1492 2351 sed
1505 2324 1629 2351 victoriae
1639 2321 1841 2357 comparandae.

1051 2364 1090 2389 Π.
1103 2363 1227 2390 Vidimus
1238 2367 1312 2389 tuam
1323 2363 1460 2389 victoriam
1471 2361 1630 2397 praeliorum
1636 2360 1710 2386 exitu
1717 2360 1843 2386 termina-

1048 2405 1116 2427 tam:
1137 2399 1258 2436 gladium
1273 2400 1371 2435 vagina
1385 2407 1500 2426 vacuum
1516 2399 1543 2425 in
1557 2397 1627 2425 Urbe
1643 2405 1695 2424 non
1711 2396 1839 2423 vidimus.

1047 2437 1120 2469 Quos
1135 2438 1277 2464 amisimus
1291 2437 1378 2468 cives,
1390 2445 1436 2463 eos
1450 2436 1542 2463 Martis
1553 2435 1594 2461 vis
1604 2434 1726 2469 perculit,
1740 2442 1792 2460 non
1802 2434 1840 2460 ira

1048 2475 1186 2505 victoriae,
1207 2479 1238 2501 ut
1252 2474 1375 2501 dubitare
1389 2474 1485 2500 debeat
1498 2480 1589 2503 nemo,
1605 2472 1671 2506 quin
1687 2470 1799 2501 multos,
1816 2471 1839 2496 si

1047 2512 1105 2538 fleri
1119 2517 1217 2547 posset,
1229 2511 1259 2538 C.
1272 2511 1367 2538 Caesar
1376 2511 1410 2538 ab
1420 2510 1513 2537 interis
1523 2509 1656 2538 excitaret.
1668 2509 1796 2543 quoniam
1806 2515 1841 2534 ex

1046 2549 1139 2575 eadem
1162 2549 1220 2575 acie
1241 2553 1394 2579 conservat,
1418 2556 1486 2582 quos
1505 2550 1600 2581 potest.
1639 2545 1757 2572 Alterius
1777 2552 1841 2570 vero

1046 2587 1138 2621 partis,
1151 2585 1219 2613 nihil
1231 2585 1348 2621 amplius
1358 2585 1455 2616 dicam,
1466 2592 1558 2619 quam,
1569 2583 1597 2610 id
1607 2582 1679 2618 quod
1690 2590 1782 2609 omnes
1791 2589 1840 2607 ve-

1046 2623 1184 2654 rebamur,
1201 2623 1283 2650 nimis
1298 2621 1452 2649 iracundam
1465 2621 1583 2648 futuram
1594 2620 1678 2646 fuisse
1689 2619 1836 2646 victoriam.

1047 2662 1088 2688 ⁴8.
1105 2660 1221 2693 Quidam
1239 2660 1312 2687 enim
1331 2668 1385 2687 non
1402 2658 1482 2686 modo
1500 2658 1622 2690 armatis,
1639 2656 1688 2684 sed
1702 2655 1839 2684 interdum
