<?xml version="1.0" encoding="UTF-8"?>
<!DOCTYPE html PUBLIC "-//W3C//DTD XHTML 1.0 Transitional//EN"
    "http://www.w3.org/TR/xhtml1/DTD/xhtml1-transitional.dtd">
<html xmlns="http://www.w3.org/1999/xhtml" xml:lang="en" lang="en">
 <head>
  <title>
</title>
<meta http-equiv="Content-Type" content="text/html;charset=utf-8" />
  <meta name='ocr-system' content='tesseract 3.04.00' />
  <meta name='ocr-capabilities' content='ocr_page ocr_carea ocr_par ocr_line ocrx_word'/>
</head>
<body>
  <div class='ocr_page' id='page_1' title='image "./operaomniaunovol00ciceuoft_0442.png"; bbox 0 0 1941 3052; ppageno 0'>
   <div class='ocr_carea' id='block_1_1' title="bbox 223 138 964 165">
    <p class='ocr_par' dir='ltr' id='par_1_1' title="bbox 223 138 964 165">
     <span class='ocr_line' id='line_1_1' title="bbox 223 138 964 165; baseline -0.001 -1"><span class='ocrx_word' id='word_1_1' title='bbox 223 141 268 165; x_wconf 65' lang='grc' dir='ltr'>ΗΚ</span> <span class='ocrx_word' id='word_1_2' title='bbox 790 140 830 164; x_wconf 80' lang='lat'>33.</span> <span class='ocrx_word' id='word_1_3' title='bbox 866 138 900 163; x_wconf 87' lang='grc' dir='ltr'>Μ.</span> <span class='ocrx_word' id='word_1_4' title='bbox 935 138 964 163; x_wconf 85' lang='lat' dir='ltr'>&#39;l&#39;.</span> 
     </span>
    </p>
   </div>
   <div class='ocr_carea' id='block_1_2' title="bbox 219 207 1011 318">
    <p class='ocr_par' dir='ltr' id='par_1_2' title="bbox 219 207 1011 318">
     <span class='ocr_line' id='line_1_2' title="bbox 219 207 1010 242; baseline -0.003 -7"><span class='ocrx_word' id='word_1_5' title='bbox 219 210 250 235; x_wconf 78' lang='lat' dir='ltr'>ilc</span> <span class='ocrx_word' id='word_1_6' title='bbox 262 214 413 235; x_wconf 71' lang='lat' dir='ltr'>contentum</span> <span class='ocrx_word' id='word_1_7' title='bbox 432 215 455 235; x_wconf 66' lang='lat' dir='ltr'>tc</span> <span class='ocrx_word' id='word_1_8' title='bbox 471 218 528 234; x_wconf 55' lang='lat' dir='ltr'>cnse</span> <span class='ocrx_word' id='word_1_9' title='bbox 544 208 669 234; x_wconf 62' lang='lat' dir='ltr'>dicebas?</span> <span class='ocrx_word' id='word_1_10' title='bbox 698 210 722 233; x_wconf 82' lang='lat'>8.</span> <span class='ocrx_word' id='word_1_11' title='bbox 745 207 834 239; x_wconf 83' lang='lat' dir='ltr'>Quid‘?</span> <span class='ocrx_word' id='word_1_12' title='bbox 854 216 938 242; x_wconf 88' lang='lat' dir='ltr'>quum</span> <span class='ocrx_word' id='word_1_13' title='bbox 956 212 1010 233; x_wconf 83' lang='lat' dir='ltr'>tute</span> 
     </span>
     <span class='ocr_line' id='line_1_3' title="bbox 220 245 1009 280; baseline -0.004 -7"><span class='ocrx_word' id='word_1_14' title='bbox 220 248 357 273; x_wconf 62' lang='lat' dir='ltr'>prm-noa·-</span> <span class='ocrx_word' id='word_1_15' title='bbox 375 247 499 272; x_wconf 58' lang='lat' dir='ltr'>Rutu-ndis</span> <span class='ocrx_word' id='word_1_16' title='bbox 523 247 588 280; x_wconf 61' lang='lat' dir='ltr'>ipsis</span> <span class='ocrx_word' id='word_1_17' title='bbox 605 245 800 271; x_wconf 65' lang='lat' dir='ltr'>Novembribus</span> <span class='ocrx_word' id='word_1_18' title='bbox 817 249 1009 279; x_wconf 83' lang='lat' dir='ltr'>occupaturum</span> 
     </span>
     <span class='ocr_line' id='line_1_4' title="bbox 220 282 1011 318; baseline -0.004 -7"><span class='ocrx_word' id='word_1_19' title='bbox 220 290 347 311; x_wconf 75' lang='lat' dir='ltr'>iim-turno</span> <span class='ocrx_word' id='word_1_20' title='bbox 359 286 457 318; x_wconf 75' lang='lat' dir='ltr'>impetu</span> <span class='ocrx_word' id='word_1_21' title='bbox 475 293 533 308; x_wconf 68' lang='lat' dir='ltr'>ess(-</span> <span class='ocrx_word' id='word_1_22' title='bbox 549 283 707 313; x_wconf 54' lang='lat' dir='ltr'>confideres,</span> <span class='ocrx_word' id='word_1_23' title='bbox 725 283 869 308; x_wconf 68' lang='lat' dir='ltr'><strong>sensistine</strong></span> <span class='ocrx_word' id='word_1_24' title='bbox 882 282 954 308; x_wconf 88' lang='lat' dir='ltr'>illam</span> <span class='ocrx_word' id='word_1_25' title='bbox 967 291 1011 308; x_wconf 79' lang='lat' dir='ltr'>co-</span> 
     </span>
    </p>
   </div>
   <div class='ocr_carea' id='block_1_3' title="bbox 217 319 1388 467">
    <p class='ocr_par' dir='ltr' id='par_1_3' title="bbox 217 319 1388 467">
     <span class='ocr_line' id='line_1_5' title="bbox 220 319 1041 354; baseline -0.002 -7"><span class='ocrx_word' id='word_1_26' title='bbox 220 321 315 347; x_wconf 78' lang='lat' dir='ltr'>lonium</span> <span class='ocrx_word' id='word_1_27' title='bbox 339 331 396 347; x_wconf 71' lang='lat' dir='ltr'>ineo</span> <span class='ocrx_word' id='word_1_28' title='bbox 421 322 495 346; x_wconf 60' lang='lat' dir='ltr'>iussu</span> <span class='ocrx_word' id='word_1_29' title='bbox 527 320 680 354; x_wconf 76' lang='lat' dir='ltr'>praesidiis.</span> <span class='ocrx_word' id='word_1_30' title='bbox 703 320 833 345; x_wconf 80' lang='lat' dir='ltr'>custodiis</span> <span class='ocrx_word' id='word_1_31' title='bbox 855 319 1010 354; x_wconf 67' lang='lat' dir='ltr'>vigiliisque</span> <span class='ocrx_word' id='word_1_32' title='bbox 1040 341 1041 349; x_wconf 70' lang='lat'>,</span> 
     </span>
     <span class='ocr_line' id='line_1_6' title="bbox 219 357 1041 390; baseline -0.002 -6"><span class='ocrx_word' id='word_1_33' title='bbox 219 368 277 384; x_wconf 73' lang='lat' dir='ltr'>essc-</span> <span class='ocrx_word' id='word_1_34' title='bbox 291 357 598 390; x_wconf 61' lang='lat' dir='ltr'>1111111i121111¹?xit1i1ngis,</span> <span class='ocrx_word' id='word_1_35' title='bbox 614 357 679 383; x_wconf 90' lang='lat' dir='ltr'>nibil</span> <span class='ocrx_word' id='word_1_36' title='bbox 693 357 804 386; x_wconf 79' lang='lat' dir='ltr'>moliris,</span> <span class='ocrx_word' id='word_1_37' title='bbox 820 357 885 383; x_wconf 90' lang='lat' dir='ltr'>nibil</span> <span class='ocrx_word' id='word_1_38' title='bbox 898 357 1007 389; x_wconf 64' lang='lat' dir='ltr'>cogitas.</span> <span class='ocrx_word' id='word_1_39' title='bbox 1040 381 1041 389; x_wconf 53' lang='grc'>,</span> 
     </span>
     <span class='ocr_line' id='line_1_7' title="bbox 217 394 1041 430; baseline -0.002 -9"><span class='ocrx_word' id='word_1_40' title='bbox 217 396 289 430; x_wconf 83' lang='lat' dir='ltr'>quod</span> <span class='ocrx_word' id='word_1_41' title='bbox 301 405 349 428; x_wconf 63' lang='lat' dir='ltr'>ego</span> <span class='ocrx_word' id='word_1_42' title='bbox 361 405 410 421; x_wconf 82' lang='lat' dir='ltr'>nnn</span> <span class='ocrx_word' id='word_1_43' title='bbox 423 395 500 420; x_wconf 84' lang='lat' dir='ltr'>modo</span> <span class='ocrx_word' id='word_1_44' title='bbox 511 404 560 420; x_wconf 79' lang='lat' dir='ltr'>non</span> <span class='ocrx_word' id='word_1_45' title='bbox 572 394 687 425; x_wconf 80' lang='lat' dir='ltr'>audium,</span> <span class='ocrx_word' id='word_1_46' title='bbox 696 394 830 420; x_wconf 84' lang='lat' dir='ltr'>sedetiam</span> <span class='ocrx_word' id='word_1_47' title='bbox 843 403 893 420; x_wconf 90' lang='lat' dir='ltr'>non</span> <span class='ocrx_word' id='word_1_48' title='bbox 906 394 1009 420; x_wconf 83' lang='lat' dir='ltr'>videam</span> <span class='ocrx_word' id='word_1_49' title='bbox 1040 422 1041 429; x_wconf 15' lang='grc' dir='ltr'>ἵ</span> 
     </span>
     <span class='ocr_line' id='line_1_8' title="bbox 1039 431 1388 467; baseline 0.003 -11"><span class='ocrx_word' id='word_1_50' title='bbox 1039 432 1041 467; x_wconf 49' lang='lat' dir='ltr'>l</span> <span class='ocrx_word' id='word_1_51' title='bbox 1063 440 1104 456; x_wconf 80' lang='lat' dir='ltr'>me</span> <span class='ocrx_word' id='word_1_52' title='bbox 1125 431 1256 461; x_wconf 67' lang='lat' dir='ltr'>consulis,</span> <span class='ocrx_word' id='word_1_53' title='bbox 1280 432 1388 457; x_wconf 73' lang='lat' dir='ltr'>suadeo.</span> 
     </span>
    </p>
   </div>
   <div class='ocr_carea' id='block_1_4' title="bbox 215 431 1011 728">
    <p class='ocr_par' dir='ltr' id='par_1_4' title="bbox 215 431 1011 728">
     <span class='ocr_line' id='line_1_9' title="bbox 219 431 1011 467; baseline -0.001 -9"><span class='ocrx_word' id='word_1_54' title='bbox 219 433 349 467; x_wconf 76' lang='lat' dir='ltr'>planeque</span> <span class='ocrx_word' id='word_1_55' title='bbox 362 433 483 457; x_wconf 76' lang='lat' dir='ltr'>sentiam.</span> <span class='ocrx_word' id='word_1_56' title='bbox 501 432 715 465; x_wconf 78' lang='lat' dir='ltr'>1V.ltccognosce</span> <span class='ocrx_word' id='word_1_57' title='bbox 728 431 832 457; x_wconf 88' lang='lat' dir='ltr'>tandem</span> <span class='ocrx_word' id='word_1_58' title='bbox 846 440 950 457; x_wconf 86' lang='lat' dir='ltr'>mecum</span> <span class='ocrx_word' id='word_1_59' title='bbox 964 440 1011 457; x_wconf 86' lang='lat' dir='ltr'>no-</span> 
     </span>
     <span class='ocr_line' id='line_1_10' title="bbox 217 469 1010 503; baseline -0.001 -8"><span class='ocrx_word' id='word_1_60' title='bbox 217 475 283 495; x_wconf 71' lang='lat' dir='ltr'>ctem</span> <span class='ocrx_word' id='word_1_61' title='bbox 298 469 369 495; x_wconf 79' lang='lat' dir='ltr'>illam</span> <span class='ocrx_word' id='word_1_62' title='bbox 383 469 561 503; x_wconf 83' lang='lat' dir='ltr'>superiorem:</span> <span class='ocrx_word' id='word_1_63' title='bbox 580 469 631 494; x_wconf 87' lang='lat' dir='ltr'>iam</span> <span class='ocrx_word' id='word_1_64' title='bbox 645 469 778 502; x_wconf 66' lang='lat' dir='ltr'>intelliges</span> <span class='ocrx_word' id='word_1_65' title='bbox 791 469 875 495; x_wconf 88' lang='lat' dir='ltr'>multo</span> <span class='ocrx_word' id='word_1_66' title='bbox 887 477 928 494; x_wconf 90' lang='lat' dir='ltr'>me</span> <span class='ocrx_word' id='word_1_67' title='bbox 942 469 1010 503; x_wconf 78' lang='lat' dir='ltr'>vigi-</span> 
     </span>
     <span class='ocr_line' id='line_1_11' title="bbox 220 506 1011 541; baseline 0 -9"><span class='ocrx_word' id='word_1_68' title='bbox 220 507 270 532; x_wconf 72' lang='lat' dir='ltr'>lai-r¹</span> <span class='ocrx_word' id='word_1_69' title='bbox 282 507 369 533; x_wconf 80' lang='lat' dir='ltr'>acrius</span> <span class='ocrx_word' id='word_1_70' title='bbox 381 506 412 532; x_wconf 88' lang='lat' dir='ltr'>ad</span> <span class='ocrx_word' id='word_1_71' title='bbox 425 506 552 536; x_wconf 82' lang='lat' dir='ltr'>salutem.</span> <span class='ocrx_word' id='word_1_72' title='bbox 575 515 655 540; x_wconf 89' lang='lat' dir='ltr'>quam</span> <span class='ocrx_word' id='word_1_73' title='bbox 674 510 697 532; x_wconf 90' lang='lat' dir='ltr'>te</span> <span class='ocrx_word' id='word_1_74' title='bbox 713 506 745 532; x_wconf 86' lang='lat' dir='ltr'>ad</span> <span class='ocrx_word' id='word_1_75' title='bbox 763 507 907 541; x_wconf 88' lang='lat' dir='ltr'>perniciem</span> <span class='ocrx_word' id='word_1_76' title='bbox 920 506 1011 540; x_wconf 90' lang='lat' dir='ltr'>reipu-</span> 
     </span>
     <span class='ocr_line' id='line_1_12' title="bbox 217 543 1008 578; baseline 0 -9"><span class='ocrx_word' id='word_1_77' title='bbox 217 544 310 569; x_wconf 72' lang='lat' dir='ltr'>blicae.</span> <span class='ocrx_word' id='word_1_78' title='bbox 334 544 395 569; x_wconf 87' lang='lat' dir='ltr'>Dico</span> <span class='ocrx_word' id='word_1_79' title='bbox 407 548 430 569; x_wconf 85' lang='lat' dir='ltr'>te</span> <span class='ocrx_word' id='word_1_80' title='bbox 443 544 522 578; x_wconf 81' lang='lat' dir='ltr'>priori</span> <span class='ocrx_word' id='word_1_81' title='bbox 536 548 610 569; x_wconf 89' lang='lat' dir='ltr'>nocte</span> <span class='ocrx_word' id='word_1_82' title='bbox 623 544 728 569; x_wconf 82' lang='lat' dir='ltr'>venisse</span> <span class='ocrx_word' id='word_1_83' title='bbox 740 544 808 570; x_wconf 91' lang='lat' dir='ltr'>inter</span> <span class='ocrx_word' id='word_1_84' title='bbox 820 543 1008 578; x_wconf 82' lang='lat' dir='ltr'>salcarios(non</span> 
     </span>
     <span class='ocr_line' id='line_1_13' title="bbox 216 580 1009 616; baseline 0 -10"><span class='ocrx_word' id='word_1_85' title='bbox 216 590 291 614; x_wconf 74' lang='lat' dir='ltr'>agani</span> <span class='ocrx_word' id='word_1_86' title='bbox 308 581 430 616; x_wconf 83' lang='lat' dir='ltr'><strong>obscure)</strong></span> <span class='ocrx_word' id='word_1_87' title='bbox 446 582 472 607; x_wconf 92' lang='lat' dir='ltr'>in</span> <span class='ocrx_word' id='word_1_88' title='bbox 485 581 519 607; x_wconf 84' lang='lat' dir='ltr'>M.</span> <span class='ocrx_word' id='word_1_89' title='bbox 535 581 630 607; x_wconf 83' lang='lat' dir='ltr'>Laecae</span> <span class='ocrx_word' id='word_1_90' title='bbox 646 580 770 613; x_wconf 76' lang='lat' dir='ltr'>domum·,</span> <span class='ocrx_word' id='word_1_91' title='bbox 793 581 950 607; x_wconf 78' lang='lat' dir='ltr'>convenisse</span> <span class='ocrx_word' id='word_1_92' title='bbox 966 589 1009 606; x_wconf 90' lang='lat' dir='ltr'>eo-</span> 
     </span>
     <span class='ocr_line' id='line_1_14' title="bbox 215 618 1006 653; baseline 0.001 -10"><span class='ocrx_word' id='word_1_93' title='bbox 215 618 275 644; x_wconf 72' lang='lat' dir='ltr'>dem</span> <span class='ocrx_word' id='word_1_94' title='bbox 291 618 443 653; x_wconf 77' lang='lat' dir='ltr'>complures</span> <span class='ocrx_word' id='word_1_95' title='bbox 459 618 580 644; x_wconf 86' lang='lat' dir='ltr'>eiusdem</span> <span class='ocrx_word' id='word_1_96' title='bbox 597 618 726 644; x_wconf 80' lang='lat' dir='ltr'>amentiae</span> <span class='ocrx_word' id='word_1_97' title='bbox 737 618 900 653; x_wconf 82' lang='lat' dir='ltr'>scelerisque</span> <span class='ocrx_word' id='word_1_98' title='bbox 912 618 1006 644; x_wconf 83' lang='lat' dir='ltr'>socios.</span> 
     </span>
     <span class='ocr_line' id='line_1_15' title="bbox 217 655 1007 691; baseline 0 -11"><span class='ocrx_word' id='word_1_99' title='bbox 217 656 285 681; x_wconf 76' lang='lat' dir='ltr'>Num</span> <span class='ocrx_word' id='word_1_100' title='bbox 298 664 393 691; x_wconf 83' lang='lat' dir='ltr'>negare</span> <span class='ocrx_word' id='word_1_101' title='bbox 405 655 506 681; x_wconf 77' lang='lat' dir='ltr'>audes?</span> <span class='ocrx_word' id='word_1_102' title='bbox 515 655 585 687; x_wconf 91' lang='lat' dir='ltr'>Quid</span> <span class='ocrx_word' id='word_1_103' title='bbox 598 655 686 682; x_wconf 82' lang='lat' dir='ltr'>taces‘?</span> <span class='ocrx_word' id='word_1_104' title='bbox 697 656 867 686; x_wconf 82' lang='lat' dir='ltr'>Convincam,</span> <span class='ocrx_word' id='word_1_105' title='bbox 880 656 902 681; x_wconf 85' lang='lat' dir='ltr'>si</span> <span class='ocrx_word' id='word_1_106' title='bbox 916 664 1007 691; x_wconf 82' lang='lat' dir='ltr'>negas.</span> 
     </span>
     <span class='ocr_line' id='line_1_16' title="bbox 217 693 1007 728; baseline 0 -10"><span class='ocrx_word' id='word_1_107' title='bbox 217 693 297 718; x_wconf 76' lang='lat' dir='ltr'>Video</span> <span class='ocrx_word' id='word_1_108' title='bbox 312 693 382 719; x_wconf 89' lang='lat' dir='ltr'>enim</span> <span class='ocrx_word' id='word_1_109' title='bbox 399 702 458 719; x_wconf 83' lang='lat' dir='ltr'>esse</span> <span class='ocrx_word' id='word_1_110' title='bbox 475 693 516 718; x_wconf 88' lang='lat' dir='ltr'>bic</span> <span class='ocrx_word' id='word_1_111' title='bbox 533 693 559 719; x_wconf 91' lang='lat' dir='ltr'>in</span> <span class='ocrx_word' id='word_1_112' title='bbox 575 697 668 719; x_wconf 85' lang='lat' dir='ltr'>senatu</span> <span class='ocrx_word' id='word_1_113' title='bbox 684 693 828 728; x_wconf 83' lang='lat' dir='ltr'>quosdam,</span> <span class='ocrx_word' id='word_1_114' title='bbox 851 693 898 728; x_wconf 89' lang='lat' dir='ltr'>qui</span> <span class='ocrx_word' id='word_1_115' title='bbox 920 697 1007 718; x_wconf 88' lang='lat' dir='ltr'>tecum</span> 
     </span>
    </p>
   </div>
   <div class='ocr_carea' id='block_1_5' title="bbox 216 730 1039 767">
    <p class='ocr_par' dir='ltr' id='par_1_5' title="bbox 216 730 1039 767">
     <span class='ocr_line' id='line_1_17' title="bbox 216 730 1039 767; baseline 0.001 -12"><span class='ocrx_word' id='word_1_116' title='bbox 216 739 266 756; x_wconf 83' lang='lat' dir='ltr'>una</span> <span class='ocrx_word' id='word_1_117' title='bbox 281 730 362 756; x_wconf 80' lang='lat' dir='ltr'>sucre.</span> <span class='ocrx_word' id='word_1_118' title='bbox 395 732 419 756; x_wconf 85' lang='grc'>9.</span> <span class='ocrx_word' id='word_1_119' title='bbox 433 730 455 757; x_wconf 89' lang='grc' dir='ltr'><strong>Ο</strong></span> <span class='ocrx_word' id='word_1_120' title='bbox 465 730 502 756; x_wconf 92' lang='lat' dir='ltr'>dii</span> <span class='ocrx_word' id='word_1_121' title='bbox 515 730 692 756; x_wconf 76' lang='lat' dir='ltr'>immortales!</span> <span class='ocrx_word' id='word_1_122' title='bbox 706 730 815 756; x_wconf 87' lang='lat' dir='ltr'>ubinam</span> <span class='ocrx_word' id='word_1_123' title='bbox 827 731 949 765; x_wconf 81' lang='lat' dir='ltr'>gentium</span> <span class='ocrx_word' id='word_1_124' title='bbox 962 739 1009 756; x_wconf 83' lang='lat' dir='ltr'>su-</span> <span class='ocrx_word' id='word_1_125' title='bbox 1037 761 1039 767; x_wconf 19' lang='grc' dir='ltr'>ἲ</span> 
     </span>
    </p>
   </div>
   <div class='ocr_carea' id='block_1_6' title="bbox 209 767 1009 1214">
    <p class='ocr_par' dir='ltr' id='par_1_6' title="bbox 209 767 1009 1214">
     <span class='ocr_line' id='line_1_18' title="bbox 215 767 1008 803; baseline 0 -10"><span class='ocrx_word' id='word_1_126' title='bbox 215 767 294 793; x_wconf 78' lang='lat' dir='ltr'>mus‘?</span> <span class='ocrx_word' id='word_1_127' title='bbox 313 776 394 802; x_wconf 87' lang='lat' dir='ltr'>quam</span> <span class='ocrx_word' id='word_1_128' title='bbox 407 767 600 802; x_wconf 72' lang='lat' dir='ltr'>rempublicam</span> <span class='ocrx_word' id='word_1_129' title='bbox 614 767 762 794; x_wconf 84' lang='lat' dir='ltr'>liabemus‘?</span> <span class='ocrx_word' id='word_1_130' title='bbox 783 768 808 794; x_wconf 94' lang='lat' dir='ltr'>in</span> <span class='ocrx_word' id='word_1_131' title='bbox 825 777 877 803; x_wconf 85' lang='lat' dir='ltr'>qua</span> <span class='ocrx_word' id='word_1_132' title='bbox 891 767 955 793; x_wconf 86' lang='lat' dir='ltr'>urbe</span> <span class='ocrx_word' id='word_1_133' title='bbox 969 767 1008 793; x_wconf 82' lang='lat' dir='ltr'>vi-</span> 
     </span>
     <span class='ocr_line' id='line_1_19' title="bbox 215 805 1009 840; baseline 0.001 -10"><span class='ocrx_word' id='word_1_134' title='bbox 215 805 323 835; x_wconf 67' lang='lat' dir='ltr'>vimus?</span> <span class='ocrx_word' id='word_1_135' title='bbox 344 805 403 836; x_wconf 88' lang='lat' dir='ltr'>llic,</span> <span class='ocrx_word' id='word_1_136' title='bbox 422 805 465 831; x_wconf 84' lang='lat' dir='ltr'>bic</span> <span class='ocrx_word' id='word_1_137' title='bbox 476 809 552 836; x_wconf 76' lang='lat' dir='ltr'>suut,</span> <span class='ocrx_word' id='word_1_138' title='bbox 571 805 698 831; x_wconf 90' lang='lat' dir='ltr'>innostro</span> <span class='ocrx_word' id='word_1_139' title='bbox 710 814 833 835; x_wconf 78' lang='lat' dir='ltr'>numero.</span> <span class='ocrx_word' id='word_1_140' title='bbox 848 809 934 840; x_wconf 81' lang='lat' dir='ltr'>patres</span> <span class='ocrx_word' id='word_1_141' title='bbox 945 813 1009 831; x_wconf 83' lang='lat' dir='ltr'>con-</span> 
     </span>
     <span class='ocr_line' id='line_1_20' title="bbox 214 842 1008 878; baseline 0 -10"><span class='ocrx_word' id='word_1_142' title='bbox 214 842 319 877; x_wconf 87' lang='lat' dir='ltr'>scripti,</span> <span class='ocrx_word' id='word_1_143' title='bbox 339 842 364 868; x_wconf 92' lang='lat' dir='ltr'>in</span> <span class='ocrx_word' id='word_1_144' title='bbox 378 842 426 868; x_wconf 86' lang='lat' dir='ltr'>boc</span> <span class='ocrx_word' id='word_1_145' title='bbox 437 843 509 868; x_wconf 87' lang='lat' dir='ltr'>orbis</span> <span class='ocrx_word' id='word_1_146' title='bbox 522 847 604 869; x_wconf 87' lang='lat' dir='ltr'>terrae</span> <span class='ocrx_word' id='word_1_147' title='bbox 616 843 784 869; x_wconf 76' lang='lat' dir='ltr'>sanctissimo</span> <span class='ocrx_word' id='word_1_148' title='bbox 794 843 1008 878; x_wconf 76' lang='lat' dir='ltr'>gravissimoque</span> 
     </span>
     <span class='ocr_line' id='line_1_21' title="bbox 213 880 1005 915; baseline 0 -10"><span class='ocrx_word' id='word_1_149' title='bbox 213 880 338 910; x_wconf 86' lang='lat' dir='ltr'>consilio,</span> <span class='ocrx_word' id='word_1_150' title='bbox 361 880 408 914; x_wconf 88' lang='lat' dir='ltr'>qui</span> <span class='ocrx_word' id='word_1_151' title='bbox 429 880 462 905; x_wconf 86' lang='lat' dir='ltr'>&lt;le</span> <span class='ocrx_word' id='word_1_152' title='bbox 483 888 541 906; x_wconf 90' lang='lat' dir='ltr'>meo</span> <span class='ocrx_word' id='word_1_153' title='bbox 557 885 733 915; x_wconf 81' lang='lat' dir='ltr'>nostrumque</span> <span class='ocrx_word' id='word_1_154' title='bbox 749 881 869 906; x_wconf 83' lang='lat' dir='ltr'>oninium</span> <span class='ocrx_word' id='word_1_155' title='bbox 887 880 1005 910; x_wconf 83' lang='lat' dir='ltr'>interitu,</span> 
     </span>
     <span class='ocr_line' id='line_1_22' title="bbox 212 917 1008 952; baseline 0 -9"><span class='ocrx_word' id='word_1_156' title='bbox 212 917 260 951; x_wconf 84' lang='lat' dir='ltr'>qui</span> <span class='ocrx_word' id='word_1_157' title='bbox 281 917 314 943; x_wconf 85' lang='lat' dir='ltr'>de</span> <span class='ocrx_word' id='word_1_158' title='bbox 331 917 412 943; x_wconf 81' lang='lat' dir='ltr'>huius</span> <span class='ocrx_word' id='word_1_159' title='bbox 429 917 503 943; x_wconf 87' lang='lat' dir='ltr'>urbis</span> <span class='ocrx_word' id='word_1_160' title='bbox 519 922 598 952; x_wconf 83' lang='lat' dir='ltr'>atque</span> <span class='ocrx_word' id='word_1_161' title='bbox 614 917 678 943; x_wconf 83' lang='lat' dir='ltr'>adeo</span> <span class='ocrx_word' id='word_1_162' title='bbox 693 918 765 943; x_wconf 89' lang='lat' dir='ltr'>orbis</span> <span class='ocrx_word' id='word_1_163' title='bbox 782 922 910 943; x_wconf 87' lang='lat' dir='ltr'>terrarum</span> <span class='ocrx_word' id='word_1_164' title='bbox 927 917 1008 943; x_wconf 86' lang='lat' dir='ltr'>exitio</span> 
     </span>
     <span class='ocr_line' id='line_1_23' title="bbox 209 955 1008 990; baseline 0.001 -11"><span class='ocrx_word' id='word_1_165' title='bbox 209 955 338 989; x_wconf 65' lang='lat' dir='ltr'>rogitent.</span> <span class='ocrx_word' id='word_1_166' title='bbox 366 955 449 981; x_wconf 86' lang='lat' dir='ltr'>llosce</span> <span class='ocrx_word' id='word_1_167' title='bbox 461 963 510 990; x_wconf 79' lang='lat' dir='ltr'>ego</span> <span class='ocrx_word' id='word_1_168' title='bbox 523 955 600 981; x_wconf 88' lang='lat' dir='ltr'>video</span> <span class='ocrx_word' id='word_1_169' title='bbox 611 955 703 981; x_wconf 83' lang='lat' dir='ltr'>consul</span> <span class='ocrx_word' id='word_1_170' title='bbox 717 955 785 981; x_wconf 90' lang='lat' dir='ltr'>etde</span> <span class='ocrx_word' id='word_1_171' title='bbox 797 955 933 990; x_wconf 79' lang='lat' dir='ltr'>republica</span> <span class='ocrx_word' id='word_1_172' title='bbox 946 963 1008 980; x_wconf 90' lang='lat' dir='ltr'>sen-</span> 
     </span>
     <span class='ocr_line' id='line_1_24' title="bbox 213 992 1007 1027; baseline -0.001 -9"><span class='ocrx_word' id='word_1_173' title='bbox 213 992 322 1018; x_wconf 87' lang='lat' dir='ltr'>teutiam</span> <span class='ocrx_word' id='word_1_174' title='bbox 335 1001 410 1027; x_wconf 85' lang='lat' dir='ltr'>rogo,</span> <span class='ocrx_word' id='word_1_175' title='bbox 433 997 470 1023; x_wconf 87' lang='lat' dir='ltr'>et,</span> <span class='ocrx_word' id='word_1_176' title='bbox 489 1001 556 1027; x_wconf 83' lang='lat' dir='ltr'>quos</span> <span class='ocrx_word' id='word_1_177' title='bbox 574 992 641 1018; x_wconf 81' lang='lat' dir='ltr'>ferro</span> <span class='ocrx_word' id='word_1_178' title='bbox 653 992 779 1018; x_wconf 90' lang='lat' dir='ltr'>trucidari</span> <span class='ocrx_word' id='word_1_179' title='bbox 795 993 944 1027; x_wconf 88' lang='lat' dir='ltr'>oportebat,</span> <span class='ocrx_word' id='word_1_180' title='bbox 963 1001 1007 1017; x_wconf 88' lang='lat' dir='ltr'>eos</span> 
     </span>
     <span class='ocr_line' id='line_1_25' title="bbox 213 1029 1006 1065; baseline -0.001 -10"><span class='ocrx_word' id='word_1_181' title='bbox 213 1029 331 1055; x_wconf 89' lang='lat' dir='ltr'>nondum</span> <span class='ocrx_word' id='word_1_182' title='bbox 344 1038 407 1055; x_wconf 89' lang='lat' dir='ltr'>voce</span> <span class='ocrx_word' id='word_1_183' title='bbox 419 1029 539 1056; x_wconf 86' lang='lat' dir='ltr'>vulnero.</span> <span class='ocrx_word' id='word_1_184' title='bbox 567 1030 651 1056; x_wconf 78' lang='lat' dir='ltr'>Fuisti</span> <span class='ocrx_word' id='word_1_185' title='bbox 664 1030 746 1065; x_wconf 84' lang='lat' dir='ltr'>igitur</span> <span class='ocrx_word' id='word_1_186' title='bbox 756 1030 828 1064; x_wconf 86' lang='lat' dir='ltr'>apud</span> <span class='ocrx_word' id='word_1_187' title='bbox 840 1030 949 1056; x_wconf 83' lang='lat' dir='ltr'>Laecam</span> <span class='ocrx_word' id='word_1_188' title='bbox 963 1029 1006 1055; x_wconf 88' lang='lat' dir='ltr'>illa</span> 
     </span>
     <span class='ocr_line' id='line_1_26' title="bbox 214 1066 1004 1102; baseline 0 -10"><span class='ocrx_word' id='word_1_189' title='bbox 214 1071 302 1098; x_wconf 85' lang='lat' dir='ltr'>nocte,</span> <span class='ocrx_word' id='word_1_190' title='bbox 316 1066 442 1093; x_wconf 86' lang='lat' dir='ltr'>Catilina:</span> <span class='ocrx_word' id='word_1_191' title='bbox 465 1067 627 1093; x_wconf 79' lang='lat' dir='ltr'>distribuisti</span> <span class='ocrx_word' id='word_1_192' title='bbox 649 1072 737 1102; x_wconf 87' lang='lat' dir='ltr'>partes</span> <span class='ocrx_word' id='word_1_193' title='bbox 753 1067 855 1094; x_wconf 86' lang='lat' dir='ltr'>Italiae:</span> <span class='ocrx_word' id='word_1_194' title='bbox 879 1067 1004 1098; x_wconf 78' lang='lat' dir='ltr'>statuisti,</span> 
     </span>
     <span class='ocr_line' id='line_1_27' title="bbox 211 1103 1008 1140; baseline 0.001 -10"><span class='ocrx_word' id='word_1_195' title='bbox 211 1113 265 1139; x_wconf 87' lang='lat' dir='ltr'>quo</span> <span class='ocrx_word' id='word_1_196' title='bbox 276 1113 411 1139; x_wconf 83' lang='lat' dir='ltr'>quemque</span> <span class='ocrx_word' id='word_1_197' title='bbox 423 1104 553 1139; x_wconf 82' lang='lat' dir='ltr'>proticisci</span> <span class='ocrx_word' id='word_1_198' title='bbox 569 1103 698 1140; x_wconf 79' lang='lat' dir='ltr'>placeret:</span> <span class='ocrx_word' id='word_1_199' title='bbox 721 1104 858 1140; x_wconf 79' lang='lat' dir='ltr'>delegisti.</span> <span class='ocrx_word' id='word_1_200' title='bbox 876 1113 944 1139; x_wconf 87' lang='lat' dir='ltr'>quos</span> <span class='ocrx_word' id='word_1_201' title='bbox 955 1104 1008 1130; x_wconf 83' lang='lat' dir='ltr'>Ro-</span> 
     </span>
     <span class='ocr_line' id='line_1_28' title="bbox 212 1141 1006 1177; baseline 0 -9"><span class='ocrx_word' id='word_1_202' title='bbox 212 1150 269 1167; x_wconf 88' lang='lat' dir='ltr'>mae</span> <span class='ocrx_word' id='word_1_203' title='bbox 286 1141 465 1176; x_wconf 81' lang='lat' dir='ltr'>relinqueres,</span> <span class='ocrx_word' id='word_1_204' title='bbox 488 1150 555 1177; x_wconf 87' lang='lat' dir='ltr'>quos</span> <span class='ocrx_word' id='word_1_205' title='bbox 572 1146 658 1168; x_wconf 89' lang='lat' dir='ltr'>tecum</span> <span class='ocrx_word' id='word_1_206' title='bbox 675 1141 816 1168; x_wconf 80' lang='lat' dir='ltr'>educeres:</span> <span class='ocrx_word' id='word_1_207' title='bbox 839 1142 1006 1176; x_wconf 83' lang='lat' dir='ltr'>descripsisti</span> 
     </span>
     <span class='ocr_line' id='line_1_29' title="bbox 211 1179 1006 1214; baseline 0.001 -9"><span class='ocrx_word' id='word_1_208' title='bbox 211 1179 289 1205; x_wconf 86' lang='lat' dir='ltr'>Urbis</span> <span class='ocrx_word' id='word_1_209' title='bbox 302 1183 389 1214; x_wconf 89' lang='lat' dir='ltr'>partes</span> <span class='ocrx_word' id='word_1_210' title='bbox 401 1179 434 1205; x_wconf 85' lang='lat' dir='ltr'>ad</span> <span class='ocrx_word' id='word_1_211' title='bbox 451 1179 586 1206; x_wconf 84' lang='lat' dir='ltr'>incendia:</span> <span class='ocrx_word' id='word_1_212' title='bbox 609 1179 786 1211; x_wconf 83' lang='lat' dir='ltr'>confirmasti,</span> <span class='ocrx_word' id='word_1_213' title='bbox 806 1184 829 1206; x_wconf 92' lang='lat' dir='ltr'>te</span> <span class='ocrx_word' id='word_1_214' title='bbox 846 1180 936 1214; x_wconf 89' lang='lat' dir='ltr'>ipsum</span> <span class='ocrx_word' id='word_1_215' title='bbox 954 1179 1006 1205; x_wconf 82' lang='lat' dir='ltr'>iam</span> 
     </span>
    </p>
   </div>
   <div class='ocr_carea' id='block_1_7' title="bbox 211 1216 1037 1251">
    <p class='ocr_par' dir='ltr' id='par_1_7' title="bbox 211 1216 1037 1251">
     <span class='ocr_line' id='line_1_30' title="bbox 211 1216 1037 1251; baseline 0 -9"><span class='ocrx_word' id='word_1_216' title='bbox 211 1225 269 1242; x_wconf 88' lang='lat' dir='ltr'>csse</span> <span class='ocrx_word' id='word_1_217' title='bbox 281 1217 430 1243; x_wconf 87' lang='lat' dir='ltr'>exiturum:</span> <span class='ocrx_word' id='word_1_218' title='bbox 444 1216 537 1243; x_wconf 83' lang='lat' dir='ltr'>dixisti</span> <span class='ocrx_word' id='word_1_219' title='bbox 549 1216 701 1251; x_wconf 85' lang='lat' dir='ltr'>paullulum</span> <span class='ocrx_word' id='word_1_220' title='bbox 714 1217 761 1243; x_wconf 90' lang='lat' dir='ltr'>tibi</span> <span class='ocrx_word' id='word_1_221' title='bbox 773 1225 832 1243; x_wconf 89' lang='lat' dir='ltr'>esse</span> <span class='ocrx_word' id='word_1_222' title='bbox 843 1217 922 1244; x_wconf 88' lang='lat' dir='ltr'>etiam</span> <span class='ocrx_word' id='word_1_223' title='bbox 935 1225 1006 1243; x_wconf 87' lang='lat' dir='ltr'>nunc</span> <span class='ocrx_word' id='word_1_224' title='bbox 1036 1240 1037 1246; x_wconf 68' lang='grc'>,</span> 
     </span>
    </p>
   </div>
   <div class='ocr_carea' id='block_1_8' title="bbox 204 1253 1006 2149">
    <p class='ocr_par' dir='ltr' id='par_1_8' title="bbox 206 1253 1006 1588">
     <span class='ocr_line' id='line_1_31' title="bbox 210 1253 1006 1290; baseline 0.001 -11"><span class='ocrx_word' id='word_1_225' title='bbox 210 1262 311 1285; x_wconf 84' lang='lat' dir='ltr'>morae,</span> <span class='ocrx_word' id='word_1_226' title='bbox 328 1253 400 1289; x_wconf 91' lang='lat' dir='ltr'>quod</span> <span class='ocrx_word' id='word_1_227' title='bbox 416 1262 465 1290; x_wconf 86' lang='lat' dir='ltr'>ego</span> <span class='ocrx_word' id='word_1_228' title='bbox 477 1254 604 1281; x_wconf 86' lang='lat' dir='ltr'>viverem.</span> <span class='ocrx_word' id='word_1_229' title='bbox 645 1254 751 1289; x_wconf 84' lang='lat' dir='ltr'>Reperti</span> <span class='ocrx_word' id='word_1_230' title='bbox 762 1259 825 1281; x_wconf 87' lang='lat' dir='ltr'>sunt</span> <span class='ocrx_word' id='word_1_231' title='bbox 836 1254 890 1281; x_wconf 89' lang='lat' dir='ltr'>duo</span> <span class='ocrx_word' id='word_1_232' title='bbox 901 1255 1006 1289; x_wconf 80' lang='lat' dir='ltr'>equites</span> 
     </span>
     <span class='ocr_line' id='line_1_32' title="bbox 210 1291 1005 1326; baseline 0.001 -9"><span class='ocrx_word' id='word_1_233' title='bbox 210 1291 335 1322; x_wconf 79' lang='lat' dir='ltr'>Romani,</span> <span class='ocrx_word' id='word_1_234' title='bbox 357 1291 404 1326; x_wconf 89' lang='lat' dir='ltr'>qui</span> <span class='ocrx_word' id='word_1_235' title='bbox 422 1296 445 1318; x_wconf 92' lang='lat' dir='ltr'>te</span> <span class='ocrx_word' id='word_1_236' title='bbox 461 1292 511 1318; x_wconf 90' lang='lat' dir='ltr'>ista</span> <span class='ocrx_word' id='word_1_237' title='bbox 527 1300 589 1318; x_wconf 91' lang='lat' dir='ltr'>cura</span> <span class='ocrx_word' id='word_1_238' title='bbox 607 1291 762 1322; x_wconf 86' lang='lat' dir='ltr'>liberarent,</span> <span class='ocrx_word' id='word_1_239' title='bbox 784 1296 809 1318; x_wconf 89' lang='lat' dir='ltr'>et</span> <span class='ocrx_word' id='word_1_240' title='bbox 820 1300 878 1318; x_wconf 89' lang='lat' dir='ltr'>sese</span> <span class='ocrx_word' id='word_1_241' title='bbox 891 1291 934 1318; x_wconf 88' lang='lat' dir='ltr'>illa</span> <span class='ocrx_word' id='word_1_242' title='bbox 948 1292 1005 1326; x_wconf 85' lang='lat' dir='ltr'>ipsa</span> 
     </span>
     <span class='ocr_line' id='line_1_33' title="bbox 210 1328 1006 1363; baseline 0.001 -9"><span class='ocrx_word' id='word_1_243' title='bbox 210 1333 284 1354; x_wconf 89' lang='lat' dir='ltr'>nocte</span> <span class='ocrx_word' id='word_1_244' title='bbox 301 1328 390 1363; x_wconf 91' lang='lat' dir='ltr'>paullo</span> <span class='ocrx_word' id='word_1_245' title='bbox 406 1333 466 1355; x_wconf 88' lang='lat' dir='ltr'>ante</span> <span class='ocrx_word' id='word_1_246' title='bbox 479 1328 565 1355; x_wconf 92' lang='lat' dir='ltr'>lucem</span> <span class='ocrx_word' id='word_1_247' title='bbox 578 1338 620 1355; x_wconf 85' lang='lat' dir='ltr'>me</span> <span class='ocrx_word' id='word_1_248' title='bbox 631 1338 690 1356; x_wconf 91' lang='lat' dir='ltr'>meo</span> <span class='ocrx_word' id='word_1_249' title='bbox 701 1330 727 1355; x_wconf 93' lang='lat' dir='ltr'>in</span> <span class='ocrx_word' id='word_1_250' title='bbox 741 1328 838 1356; x_wconf 89' lang='lat' dir='ltr'>lectulo</span> <span class='ocrx_word' id='word_1_251' title='bbox 850 1328 1006 1355; x_wconf 86' lang='lat' dir='ltr'>intersectu-</span> 
     </span>
     <span class='ocr_line' id='line_1_34' title="bbox 209 1365 1004 1402; baseline 0.001 -11"><span class='ocrx_word' id='word_1_252' title='bbox 209 1374 250 1391; x_wconf 68' lang='grc' dir='ltr'>νος</span> <span class='ocrx_word' id='word_1_253' title='bbox 263 1365 460 1400; x_wconf 84' lang='lat' dir='ltr'>pollicerentur.</span> <span class='ocrx_word' id='word_1_254' title='bbox 484 1368 524 1392; x_wconf 82' lang='lat' dir='ltr'>to.</span> <span class='ocrx_word' id='word_1_255' title='bbox 541 1366 610 1392; x_wconf 83' lang='lat' dir='ltr'>Haec</span> <span class='ocrx_word' id='word_1_256' title='bbox 620 1375 669 1402; x_wconf 85' lang='lat' dir='ltr'>ego</span> <span class='ocrx_word' id='word_1_257' title='bbox 679 1367 782 1398; x_wconf 89' lang='lat' dir='ltr'>omnia,</span> <span class='ocrx_word' id='word_1_258' title='bbox 800 1366 913 1393; x_wconf 85' lang='lat' dir='ltr'>vixdum</span> <span class='ocrx_word' id='word_1_259' title='bbox 925 1367 1004 1393; x_wconf 87' lang='lat' dir='ltr'>etiam</span> 
     </span>
     <span class='ocr_line' id='line_1_35' title="bbox 207 1403 1006 1438; baseline 0.001 -9"><span class='ocrx_word' id='word_1_260' title='bbox 207 1407 283 1429; x_wconf 88' lang='lat' dir='ltr'>coetu</span> <span class='ocrx_word' id='word_1_261' title='bbox 297 1407 384 1429; x_wconf 87' lang='lat' dir='ltr'>vestro</span> <span class='ocrx_word' id='word_1_262' title='bbox 395 1403 518 1434; x_wconf 86' lang='lat' dir='ltr'>dimisso,</span> <span class='ocrx_word' id='word_1_263' title='bbox 531 1405 662 1438; x_wconf 90' lang='lat' dir='ltr'>comperi:</span> <span class='ocrx_word' id='word_1_264' title='bbox 675 1404 786 1430; x_wconf 89' lang='lat' dir='ltr'>domum</span> <span class='ocrx_word' id='word_1_265' title='bbox 798 1412 884 1430; x_wconf 86' lang='lat' dir='ltr'>meam</span> <span class='ocrx_word' id='word_1_266' title='bbox 896 1404 1006 1430; x_wconf 87' lang='lat' dir='ltr'>maiori-</span> 
     </span>
     <span class='ocr_line' id='line_1_36' title="bbox 208 1440 1002 1476; baseline 0.003 -10"><span class='ocrx_word' id='word_1_267' title='bbox 208 1440 259 1466; x_wconf 90' lang='lat' dir='ltr'>bus</span> <span class='ocrx_word' id='word_1_268' title='bbox 280 1440 421 1475; x_wconf 83' lang='lat' dir='ltr'>praesidiis</span> <span class='ocrx_word' id='word_1_269' title='bbox 442 1441 546 1467; x_wconf 90' lang='lat' dir='ltr'>munivi</span> <span class='ocrx_word' id='word_1_270' title='bbox 567 1446 647 1476; x_wconf 83' lang='lat' dir='ltr'>atque</span> <span class='ocrx_word' id='word_1_271' title='bbox 668 1441 786 1468; x_wconf 80' lang='lat' dir='ltr'>firmavi:</span> <span class='ocrx_word' id='word_1_272' title='bbox 819 1441 921 1468; x_wconf 88' lang='lat' dir='ltr'>exclusi</span> <span class='ocrx_word' id='word_1_273' title='bbox 947 1450 1002 1473; x_wconf 71' lang='grc' dir='ltr'>θος,</span> 
     </span>
     <span class='ocr_line' id='line_1_37' title="bbox 207 1478 1004 1514; baseline 0.003 -11"><span class='ocrx_word' id='word_1_274' title='bbox 207 1483 314 1512; x_wconf 84' lang='lat' dir='ltr'>questu</span> <span class='ocrx_word' id='word_1_275' title='bbox 327 1487 404 1504; x_wconf 86' lang='lat' dir='ltr'>mane</span> <span class='ocrx_word' id='word_1_276' title='bbox 416 1478 447 1504; x_wconf 91' lang='lat' dir='ltr'>ad</span> <span class='ocrx_word' id='word_1_277' title='bbox 460 1487 502 1504; x_wconf 90' lang='lat' dir='ltr'>me</span> <span class='ocrx_word' id='word_1_278' title='bbox 514 1478 659 1505; x_wconf 90' lang='lat' dir='ltr'>salutatum</span> <span class='ocrx_word' id='word_1_279' title='bbox 672 1479 887 1514; x_wconf 84' lang='lat' dir='ltr'>miseras,quum</span> <span class='ocrx_word' id='word_1_280' title='bbox 899 1478 939 1505; x_wconf 91' lang='lat' dir='ltr'>illi</span> <span class='ocrx_word' id='word_1_281' title='bbox 951 1479 1004 1514; x_wconf 87' lang='lat' dir='ltr'>ipsi</span> 
     </span>
     <span class='ocr_line' id='line_1_38' title="bbox 207 1515 1004 1551; baseline 0.003 -10"><span class='ocrx_word' id='word_1_282' title='bbox 207 1515 353 1546; x_wconf 78' lang='lat' dir='ltr'>venissent.</span> <span class='ocrx_word' id='word_1_283' title='bbox 362 1524 430 1550; x_wconf 89' lang='lat' dir='ltr'>quos</span> <span class='ocrx_word' id='word_1_284' title='bbox 441 1524 490 1551; x_wconf 88' lang='lat' dir='ltr'>ego</span> <span class='ocrx_word' id='word_1_285' title='bbox 502 1516 554 1542; x_wconf 90' lang='lat' dir='ltr'>iam</span> <span class='ocrx_word' id='word_1_286' title='bbox 566 1516 660 1543; x_wconf 92' lang='lat' dir='ltr'>multis</span> <span class='ocrx_word' id='word_1_287' title='bbox 671 1525 701 1543; x_wconf 82' lang='lat' dir='ltr'>ac</span> <span class='ocrx_word' id='word_1_288' title='bbox 712 1516 828 1543; x_wconf 88' lang='lat' dir='ltr'>summis</span> <span class='ocrx_word' id='word_1_289' title='bbox 839 1517 905 1543; x_wconf 90' lang='lat' dir='ltr'>viris</span> <span class='ocrx_word' id='word_1_290' title='bbox 916 1516 950 1543; x_wconf 85' lang='lat' dir='ltr'>ad</span> <span class='ocrx_word' id='word_1_291' title='bbox 961 1525 1004 1543; x_wconf 90' lang='lat' dir='ltr'>me</span> 
     </span>
     <span class='ocr_line' id='line_1_39' title="bbox 206 1552 787 1588; baseline 0.003 -10"><span class='ocrx_word' id='word_1_292' title='bbox 206 1552 233 1579; x_wconf 90' lang='lat' dir='ltr'>id</span> <span class='ocrx_word' id='word_1_293' title='bbox 247 1553 372 1588; x_wconf 87' lang='lat' dir='ltr'>temporis</span> <span class='ocrx_word' id='word_1_294' title='bbox 385 1557 510 1580; x_wconf 88' lang='lat' dir='ltr'>venturos</span> <span class='ocrx_word' id='word_1_295' title='bbox 522 1562 580 1580; x_wconf 89' lang='lat' dir='ltr'>esse</span> <span class='ocrx_word' id='word_1_296' title='bbox 592 1553 787 1588; x_wconf 86' lang='lat' dir='ltr'>praedixeram.</span> 
     </span>
    </p>

    <p class='ocr_par' dir='ltr' id='par_1_9' title="bbox 204 1589 1004 2149">
     <span class='ocr_line' id='line_1_40' title="bbox 263 1589 1004 1627; baseline 0.001 -11"><span class='ocrx_word' id='word_1_297' title='bbox 263 1591 293 1616; x_wconf 92' lang='lat' dir='ltr'>V.</span> <span class='ocrx_word' id='word_1_298' title='bbox 316 1589 390 1622; x_wconf 86' lang='lat' dir='ltr'>Quae</span> <span class='ocrx_word' id='word_1_299' title='bbox 401 1599 487 1625; x_wconf 90' lang='lat' dir='ltr'>quum</span> <span class='ocrx_word' id='word_1_300' title='bbox 499 1591 533 1617; x_wconf 91' lang='lat' dir='ltr'>ita</span> <span class='ocrx_word' id='word_1_301' title='bbox 546 1591 607 1622; x_wconf 88' lang='lat' dir='ltr'>sint,</span> <span class='ocrx_word' id='word_1_302' title='bbox 622 1591 743 1622; x_wconf 82' lang='lat' dir='ltr'>Catilina.</span> <span class='ocrx_word' id='word_1_303' title='bbox 758 1599 838 1627; x_wconf 85' lang='lat' dir='ltr'>perge</span> <span class='ocrx_word' id='word_1_304' title='bbox 849 1599 904 1626; x_wconf 89' lang='lat' dir='ltr'>quo</span> <span class='ocrx_word' id='word_1_305' title='bbox 914 1591 1004 1626; x_wconf 89' lang='lat' dir='ltr'>coepi-</span> 
     </span>
     <span class='ocr_line' id='line_1_41' title="bbox 206 1627 1004 1663; baseline 0.001 -10"><span class='ocrx_word' id='word_1_306' title='bbox 206 1628 254 1653; x_wconf 78' lang='lat' dir='ltr'>sti:</span> <span class='ocrx_word' id='word_1_307' title='bbox 272 1627 397 1663; x_wconf 78' lang='lat' dir='ltr'>egredere</span> <span class='ocrx_word' id='word_1_308' title='bbox 408 1627 552 1663; x_wconf 88' lang='lat' dir='ltr'>aliquando</span> <span class='ocrx_word' id='word_1_309' title='bbox 563 1637 596 1654; x_wconf 87' lang='lat' dir='ltr'>ex</span> <span class='ocrx_word' id='word_1_310' title='bbox 607 1628 690 1655; x_wconf 87' lang='lat' dir='ltr'>Urbe:</span> <span class='ocrx_word' id='word_1_311' title='bbox 704 1633 795 1663; x_wconf 88' lang='lat' dir='ltr'>patent</span> <span class='ocrx_word' id='word_1_312' title='bbox 806 1633 909 1663; x_wconf 87' lang='lat' dir='ltr'>portae:</span> <span class='ocrx_word' id='word_1_313' title='bbox 923 1628 1004 1663; x_wconf 82' lang='lat' dir='ltr'>profi-</span> 
     </span>
     <span class='ocr_line' id='line_1_42' title="bbox 206 1665 1002 1700; baseline 0.003 -10"><span class='ocrx_word' id='word_1_314' title='bbox 206 1665 320 1690; x_wconf 85' lang='lat' dir='ltr'>ciscere:</span> <span class='ocrx_word' id='word_1_315' title='bbox 338 1665 452 1691; x_wconf 90' lang='lat' dir='ltr'>nimium</span> <span class='ocrx_word' id='word_1_316' title='bbox 465 1665 511 1691; x_wconf 91' lang='lat' dir='ltr'>diu</span> <span class='ocrx_word' id='word_1_317' title='bbox 523 1670 548 1691; x_wconf 87' lang='lat' dir='ltr'>te</span> <span class='ocrx_word' id='word_1_318' title='bbox 559 1665 744 1700; x_wconf 84' lang='lat' dir='ltr'>imperatorem</span> <span class='ocrx_word' id='word_1_319' title='bbox 757 1665 802 1692; x_wconf 90' lang='lat' dir='ltr'>illa</span> <span class='ocrx_word' id='word_1_320' title='bbox 815 1670 858 1692; x_wconf 90' lang='lat' dir='ltr'>tua</span> <span class='ocrx_word' id='word_1_321' title='bbox 870 1665 1002 1692; x_wconf 86' lang='lat' dir='ltr'>Manliana</span> 
     </span>
     <span class='ocr_line' id='line_1_43' title="bbox 205 1701 1001 1736; baseline 0.003 -9"><span class='ocrx_word' id='word_1_322' title='bbox 205 1707 289 1728; x_wconf 78' lang='lat' dir='ltr'>castra</span> <span class='ocrx_word' id='word_1_323' title='bbox 305 1701 471 1728; x_wconf 87' lang='lat' dir='ltr'>desiderant:</span> <span class='ocrx_word' id='word_1_324' title='bbox 493 1702 562 1729; x_wconf 87' lang='lat' dir='ltr'>educ</span> <span class='ocrx_word' id='word_1_325' title='bbox 577 1707 665 1729; x_wconf 86' lang='lat' dir='ltr'>tecum</span> <span class='ocrx_word' id='word_1_326' title='bbox 681 1703 762 1729; x_wconf 85' lang='lat' dir='ltr'>etiam</span> <span class='ocrx_word' id='word_1_327' title='bbox 777 1711 870 1729; x_wconf 89' lang='lat' dir='ltr'>omnes</span> <span class='ocrx_word' id='word_1_328' title='bbox 882 1707 956 1736; x_wconf 66' lang='lat' dir='ltr'>tuos,</span> <span class='ocrx_word' id='word_1_329' title='bbox 979 1703 1001 1728; x_wconf 88' lang='lat' dir='ltr'>si</span> 
     </span>
     <span class='ocr_line' id='line_1_44' title="bbox 206 1739 1002 1776; baseline 0.001 -11"><span class='ocrx_word' id='word_1_330' title='bbox 206 1739 311 1769; x_wconf 76' lang='lat' dir='ltr'>miuus,</span> <span class='ocrx_word' id='word_1_331' title='bbox 334 1747 415 1774; x_wconf 92' lang='lat' dir='ltr'>quam</span> <span class='ocrx_word' id='word_1_332' title='bbox 437 1739 582 1774; x_wconf 90' lang='lat' dir='ltr'>plurimos:</span> <span class='ocrx_word' id='word_1_333' title='bbox 605 1748 689 1775; x_wconf 87' lang='lat' dir='ltr'>purga</span> <span class='ocrx_word' id='word_1_334' title='bbox 706 1740 818 1766; x_wconf 88' lang='lat' dir='ltr'>Urbem:</span> <span class='ocrx_word' id='word_1_335' title='bbox 841 1748 939 1776; x_wconf 88' lang='lat' dir='ltr'>magno</span> <span class='ocrx_word' id='word_1_336' title='bbox 959 1748 1002 1766; x_wconf 88' lang='lat' dir='ltr'>me</span> 
     </span>
     <span class='ocr_line' id='line_1_45' title="bbox 206 1775 1003 1812; baseline 0.001 -10"><span class='ocrx_word' id='word_1_337' title='bbox 206 1780 279 1802; x_wconf 89' lang='lat' dir='ltr'>metu</span> <span class='ocrx_word' id='word_1_338' title='bbox 292 1775 582 1807; x_wconf 79' lang='lat' dir='ltr'>liberabis‚d11mmodo</span> <span class='ocrx_word' id='word_1_339' title='bbox 593 1777 662 1804; x_wconf 90' lang='lat' dir='ltr'>inter</span> <span class='ocrx_word' id='word_1_340' title='bbox 674 1786 715 1803; x_wconf 83' lang='lat' dir='ltr'>me</span> <span class='ocrx_word' id='word_1_341' title='bbox 727 1782 806 1812; x_wconf 88' lang='lat' dir='ltr'>atque</span> <span class='ocrx_word' id='word_1_342' title='bbox 818 1782 842 1803; x_wconf 86' lang='lat' dir='ltr'>te</span> <span class='ocrx_word' id='word_1_343' title='bbox 853 1786 948 1804; x_wconf 90' lang='lat' dir='ltr'>murus</span> <span class='ocrx_word' id='word_1_344' title='bbox 961 1777 1003 1804; x_wconf 93' lang='lat' dir='ltr'>in-</span> 
     </span>
     <span class='ocr_line' id='line_1_46' title="bbox 206 1813 1001 1849; baseline 0.003 -10"><span class='ocrx_word' id='word_1_345' title='bbox 206 1813 289 1839; x_wconf 83' lang='lat' dir='ltr'>tersit.</span> <span class='ocrx_word' id='word_1_346' title='bbox 330 1813 477 1840; x_wconf 90' lang='lat' dir='ltr'>Nobiscum</span> <span class='ocrx_word' id='word_1_347' title='bbox 492 1814 591 1840; x_wconf 86' lang='lat' dir='ltr'>versari</span> <span class='ocrx_word' id='word_1_348' title='bbox 602 1815 655 1840; x_wconf 90' lang='lat' dir='ltr'>iam</span> <span class='ocrx_word' id='word_1_349' title='bbox 667 1815 771 1841; x_wconf 91' lang='lat' dir='ltr'>diutius</span> <span class='ocrx_word' id='word_1_350' title='bbox 783 1823 835 1841; x_wconf 92' lang='lat' dir='ltr'>non</span> <span class='ocrx_word' id='word_1_351' title='bbox 847 1819 935 1849; x_wconf 83' lang='lat' dir='ltr'>potes.-</span> <span class='ocrx_word' id='word_1_352' title='bbox 951 1823 1001 1841; x_wconf 91' lang='lat' dir='ltr'>non</span> 
     </span>
     <span class='ocr_line' id='line_1_47' title="bbox 206 1849 1002 1887; baseline 0.003 -11"><span class='ocrx_word' id='word_1_353' title='bbox 206 1849 298 1881; x_wconf 84' lang='lat' dir='ltr'>seram,</span> <span class='ocrx_word' id='word_1_354' title='bbox 312 1859 363 1877; x_wconf 85' lang='lat' dir='ltr'>non</span> <span class='ocrx_word' id='word_1_355' title='bbox 376 1851 468 1885; x_wconf 89' lang='lat' dir='ltr'>patiar,</span> <span class='ocrx_word' id='word_1_356' title='bbox 482 1860 535 1878; x_wconf 90' lang='lat' dir='ltr'>non</span> <span class='ocrx_word' id='word_1_357' title='bbox 547 1852 643 1878; x_wconf 84' lang='lat' dir='ltr'>sinam.</span> <span class='ocrx_word' id='word_1_358' title='bbox 669 1853 708 1878; x_wconf 79' lang='lat' dir='ltr'>tt.</span> <span class='ocrx_word' id='word_1_359' title='bbox 720 1852 815 1887; x_wconf 82' lang='lat' dir='ltr'>Magna</span> <span class='ocrx_word' id='word_1_360' title='bbox 827 1852 879 1878; x_wconf 89' lang='lat' dir='ltr'>diis</span> <span class='ocrx_word' id='word_1_361' title='bbox 891 1852 1002 1878; x_wconf 90' lang='lat' dir='ltr'>immor-</span> 
     </span>
     <span class='ocr_line' id='line_1_48' title="bbox 206 1887 998 1924; baseline 0.004 -11"><span class='ocrx_word' id='word_1_362' title='bbox 206 1887 305 1914; x_wconf 83' lang='lat' dir='ltr'>talibus</span> <span class='ocrx_word' id='word_1_363' title='bbox 318 1887 438 1914; x_wconf 87' lang='lat' dir='ltr'>habenda</span> <span class='ocrx_word' id='word_1_364' title='bbox 451 1893 491 1914; x_wconf 86' lang='lat' dir='ltr'>est</span> <span class='ocrx_word' id='word_1_365' title='bbox 501 1889 585 1924; x_wconf 85' lang='lat' dir='ltr'>gratia</span> <span class='ocrx_word' id='word_1_366' title='bbox 597 1893 676 1924; x_wconf 88' lang='lat' dir='ltr'>atque</span> <span class='ocrx_word' id='word_1_367' title='bbox 688 1889 752 1915; x_wconf 89' lang='lat' dir='ltr'>huic</span> <span class='ocrx_word' id='word_1_368' title='bbox 762 1889 815 1924; x_wconf 93' lang='lat' dir='ltr'>ipsi</span> <span class='ocrx_word' id='word_1_369' title='bbox 826 1889 882 1916; x_wconf 90' lang='lat' dir='ltr'>Iovi</span> <span class='ocrx_word' id='word_1_370' title='bbox 893 1889 998 1921; x_wconf 83' lang='lat' dir='ltr'>Statori,</span> 
     </span>
     <span class='ocr_line' id='line_1_49' title="bbox 205 1925 1002 1961; baseline 0.003 -10"><span class='ocrx_word' id='word_1_371' title='bbox 205 1925 394 1960; x_wconf 86' lang='lat' dir='ltr'>antiquissimo</span> <span class='ocrx_word' id='word_1_372' title='bbox 405 1925 509 1951; x_wconf 89' lang='lat' dir='ltr'>custodi</span> <span class='ocrx_word' id='word_1_373' title='bbox 522 1925 603 1952; x_wconf 87' lang='lat' dir='ltr'>buius</span> <span class='ocrx_word' id='word_1_374' title='bbox 616 1926 704 1957; x_wconf 78' lang='lat' dir='ltr'>urbis.</span> <span class='ocrx_word' id='word_1_375' title='bbox 718 1926 790 1961; x_wconf 91' lang='lat' dir='ltr'>quod</span> <span class='ocrx_word' id='word_1_376' title='bbox 803 1926 871 1953; x_wconf 86' lang='lat' dir='ltr'>hanc</span> <span class='ocrx_word' id='word_1_377' title='bbox 883 1931 935 1953; x_wconf 91' lang='lat' dir='ltr'>tam</span> <span class='ocrx_word' id='word_1_378' title='bbox 948 1932 1002 1953; x_wconf 81' lang='lat' dir='ltr'>tae·</span> 
     </span>
     <span class='ocr_line' id='line_1_50' title="bbox 205 1962 1002 1999; baseline 0.003 -11"><span class='ocrx_word' id='word_1_379' title='bbox 205 1967 280 1993; x_wconf 90' lang='lat' dir='ltr'>tram,</span> <span class='ocrx_word' id='word_1_380' title='bbox 290 1966 342 1988; x_wconf 87' lang='lat' dir='ltr'>tam</span> <span class='ocrx_word' id='word_1_381' title='bbox 355 1962 510 1989; x_wconf 87' lang='lat' dir='ltr'>horribilem</span> <span class='ocrx_word' id='word_1_382' title='bbox 524 1967 631 1998; x_wconf 88' lang='lat' dir='ltr'>tamque</span> <span class='ocrx_word' id='word_1_383' title='bbox 643 1963 767 1990; x_wconf 82' lang='lat' dir='ltr'>infestam</span> <span class='ocrx_word' id='word_1_384' title='bbox 778 1963 943 1999; x_wconf 89' lang='lat' dir='ltr'>reipublicae</span> <span class='ocrx_word' id='word_1_385' title='bbox 954 1973 1002 1999; x_wconf 90' lang='lat' dir='ltr'>pe-</span> 
     </span>
     <span class='ocr_line' id='line_1_51' title="bbox 204 1999 1002 2036; baseline 0.004 -11"><span class='ocrx_word' id='word_1_386' title='bbox 204 2004 271 2026; x_wconf 83' lang='lat' dir='ltr'>stem</span> <span class='ocrx_word' id='word_1_387' title='bbox 284 1999 361 2025; x_wconf 87' lang='lat' dir='ltr'>toties</span> <span class='ocrx_word' id='word_1_388' title='bbox 372 2000 424 2025; x_wconf 87' lang='lat' dir='ltr'>iam</span> <span class='ocrx_word' id='word_1_389' title='bbox 437 1999 590 2036; x_wconf 76' lang='lat' dir='ltr'>effugimus.</span> <span class='ocrx_word' id='word_1_390' title='bbox 613 2001 670 2028; x_wconf 86' lang='lat' dir='ltr'>Non</span> <span class='ocrx_word' id='word_1_391' title='bbox 681 2005 721 2027; x_wconf 89' lang='lat' dir='ltr'>est</span> <span class='ocrx_word' id='word_1_392' title='bbox 731 2001 840 2035; x_wconf 83' lang='lat' dir='ltr'>saepius</span> <span class='ocrx_word' id='word_1_393' title='bbox 853 2002 879 2027; x_wconf 93' lang='lat' dir='ltr'>in</span> <span class='ocrx_word' id='word_1_394' title='bbox 890 2010 944 2028; x_wconf 90' lang='lat' dir='ltr'>uno</span> <span class='ocrx_word' id='word_1_395' title='bbox 954 2001 1002 2028; x_wconf 88' lang='lat' dir='ltr'>ho-</span> 
     </span>
     <span class='ocr_line' id='line_1_52' title="bbox 205 2036 1002 2073; baseline 0.004 -11"><span class='ocrx_word' id='word_1_396' title='bbox 205 2037 277 2063; x_wconf 88' lang='lat' dir='ltr'>mine</span> <span class='ocrx_word' id='word_1_397' title='bbox 287 2045 392 2063; x_wconf 87' lang='lat' dir='ltr'>summa</span> <span class='ocrx_word' id='word_1_398' title='bbox 404 2036 477 2063; x_wconf 85' lang='lat' dir='ltr'>salus</span> <span class='ocrx_word' id='word_1_399' title='bbox 489 2037 661 2072; x_wconf 88' lang='lat' dir='ltr'>periclitanda</span> <span class='ocrx_word' id='word_1_400' title='bbox 672 2038 844 2073; x_wconf 88' lang='lat' dir='ltr'>reipublicae.</span> <span class='ocrx_word' id='word_1_401' title='bbox 866 2038 1002 2071; x_wconf 84' lang='lat' dir='ltr'>Quamdiu</span> 
     </span>
     <span class='ocr_line' id='line_1_53' title="bbox 204 2074 1001 2110; baseline 0.003 -10"><span class='ocrx_word' id='word_1_402' title='bbox 204 2074 285 2105; x_wconf 88' lang='lat' dir='ltr'>mibi,</span> <span class='ocrx_word' id='word_1_403' title='bbox 303 2074 407 2100; x_wconf 90' lang='lat' dir='ltr'>consuli</span> <span class='ocrx_word' id='word_1_404' title='bbox 419 2074 570 2110; x_wconf 79' lang='lat' dir='ltr'>designato.</span> <span class='ocrx_word' id='word_1_405' title='bbox 588 2075 714 2106; x_wconf 80' lang='lat' dir='ltr'>Catilina,</span> <span class='ocrx_word' id='word_1_406' title='bbox 732 2076 877 2102; x_wconf 82' lang='lat' dir='ltr'>insidiatus</span> <span class='ocrx_word' id='word_1_407' title='bbox 888 2085 930 2107; x_wconf 88' lang='lat' dir='ltr'>es,</span> <span class='ocrx_word' id='word_1_408' title='bbox 948 2085 1001 2103; x_wconf 94' lang='lat' dir='ltr'>non</span> 
     </span>
     <span class='ocr_line' id='line_1_54' title="bbox 204 2111 1000 2149; baseline 0.004 -12"><span class='ocrx_word' id='word_1_409' title='bbox 204 2111 313 2146; x_wconf 88' lang='lat' dir='ltr'>publico</span> <span class='ocrx_word' id='word_1_410' title='bbox 325 2121 366 2138; x_wconf 79' lang='lat' dir='ltr'>me</span> <span class='ocrx_word' id='word_1_411' title='bbox 382 2112 528 2146; x_wconf 79' lang='lat' dir='ltr'>praesidio,</span> <span class='ocrx_word' id='word_1_412' title='bbox 546 2112 593 2139; x_wconf 85' lang='lat' dir='ltr'>sed</span> <span class='ocrx_word' id='word_1_413' title='bbox 608 2113 711 2148; x_wconf 83' lang='lat' dir='ltr'>privata</span> <span class='ocrx_word' id='word_1_414' title='bbox 727 2112 866 2149; x_wconf 83' lang='lat' dir='ltr'>diligentia</span> <span class='ocrx_word' id='word_1_415' title='bbox 881 2113 1000 2140; x_wconf 76' lang='lat' dir='ltr'>defendi.</span> 
     </span>
    </p>
   </div>
   <div class='ocr_carea' id='block_1_9' title="bbox 203 2148 1024 2184">
    <p class='ocr_par' dir='ltr' id='par_1_10' title="bbox 203 2148 1024 2184">
     <span class='ocr_line' id='line_1_55' title="bbox 203 2148 1024 2184; baseline 0.002 -10"><span class='ocrx_word' id='word_1_416' title='bbox 203 2148 292 2181; x_wconf 87' lang='lat' dir='ltr'>Quum</span> <span class='ocrx_word' id='word_1_417' title='bbox 304 2149 434 2184; x_wconf 86' lang='lat' dir='ltr'>proximis</span> <span class='ocrx_word' id='word_1_418' title='bbox 446 2150 561 2176; x_wconf 86' lang='lat' dir='ltr'>comitiis</span> <span class='ocrx_word' id='word_1_419' title='bbox 572 2150 759 2177; x_wconf 89' lang='lat' dir='ltr'>consularibus</span> <span class='ocrx_word' id='word_1_420' title='bbox 769 2159 813 2177; x_wconf 87' lang='lat' dir='ltr'>me</span> <span class='ocrx_word' id='word_1_421' title='bbox 823 2151 961 2178; x_wconf 89' lang='lat' dir='ltr'>consulem</span> <span class='ocrx_word' id='word_1_422' title='bbox 974 2152 1001 2178; x_wconf 87' lang='lat' dir='ltr'>in</span> <span class='ocrx_word' id='word_1_423' title='bbox 1023 2173 1024 2176; x_wconf 74' lang='grc'>,</span> 
     </span>
    </p>
   </div>
   <div class='ocr_carea' id='block_1_10' title="bbox 202 2187 1002 2709">
    <p class='ocr_par' dir='ltr' id='par_1_11' title="bbox 202 2187 1002 2518">
     <span class='ocr_line' id='line_1_56' title="bbox 203 2187 1002 2221; baseline 0.004 -9"><span class='ocrx_word' id='word_1_424' title='bbox 203 2194 297 2221; x_wconf 86' lang='lat' dir='ltr'>campo</span> <span class='ocrx_word' id='word_1_425' title='bbox 309 2191 333 2212; x_wconf 91' lang='lat' dir='ltr'>et</span> <span class='ocrx_word' id='word_1_426' title='bbox 344 2187 531 2221; x_wconf 85' lang='lat' dir='ltr'>competitores</span> <span class='ocrx_word' id='word_1_427' title='bbox 543 2192 602 2213; x_wconf 89' lang='lat' dir='ltr'>tuos</span> <span class='ocrx_word' id='word_1_428' title='bbox 618 2187 766 2214; x_wconf 84' lang='lat' dir='ltr'>interlicere</span> <span class='ocrx_word' id='word_1_429' title='bbox 781 2188 904 2219; x_wconf 84' lang='lat' dir='ltr'>voluisti,</span> <span class='ocrx_word' id='word_1_430' title='bbox 927 2197 1002 2215; x_wconf 91' lang='lat' dir='ltr'>com—</span> 
     </span>
     <span class='ocr_line' id='line_1_57' title="bbox 203 2223 1001 2261; baseline 0.004 -12"><span class='ocrx_word' id='word_1_431' title='bbox 203 2224 289 2258; x_wconf 81' lang='lat' dir='ltr'>pressi</span> <span class='ocrx_word' id='word_1_432' title='bbox 311 2228 370 2250; x_wconf 84' lang='lat' dir='ltr'>tuos</span> <span class='ocrx_word' id='word_1_433' title='bbox 391 2223 506 2250; x_wconf 78' lang='lat' dir='ltr'>nefarios</span> <span class='ocrx_word' id='word_1_434' title='bbox 526 2229 637 2251; x_wconf 89' lang='lat' dir='ltr'>conatus</span> <span class='ocrx_word' id='word_1_435' title='bbox 657 2226 805 2252; x_wconf 90' lang='lat' dir='ltr'>amicorum</span> <span class='ocrx_word' id='word_1_436' title='bbox 826 2226 960 2261; x_wconf 90' lang='lat' dir='ltr'>praesidio</span> <span class='ocrx_word' id='word_1_437' title='bbox 975 2230 1001 2252; x_wconf 88' lang='lat' dir='ltr'>et</span> 
     </span>
     <span class='ocr_line' id='line_1_58' title="bbox 202 2261 1002 2299; baseline 0.005 -13"><span class='ocrx_word' id='word_1_438' title='bbox 202 2261 296 2295; x_wconf 81' lang='lat' dir='ltr'>copiis,</span> <span class='ocrx_word' id='word_1_439' title='bbox 310 2261 384 2287; x_wconf 90' lang='lat' dir='ltr'>nullo</span> <span class='ocrx_word' id='word_1_440' title='bbox 396 2261 513 2288; x_wconf 85' lang='lat' dir='ltr'>tumultu</span> <span class='ocrx_word' id='word_1_441' title='bbox 525 2261 631 2297; x_wconf 89' lang='lat' dir='ltr'>publice</span> <span class='ocrx_word' id='word_1_442' title='bbox 642 2263 783 2295; x_wconf 82' lang='lat' dir='ltr'>concitato;</span> <span class='ocrx_word' id='word_1_443' title='bbox 797 2263 1002 2299; x_wconf 81' lang='lat' dir='ltr'>denique,quo-</span> 
     </span>
     <span class='ocr_line' id='line_1_59' title="bbox 203 2299 999 2336; baseline 0.006 -13"><span class='ocrx_word' id='word_1_444' title='bbox 203 2299 371 2334; x_wconf 80' lang='lat' dir='ltr'>tiescumque</span> <span class='ocrx_word' id='word_1_445' title='bbox 383 2307 424 2324; x_wconf 88' lang='lat' dir='ltr'>me</span> <span class='ocrx_word' id='word_1_446' title='bbox 437 2299 534 2333; x_wconf 87' lang='lat' dir='ltr'>petisti,</span> <span class='ocrx_word' id='word_1_447' title='bbox 543 2308 590 2334; x_wconf 92' lang='lat' dir='ltr'>per</span> <span class='ocrx_word' id='word_1_448' title='bbox 601 2308 643 2326; x_wconf 88' lang='lat' dir='ltr'>me</span> <span class='ocrx_word' id='word_1_449' title='bbox 655 2300 703 2326; x_wconf 89' lang='lat' dir='ltr'>tibi</span> <span class='ocrx_word' id='word_1_450' title='bbox 715 2300 820 2327; x_wconf 90' lang='lat' dir='ltr'>obstiti:</span> <span class='ocrx_word' id='word_1_451' title='bbox 833 2309 999 2336; x_wconf 90' lang='lat' dir='ltr'>quamquam</span> 
     </span>
     <span class='ocr_line' id='line_1_60' title="bbox 204 2335 1000 2374; baseline 0.005 -13"><span class='ocrx_word' id='word_1_452' title='bbox 204 2335 336 2367; x_wconf 70' lang='lat' dir='ltr'>videbam,</span> <span class='ocrx_word' id='word_1_453' title='bbox 351 2336 496 2370; x_wconf 88' lang='lat' dir='ltr'>perniciem</span> <span class='ocrx_word' id='word_1_454' title='bbox 508 2345 595 2363; x_wconf 90' lang='lat' dir='ltr'>meam</span> <span class='ocrx_word' id='word_1_455' title='bbox 606 2345 668 2364; x_wconf 90' lang='lat' dir='ltr'>cum</span> <span class='ocrx_word' id='word_1_456' title='bbox 679 2346 776 2374; x_wconf 83' lang='lat' dir='ltr'>magna</span> <span class='ocrx_word' id='word_1_457' title='bbox 787 2338 936 2365; x_wconf 87' lang='lat' dir='ltr'>calamitate</span> <span class='ocrx_word' id='word_1_458' title='bbox 948 2339 1000 2365; x_wconf 90' lang='lat' dir='ltr'>rei-</span> 
     </span>
     <span class='ocr_line' id='line_1_61' title="bbox 204 2372 1000 2411; baseline 0.006 -13"><span class='ocrx_word' id='word_1_459' title='bbox 204 2372 326 2407; x_wconf 87' lang='lat' dir='ltr'>publicae</span> <span class='ocrx_word' id='word_1_460' title='bbox 338 2382 396 2399; x_wconf 90' lang='lat' dir='ltr'>esse</span> <span class='ocrx_word' id='word_1_461' title='bbox 407 2374 586 2400; x_wconf 87' lang='lat' dir='ltr'>coniunctam.</span> <span class='ocrx_word' id='word_1_462' title='bbox 620 2376 660 2401; x_wconf 70' lang='lat'>⁴2.</span> <span class='ocrx_word' id='word_1_463' title='bbox 673 2375 751 2402; x_wconf 89' lang='lat' dir='ltr'>Nunc</span> <span class='ocrx_word' id='word_1_464' title='bbox 763 2375 815 2402; x_wconf 91' lang='lat' dir='ltr'>iam</span> <span class='ocrx_word' id='word_1_465' title='bbox 827 2381 917 2411; x_wconf 87' lang='lat' dir='ltr'>aperte</span> <span class='ocrx_word' id='word_1_466' title='bbox 928 2384 1000 2403; x_wconf 89' lang='lat' dir='ltr'>rem-</span> 
     </span>
     <span class='ocr_line' id='line_1_62' title="bbox 203 2409 1000 2447; baseline 0.008 -13"><span class='ocrx_word' id='word_1_467' title='bbox 203 2409 339 2442; x_wconf 88' lang='lat' dir='ltr'>publicam</span> <span class='ocrx_word' id='word_1_468' title='bbox 351 2411 504 2437; x_wconf 82' lang='lat' dir='ltr'>universam</span> <span class='ocrx_word' id='word_1_469' title='bbox 521 2412 604 2446; x_wconf 86' lang='lat' dir='ltr'>petis:</span> <span class='ocrx_word' id='word_1_470' title='bbox 627 2412 726 2447; x_wconf 87' lang='lat' dir='ltr'>templa</span> <span class='ocrx_word' id='word_1_471' title='bbox 738 2412 849 2440; x_wconf 91' lang='lat' dir='ltr'>deorum</span> <span class='ocrx_word' id='word_1_472' title='bbox 861 2413 1000 2440; x_wconf 90' lang='lat' dir='ltr'>immorta-</span> 
     </span>
     <span class='ocr_line' id='line_1_63' title="bbox 204 2446 999 2481; baseline 0.006 -9"><span class='ocrx_word' id='word_1_473' title='bbox 204 2446 269 2472; x_wconf 88' lang='lat' dir='ltr'>lium</span> <span class='ocrx_word' id='word_1_474' title='bbox 278 2468 284 2478; x_wconf 90' lang='lat'>,</span> <span class='ocrx_word' id='word_1_475' title='bbox 298 2452 364 2473; x_wconf 88' lang='lat' dir='ltr'>tecta</span> <span class='ocrx_word' id='word_1_476' title='bbox 375 2448 468 2479; x_wconf 79' lang='lat' dir='ltr'>Urbis,</span> <span class='ocrx_word' id='word_1_477' title='bbox 482 2449 564 2475; x_wconf 89' lang='lat' dir='ltr'>vitam</span> <span class='ocrx_word' id='word_1_478' title='bbox 576 2450 697 2476; x_wconf 88' lang='lat' dir='ltr'>omnium</span> <span class='ocrx_word' id='word_1_479' title='bbox 708 2450 823 2481; x_wconf 83' lang='lat' dir='ltr'>civium,</span> <span class='ocrx_word' id='word_1_480' title='bbox 837 2450 940 2477; x_wconf 88' lang='lat' dir='ltr'>Italiam</span> <span class='ocrx_word' id='word_1_481' title='bbox 951 2450 999 2477; x_wconf 79' lang='lat' dir='ltr'>de-</span> 
     </span>
     <span class='ocr_line' id='line_1_64' title="bbox 204 2483 842 2518; baseline 0.009 -10"><span class='ocrx_word' id='word_1_482' title='bbox 204 2483 285 2518; x_wconf 84' lang='lat' dir='ltr'>nique</span> <span class='ocrx_word' id='word_1_483' title='bbox 297 2488 376 2510; x_wconf 86' lang='lat' dir='ltr'>totam</span> <span class='ocrx_word' id='word_1_484' title='bbox 387 2485 420 2511; x_wconf 89' lang='lat' dir='ltr'>ad</span> <span class='ocrx_word' id='word_1_485' title='bbox 431 2486 544 2512; x_wconf 83' lang='lat' dir='ltr'>exitium</span> <span class='ocrx_word' id='word_1_486' title='bbox 555 2490 580 2512; x_wconf 88' lang='lat' dir='ltr'>et</span> <span class='ocrx_word' id='word_1_487' title='bbox 591 2487 741 2513; x_wconf 90' lang='lat' dir='ltr'>vastitatem</span> <span class='ocrx_word' id='word_1_488' title='bbox 754 2496 842 2514; x_wconf 84' lang='lat' dir='ltr'>vocas.</span> 
     </span>
    </p>

    <p class='ocr_par' dir='ltr' id='par_1_12' title="bbox 203 2519 999 2709">
     <span class='ocr_line' id='line_1_65' title="bbox 259 2519 999 2560; baseline 0.008 -14"><span class='ocrx_word' id='word_1_489' title='bbox 259 2519 354 2552; x_wconf 78' lang='lat' dir='ltr'>Quare.</span> <span class='ocrx_word' id='word_1_490' title='bbox 363 2523 489 2556; x_wconf 87' lang='lat' dir='ltr'>quoniam</span> <span class='ocrx_word' id='word_1_491' title='bbox 502 2523 619 2558; x_wconf 87' lang='lat' dir='ltr'>id,quod</span> <span class='ocrx_word' id='word_1_492' title='bbox 630 2525 748 2558; x_wconf 90' lang='lat' dir='ltr'>primum</span> <span class='ocrx_word' id='word_1_493' title='bbox 760 2529 840 2560; x_wconf 89' lang='lat' dir='ltr'>atque</span> <span class='ocrx_word' id='word_1_494' title='bbox 852 2525 934 2551; x_wconf 87' lang='lat' dir='ltr'>huius</span> <span class='ocrx_word' id='word_1_495' title='bbox 946 2525 999 2551; x_wconf 89' lang='lat' dir='ltr'>im-</span> 
     </span>
     <span class='ocr_line' id='line_1_66' title="bbox 204 2557 997 2596; baseline 0.009 -14"><span class='ocrx_word' id='word_1_496' title='bbox 204 2557 271 2591; x_wconf 85' lang='lat' dir='ltr'>perii</span> <span class='ocrx_word' id='word_1_497' title='bbox 291 2558 503 2594; x_wconf 80' lang='lat' dir='ltr'>disciplinaeque</span> <span class='ocrx_word' id='word_1_498' title='bbox 524 2561 655 2587; x_wconf 90' lang='lat' dir='ltr'>maiorum</span> <span class='ocrx_word' id='word_1_499' title='bbox 676 2562 815 2596; x_wconf 89' lang='lat' dir='ltr'>proprium</span> <span class='ocrx_word' id='word_1_500' title='bbox 836 2566 889 2593; x_wconf 88' lang='lat' dir='ltr'>est,</span> <span class='ocrx_word' id='word_1_501' title='bbox 912 2562 997 2589; x_wconf 80' lang='lat' dir='ltr'>facere</span> 
     </span>
     <span class='ocr_line' id='line_1_67' title="bbox 204 2594 998 2633; baseline 0.008 -13"><span class='ocrx_word' id='word_1_502' title='bbox 204 2594 321 2621; x_wconf 90' lang='lat' dir='ltr'>nondum</span> <span class='ocrx_word' id='word_1_503' title='bbox 334 2595 427 2626; x_wconf 83' lang='lat' dir='ltr'>audeo,</span> <span class='ocrx_word' id='word_1_504' title='bbox 441 2595 534 2623; x_wconf 81' lang='lat' dir='ltr'>faciam</span> <span class='ocrx_word' id='word_1_505' title='bbox 547 2597 586 2629; x_wconf 85' lang='lat' dir='ltr'>id,</span> <span class='ocrx_word' id='word_1_506' title='bbox 600 2598 673 2633; x_wconf 90' lang='lat' dir='ltr'>quod</span> <span class='ocrx_word' id='word_1_507' title='bbox 684 2603 724 2625; x_wconf 87' lang='lat' dir='ltr'>est</span> <span class='ocrx_word' id='word_1_508' title='bbox 734 2599 766 2625; x_wconf 87' lang='lat' dir='ltr'>ad</span> <span class='ocrx_word' id='word_1_509' title='bbox 778 2599 948 2626; x_wconf 81' lang='lat' dir='ltr'>severitatem</span> <span class='ocrx_word' id='word_1_510' title='bbox 959 2599 998 2626; x_wconf 86' lang='lat' dir='ltr'>le—</span> 
     </span>
     <span class='ocr_line' id='line_1_68' title="bbox 203 2631 997 2663; baseline 0.008 -6"><span class='ocrx_word' id='word_1_511' title='bbox 203 2631 266 2658; x_wconf 89' lang='lat' dir='ltr'>nius</span> <span class='ocrx_word' id='word_1_512' title='bbox 278 2636 303 2658; x_wconf 91' lang='lat' dir='ltr'>et</span> <span class='ocrx_word' id='word_1_513' title='bbox 314 2631 346 2659; x_wconf 90' lang='lat' dir='ltr'>ad</span> <span class='ocrx_word' id='word_1_514' title='bbox 357 2641 526 2659; x_wconf 86' lang='lat' dir='ltr'>communem</span> <span class='ocrx_word' id='word_1_515' title='bbox 539 2634 652 2661; x_wconf 87' lang='lat' dir='ltr'>salutem</span> <span class='ocrx_word' id='word_1_516' title='bbox 664 2635 769 2662; x_wconf 87' lang='lat' dir='ltr'>utilius.</span> <span class='ocrx_word' id='word_1_517' title='bbox 800 2637 867 2662; x_wconf 91' lang='lat' dir='ltr'>Nam</span> <span class='ocrx_word' id='word_1_518' title='bbox 883 2637 907 2663; x_wconf 91' lang='lat' dir='ltr'>si</span> <span class='ocrx_word' id='word_1_519' title='bbox 919 2641 944 2663; x_wconf 88' lang='lat' dir='ltr'>te</span> <span class='ocrx_word' id='word_1_520' title='bbox 955 2637 997 2663; x_wconf 91' lang='lat' dir='ltr'>in-</span> 
     </span>
     <span class='ocr_line' id='line_1_69' title="bbox 204 2669 997 2709; baseline 0.008 -14"><span class='ocrx_word' id='word_1_521' title='bbox 204 2669 285 2695; x_wconf 80' lang='lat' dir='ltr'>terfici</span> <span class='ocrx_word' id='word_1_522' title='bbox 297 2669 414 2701; x_wconf 84' lang='lat' dir='ltr'>iussero,</span> <span class='ocrx_word' id='word_1_523' title='bbox 432 2670 559 2698; x_wconf 87' lang='lat' dir='ltr'>residebit</span> <span class='ocrx_word' id='word_1_524' title='bbox 570 2672 598 2698; x_wconf 90' lang='lat' dir='ltr'>in</span> <span class='ocrx_word' id='word_1_525' title='bbox 609 2672 747 2708; x_wconf 84' lang='lat' dir='ltr'>republica</span> <span class='ocrx_word' id='word_1_526' title='bbox 759 2673 862 2709; x_wconf 84' lang='lat' dir='ltr'>reliqua</span> <span class='ocrx_word' id='word_1_527' title='bbox 873 2674 997 2701; x_wconf 84' lang='lat' dir='ltr'>coniura-</span> 
     </span>
    </p>
   </div>
   <div class='ocr_carea' id='block_1_11' title="bbox 1038 544 1670 579">
    <p class='ocr_par' dir='ltr' id='par_1_13' title="bbox 1038 544 1670 579">
     <span class='ocr_line' id='line_1_70' title="bbox 1038 544 1670 579; baseline 0.002 -10"><span class='ocrx_word' id='word_1_528' title='bbox 1038 549 1040 556; x_wconf 77' lang='lat'><em>&#39;</em></span> <span class='ocrx_word' id='word_1_529' title='bbox 1061 544 1107 577; x_wconf 86' lang='lat' dir='ltr'>qui</span> <span class='ocrx_word' id='word_1_530' title='bbox 1121 548 1144 569; x_wconf 92' lang='lat' dir='ltr'>te</span> <span class='ocrx_word' id='word_1_531' title='bbox 1157 552 1207 569; x_wconf 79' lang='lat' dir='ltr'>non</span> <span class='ocrx_word' id='word_1_532' title='bbox 1220 548 1331 575; x_wconf 76' lang='lat' dir='ltr'>inetuat3</span> <span class='ocrx_word' id='word_1_533' title='bbox 1356 552 1442 575; x_wconf 82' lang='lat' dir='ltr'>nemo,</span> <span class='ocrx_word' id='word_1_534' title='bbox 1455 545 1501 579; x_wconf 88' lang='lat' dir='ltr'>qui</span> <span class='ocrx_word' id='word_1_535' title='bbox 1515 553 1565 570; x_wconf 91' lang='lat' dir='ltr'>non</span> <span class='ocrx_word' id='word_1_536' title='bbox 1577 544 1670 570; x_wconf 82' lang='lat' dir='ltr'>oderit.</span> 
     </span>
    </p>
   </div>
   <div class='ocr_carea' id='block_1_12' title="bbox 1038 231 1042 738">
    <p class='ocr_par' dir='ltr' id='par_1_14' title="bbox 1038 231 1042 738">
     <span class='ocr_line' id='line_1_71' title="bbox 1038 231 1042 738; baseline 0 0"><span class='ocrx_word' id='word_1_537' title='bbox 1038 231 1042 738; x_wconf 95' lang='lat' dir='ltr'> </span> 
     </span>
    </p>
   </div>
   <div class='ocr_carea' id='block_1_13' title="bbox 1022 226 1038 2258">
    <p class='ocr_par' dir='ltr' id='par_1_15' title="bbox 1022 226 1038 2258">
     <span class='ocr_line' id='line_1_72' title="bbox 1022 226 1038 2258; baseline 0 0"><span class='ocrx_word' id='word_1_538' title='bbox 1022 226 1038 2258; x_wconf 95' lang='lat' dir='ltr'> </span> 
     </span>
    </p>
   </div>
   <div class='ocr_carea' id='block_1_14' title="bbox 1027 1007 1039 2605">
    <p class='ocr_par' dir='ltr' id='par_1_16' title="bbox 1027 1007 1039 2605">
     <span class='ocr_line' id='line_1_73' title="bbox 1027 1007 1039 2605; baseline 0 0"><span class='ocrx_word' id='word_1_539' title='bbox 1027 1007 1039 2605; x_wconf 95' lang='lat' dir='ltr'> </span> 
     </span>
    </p>
   </div>
   <div class='ocr_carea' id='block_1_15' title="bbox 1000 138 1278 164">
    <p class='ocr_par' dir='ltr' id='par_1_17' title="bbox 1000 138 1278 164">
     <span class='ocr_line' id='line_1_74' title="bbox 1000 138 1278 164; baseline 0.007 -3"><span class='ocrx_word' id='word_1_540' title='bbox 1000 138 1278 164; x_wconf 63' lang='lat' dir='ltr'>‹liet-:noxis</span> 
     </span>
    </p>
   </div>
   <div class='ocr_carea' id='block_1_16' title="bbox 1039 208 1854 244">
    <p class='ocr_par' dir='ltr' id='par_1_18' title="bbox 1039 208 1854 244">
     <span class='ocr_line' id='line_1_75' title="bbox 1039 208 1854 244; baseline 0.004 -11"><span class='ocrx_word' id='word_1_541' title='bbox 1039 210 1041 227; x_wconf 65' lang='lat'>1</span> <span class='ocrx_word' id='word_1_542' title='bbox 1063 213 1149 234; x_wconf 80' lang='lat' dir='ltr'>torum</span> <span class='ocrx_word' id='word_1_543' title='bbox 1163 217 1267 234; x_wconf 70' lang='lat' dir='ltr'>manus.</span> <span class='ocrx_word' id='word_1_544' title='bbox 1300 208 1346 235; x_wconf 85' lang='lat' dir='ltr'>Sin</span> <span class='ocrx_word' id='word_1_545' title='bbox 1359 214 1386 234; x_wconf 93' lang='lat' dir='ltr'>tu</span> <span class='ocrx_word' id='word_1_546' title='bbox 1400 208 1480 243; x_wconf 79' lang='lat' dir='ltr'>(quod</span> <span class='ocrx_word' id='word_1_547' title='bbox 1493 214 1517 235; x_wconf 87' lang='lat' dir='ltr'>te</span> <span class='ocrx_word' id='word_1_548' title='bbox 1529 209 1686 236; x_wconf 82' lang='lat' dir='ltr'>iamdudum</span> <span class='ocrx_word' id='word_1_549' title='bbox 1700 210 1796 244; x_wconf 67' lang='lat' dir='ltr'>bortor}</span> <span class='ocrx_word' id='word_1_550' title='bbox 1807 219 1854 236; x_wconf 80' lang='lat' dir='ltr'>ex·</span> 
     </span>
    </p>
   </div>
   <div class='ocr_carea' id='block_1_17' title="bbox 1060 246 1856 798">
    <p class='ocr_par' dir='ltr' id='par_1_19' title="bbox 1060 246 1856 798">
     <span class='ocr_line' id='line_1_76' title="bbox 1063 246 1855 280; baseline 0.004 -9"><span class='ocrx_word' id='word_1_551' title='bbox 1063 246 1138 274; x_wconf 74' lang='lat' dir='ltr'>ieris,</span> <span class='ocrx_word' id='word_1_552' title='bbox 1157 246 1330 271; x_wconf 74' lang='lat' dir='ltr'>exhaurietur</span> <span class='ocrx_word' id='word_1_553' title='bbox 1341 254 1372 272; x_wconf 82' lang='lat' dir='ltr'>ex</span> <span class='ocrx_word' id='word_1_554' title='bbox 1386 246 1454 272; x_wconf 85' lang='lat' dir='ltr'>Urbe</span> <span class='ocrx_word' id='word_1_555' title='bbox 1466 251 1571 273; x_wconf 90' lang='lat' dir='ltr'>tuorum</span> <span class='ocrx_word' id='word_1_556' title='bbox 1583 249 1709 273; x_wconf 68' lang='lat' dir='ltr'>vomitum</span> <span class='ocrx_word' id='word_1_557' title='bbox 1723 257 1817 280; x_wconf 63' lang='lat' dir='ltr'>magna</span> <span class='ocrx_word' id='word_1_558' title='bbox 1829 253 1855 274; x_wconf 68' lang='lat' dir='ltr'>ot</span> 
     </span>
     <span class='ocr_line' id='line_1_77' title="bbox 1063 282 1855 318; baseline 0.004 -11"><span class='ocrx_word' id='word_1_559' title='bbox 1063 282 1210 316; x_wconf 68' lang='lat' dir='ltr'>perniciosa</span> <span class='ocrx_word' id='word_1_560' title='bbox 1222 284 1324 308; x_wconf 69' lang='lat' dir='ltr'>nentina</span> <span class='ocrx_word' id='word_1_561' title='bbox 1337 283 1508 318; x_wconf 75' lang='lat' dir='ltr'>reipublicae.</span> <span class='ocrx_word' id='word_1_562' title='bbox 1533 286 1572 310; x_wconf 69' lang='lat'>¹3,</span> <span class='ocrx_word' id='word_1_563' title='bbox 1585 285 1655 316; x_wconf 78' lang='lat' dir='ltr'>Quid</span> <span class='ocrx_word' id='word_1_564' title='bbox 1667 290 1715 313; x_wconf 60' lang='lat' dir='ltr'>cst.</span> <span class='ocrx_word' id='word_1_565' title='bbox 1724 284 1855 310; x_wconf 68' lang='lat' dir='ltr'>Catilina?</span> 
     </span>
     <span class='ocr_line' id='line_1_78' title="bbox 1063 319 1853 356; baseline 0.004 -12"><span class='ocrx_word' id='word_1_566' title='bbox 1063 320 1131 345; x_wconf 76' lang='lat' dir='ltr'>Num</span> <span class='ocrx_word' id='word_1_567' title='bbox 1144 319 1251 345; x_wconf 70' lang='lat' dir='ltr'>dubitas</span> <span class='ocrx_word' id='word_1_568' title='bbox 1265 319 1289 345; x_wconf 87' lang='lat' dir='ltr'>id</span> <span class='ocrx_word' id='word_1_569' title='bbox 1299 341 1304 348; x_wconf 80' lang='grc'>,</span> <span class='ocrx_word' id='word_1_570' title='bbox 1324 329 1365 346; x_wconf 91' lang='lat' dir='ltr'>me</span> <span class='ocrx_word' id='word_1_571' title='bbox 1378 321 1536 355; x_wconf 80' lang='lat' dir='ltr'>imperante,</span> <span class='ocrx_word' id='word_1_572' title='bbox 1552 321 1648 351; x_wconf 72' lang='lat' dir='ltr'>facere,</span> <span class='ocrx_word' id='word_1_573' title='bbox 1661 322 1732 356; x_wconf 77' lang='lat' dir='ltr'>quod</span> <span class='ocrx_word' id='word_1_574' title='bbox 1746 322 1796 347; x_wconf 77' lang='lat' dir='ltr'>iarn</span> <span class='ocrx_word' id='word_1_575' title='bbox 1810 327 1853 347; x_wconf 83' lang='lat' dir='ltr'>tua</span> 
     </span>
     <span class='ocr_line' id='line_1_79' title="bbox 1062 356 1852 390; baseline 0.004 -9"><span class='ocrx_word' id='word_1_576' title='bbox 1062 361 1156 390; x_wconf 65' lang='lat' dir='ltr'>sponte</span> <span class='ocrx_word' id='word_1_577' title='bbox 1173 356 1306 382; x_wconf 63' lang='lat' dir='ltr'>faciebas?</span> <span class='ocrx_word' id='word_1_578' title='bbox 1327 357 1405 383; x_wconf 76' lang='lat' dir='ltr'>Exire</span> <span class='ocrx_word' id='word_1_579' title='bbox 1421 367 1453 384; x_wconf 86' lang='lat' dir='ltr'>ex</span> <span class='ocrx_word' id='word_1_580' title='bbox 1466 358 1534 384; x_wconf 78' lang='lat' dir='ltr'>Urbe</span> <span class='ocrx_word' id='word_1_581' title='bbox 1549 359 1641 385; x_wconf 68' lang='lat' dir='ltr'>consul</span> <span class='ocrx_word' id='word_1_582' title='bbox 1655 359 1756 385; x_wconf 60' lang='lat' dir='ltr'>bostem</span> <span class='ocrx_word' id='word_1_583' title='bbox 1770 359 1852 385; x_wconf 86' lang='lat' dir='ltr'>iubet.</span> 
     </span>
     <span class='ocr_line' id='line_1_80' title="bbox 1064 395 1853 426; baseline 0.004 -7"><span class='ocrx_word' id='word_1_584' title='bbox 1064 395 1210 426; x_wconf 61' lang='lat' dir='ltr'>interrogas</span> <span class='ocrx_word' id='word_1_585' title='bbox 1223 403 1277 424; x_wconf 78' lang='lat' dir='ltr'>me,</span> <span class='ocrx_word' id='word_1_586' title='bbox 1297 403 1360 420; x_wconf 90' lang='lat' dir='ltr'>num</span> <span class='ocrx_word' id='word_1_587' title='bbox 1374 395 1399 421; x_wconf 93' lang='lat' dir='ltr'>in</span> <span class='ocrx_word' id='word_1_588' title='bbox 1412 395 1558 421; x_wconf 64' lang='lat' dir='ltr'>exsilium?</span> <span class='ocrx_word' id='word_1_589' title='bbox 1578 396 1634 422; x_wconf 77' lang='lat' dir='ltr'>Non</span> <span class='ocrx_word' id='word_1_590' title='bbox 1647 397 1739 422; x_wconf 84' lang='lat' dir='ltr'>iubeo:</span> <span class='ocrx_word' id='word_1_591' title='bbox 1757 396 1816 425; x_wconf 73' lang='lat' dir='ltr'>sed,</span> <span class='ocrx_word' id='word_1_592' title='bbox 1831 396 1853 422; x_wconf 80' lang='lat' dir='ltr'>si</span> 
     </span>
     <span class='ocr_line' id='line_1_81' title="bbox 1431 433 1852 464; baseline 0 -6"><span class='ocrx_word' id='word_1_593' title='bbox 1431 433 1471 458; x_wconf 72' lang='lat' dir='ltr'>Vl.</span> <span class='ocrx_word' id='word_1_594' title='bbox 1491 433 1560 464; x_wconf 84' lang='lat' dir='ltr'>Quid</span> <span class='ocrx_word' id='word_1_595' title='bbox 1573 438 1612 458; x_wconf 68' lang='lat' dir='ltr'>est</span> <span class='ocrx_word' id='word_1_596' title='bbox 1627 434 1711 462; x_wconf 77' lang='lat' dir='ltr'>enim,</span> <span class='ocrx_word' id='word_1_597' title='bbox 1731 433 1852 463; x_wconf 80' lang='lat' dir='ltr'>Catilina,</span> 
     </span>
     <span class='ocr_line' id='line_1_82' title="bbox 1061 468 1855 505; baseline 0.004 -12"><span class='ocrx_word' id='word_1_598' title='bbox 1061 468 1133 503; x_wconf 81' lang='lat' dir='ltr'>quod</span> <span class='ocrx_word' id='word_1_599' title='bbox 1146 474 1169 494; x_wconf 84' lang='lat' dir='ltr'>te</span> <span class='ocrx_word' id='word_1_600' title='bbox 1182 469 1232 494; x_wconf 76' lang='lat' dir='ltr'>iam</span> <span class='ocrx_word' id='word_1_601' title='bbox 1247 470 1272 494; x_wconf 95' lang='lat' dir='ltr'>in</span> <span class='ocrx_word' id='word_1_602' title='bbox 1285 469 1333 495; x_wconf 85' lang='lat' dir='ltr'>bac</span> <span class='ocrx_word' id='word_1_603' title='bbox 1346 469 1410 495; x_wconf 84' lang='lat' dir='ltr'>urbe</span> <span class='ocrx_word' id='word_1_604' title='bbox 1422 469 1551 495; x_wconf 79' lang='lat' dir='ltr'>delectare</span> <span class='ocrx_word' id='word_1_605' title='bbox 1563 469 1664 504; x_wconf 75' lang='lat' dir='ltr'>possit‘?</span> <span class='ocrx_word' id='word_1_606' title='bbox 1675 471 1700 496; x_wconf 94' lang='lat' dir='ltr'>in</span> <span class='ocrx_word' id='word_1_607' title='bbox 1713 479 1764 505; x_wconf 80' lang='lat' dir='ltr'>qua</span> <span class='ocrx_word' id='word_1_608' title='bbox 1778 479 1855 496; x_wconf 83' lang='lat' dir='ltr'>nemo</span> 
     </span>
     <span class='ocr_line' id='line_1_83' title="bbox 1062 507 1851 541; baseline 0.003 -10"><span class='ocrx_word' id='word_1_609' title='bbox 1062 510 1114 536; x_wconf 69' lang='lat' dir='ltr'>est,</span> <span class='ocrx_word' id='word_1_610' title='bbox 1129 510 1201 532; x_wconf 87' lang='lat' dir='ltr'>extra</span> <span class='ocrx_word' id='word_1_611' title='bbox 1214 507 1290 532; x_wconf 72' lang='lat' dir='ltr'>istam</span> <span class='ocrx_word' id='word_1_612' title='bbox 1303 507 1511 532; x_wconf 74' lang='lat' dir='ltr'>coniurationem</span> <span class='ocrx_word' id='word_1_613' title='bbox 1525 507 1688 541; x_wconf 61' lang='lat' dir='ltr'>perditurum</span> <span class='ocrx_word' id='word_1_614' title='bbox 1701 508 1851 537; x_wconf 83' lang='lat' dir='ltr'>bominum,</span> 
     </span>
     <span class='ocr_line' id='line_1_84' title="bbox 1710 544 1853 577; baseline 0.021 -9"><span class='ocrx_word' id='word_1_615' title='bbox 1710 544 1782 577; x_wconf 80' lang='lat' dir='ltr'>Quae</span> <span class='ocrx_word' id='word_1_616' title='bbox 1794 550 1853 571; x_wconf 74' lang='lat' dir='ltr'>nota</span> 
     </span>
     <span class='ocr_line' id='line_1_85' title="bbox 1061 581 1856 615; baseline 0.001 -9"><span class='ocrx_word' id='word_1_617' title='bbox 1061 581 1220 607; x_wconf 70' lang='lat' dir='ltr'>domesticae</span> <span class='ocrx_word' id='word_1_618' title='bbox 1247 581 1422 615; x_wconf 80' lang='lat' dir='ltr'>turpitudinis</span> <span class='ocrx_word' id='word_1_619' title='bbox 1444 590 1494 607; x_wconf 91' lang='lat' dir='ltr'>non</span> <span class='ocrx_word' id='word_1_620' title='bbox 1517 582 1605 608; x_wconf 79' lang='lat' dir='ltr'>inusta</span> <span class='ocrx_word' id='word_1_621' title='bbox 1628 582 1695 607; x_wconf 77' lang='lat' dir='ltr'>vitae</span> <span class='ocrx_word' id='word_1_622' title='bbox 1717 587 1776 608; x_wconf 78' lang='lat' dir='ltr'>tuae</span> <span class='ocrx_word' id='word_1_623' title='bbox 1797 583 1856 608; x_wconf 63' lang='lat' dir='ltr'>est?</span> 
     </span>
     <span class='ocr_line' id='line_1_86' title="bbox 1063 617 1854 654; baseline 0.003 -11"><span class='ocrx_word' id='word_1_624' title='bbox 1063 617 1147 654; x_wconf 82' lang='lat' dir='ltr'>[Quod</span> <span class='ocrx_word' id='word_1_625' title='bbox 1171 619 1333 652; x_wconf 78' lang='lat' dir='ltr'>privatarum</span> <span class='ocrx_word' id='word_1_626' title='bbox 1357 627 1444 644; x_wconf 85' lang='lat' dir='ltr'>rerum</span> <span class='ocrx_word' id='word_1_627' title='bbox 1465 618 1582 645; x_wconf 69' lang='lat' dir='ltr'>dedecus</span> <span class='ocrx_word' id='word_1_628' title='bbox 1604 628 1655 645; x_wconf 81' lang='lat' dir='ltr'>non</span> <span class='ocrx_word' id='word_1_629' title='bbox 1678 619 1766 645; x_wconf 78' lang='lat' dir='ltr'>haeret</span> <span class='ocrx_word' id='word_1_630' title='bbox 1787 619 1854 645; x_wconf 74' lang='lat' dir='ltr'>inta-</span> 
     </span>
     <span class='ocr_line' id='line_1_87' title="bbox 1061 654 1854 691; baseline 0.001 -10"><span class='ocrx_word' id='word_1_631' title='bbox 1061 654 1156 691; x_wconf 82' lang='lat' dir='ltr'>miae‘?]</span> <span class='ocrx_word' id='word_1_632' title='bbox 1173 656 1245 688; x_wconf 88' lang='lat' dir='ltr'>Quae</span> <span class='ocrx_word' id='word_1_633' title='bbox 1259 655 1342 681; x_wconf 88' lang='lat' dir='ltr'>libido</span> <span class='ocrx_word' id='word_1_634' title='bbox 1352 656 1385 681; x_wconf 87' lang='lat' dir='ltr'>ab</span> <span class='ocrx_word' id='word_1_635' title='bbox 1396 656 1490 686; x_wconf 77' lang='lat' dir='ltr'>oculis,</span> <span class='ocrx_word' id='word_1_636' title='bbox 1503 657 1575 691; x_wconf 87' lang='lat' dir='ltr'>quod</span> <span class='ocrx_word' id='word_1_637' title='bbox 1589 656 1692 682; x_wconf 78' lang='lat' dir='ltr'>facinus</span> <span class='ocrx_word' id='word_1_638' title='bbox 1703 665 1717 682; x_wconf 81' lang='lat' dir='ltr'>a</span> <span class='ocrx_word' id='word_1_639' title='bbox 1729 657 1854 682; x_wconf 79' lang='lat' dir='ltr'>manibus</span> 
     </span>
     <span class='ocr_line' id='line_1_88' title="bbox 1061 693 1855 728; baseline 0.001 -9"><span class='ocrx_word' id='word_1_640' title='bbox 1061 701 1189 727; x_wconf 88' lang='lat' dir='ltr'>umquam</span> <span class='ocrx_word' id='word_1_641' title='bbox 1207 693 1272 722; x_wconf 80' lang='lat' dir='ltr'>tuis,</span> <span class='ocrx_word' id='word_1_642' title='bbox 1295 693 1367 728; x_wconf 88' lang='lat' dir='ltr'>quod</span> <span class='ocrx_word' id='word_1_643' title='bbox 1384 693 1513 728; x_wconf 68' lang='lat' dir='ltr'>flagitium</span> <span class='ocrx_word' id='word_1_644' title='bbox 1529 703 1542 719; x_wconf 84' lang='lat' dir='ltr'>a</span> <span class='ocrx_word' id='word_1_645' title='bbox 1560 699 1612 719; x_wconf 87' lang='lat' dir='ltr'>toto</span> <span class='ocrx_word' id='word_1_646' title='bbox 1626 702 1733 728; x_wconf 84' lang='lat' dir='ltr'>corpore</span> <span class='ocrx_word' id='word_1_647' title='bbox 1752 693 1855 720; x_wconf 76' lang='lat' dir='ltr'>abfuit?</span> 
     </span>
     <span class='ocr_line' id='line_1_89' title="bbox 1061 730 1854 766; baseline 0.003 -11"><span class='ocrx_word' id='word_1_648' title='bbox 1061 730 1108 756; x_wconf 84' lang='lat' dir='ltr'>Cui</span> <span class='ocrx_word' id='word_1_649' title='bbox 1127 735 1154 756; x_wconf 91' lang='lat' dir='ltr'>tu</span> <span class='ocrx_word' id='word_1_650' title='bbox 1169 730 1380 760; x_wconf 78' lang='lat' dir='ltr'>adolescentulo,</span> <span class='ocrx_word' id='word_1_651' title='bbox 1398 740 1478 766; x_wconf 88' lang='lat' dir='ltr'>quem</span> <span class='ocrx_word' id='word_1_652' title='bbox 1494 731 1704 765; x_wconf 82' lang='lat' dir='ltr'>corruptelarum</span> <span class='ocrx_word' id='word_1_653' title='bbox 1722 731 1854 758; x_wconf 75' lang='lat' dir='ltr'>illecebris</span> 
     </span>
     <span class='ocr_line' id='line_1_90' title="bbox 1060 768 1854 798; baseline 0.001 -5"><span class='ocrx_word' id='word_1_654' title='bbox 1060 768 1206 798; x_wconf 77' lang='lat' dir='ltr'>irretisses,</span> <span class='ocrx_word' id='word_1_655' title='bbox 1221 777 1271 793; x_wconf 83' lang='lat' dir='ltr'>non</span> <span class='ocrx_word' id='word_1_656' title='bbox 1285 768 1372 793; x_wconf 88' lang='lat' dir='ltr'>autad</span> <span class='ocrx_word' id='word_1_657' title='bbox 1385 768 1521 794; x_wconf 81' lang='lat' dir='ltr'>audaciam</span> <span class='ocrx_word' id='word_1_658' title='bbox 1535 768 1647 798; x_wconf 82' lang='lat' dir='ltr'>serrum.</span> <span class='ocrx_word' id='word_1_659' title='bbox 1662 768 1750 794; x_wconf 81' lang='lat' dir='ltr'>autad</span> <span class='ocrx_word' id='word_1_660' title='bbox 1764 768 1854 795; x_wconf 87' lang='lat' dir='ltr'>libidi-</span> 
     </span>
    </p>
   </div>
   <div class='ocr_carea' id='block_1_18' title="bbox 1036 800 1854 1019">
    <p class='ocr_par' dir='ltr' id='par_1_20' title="bbox 1036 800 1854 1019">
     <span class='ocr_line' id='line_1_91' title="bbox 1037 800 1852 841; baseline 0.001 -10"><span class='ocrx_word' id='word_1_661' title='bbox 1037 800 1039 837; x_wconf 64' lang='grc' dir='ltr'>Ξ</span> <span class='ocrx_word' id='word_1_662' title='bbox 1061 814 1120 831; x_wconf 90' lang='lat' dir='ltr'>nem</span> <span class='ocrx_word' id='word_1_663' title='bbox 1134 805 1216 831; x_wconf 77' lang='lat' dir='ltr'>facem</span> <span class='ocrx_word' id='word_1_664' title='bbox 1230 805 1398 839; x_wconf 63' lang='lat' dir='ltr'>praetulisti?</span> <span class='ocrx_word' id='word_1_665' title='bbox 1430 807 1468 832; x_wconf 54' lang='lat'>⁴15.</span> <span class='ocrx_word' id='word_1_666' title='bbox 1481 805 1550 837; x_wconf 89' lang='lat' dir='ltr'>Quid</span> <span class='ocrx_word' id='word_1_667' title='bbox 1565 805 1644 832; x_wconf 74' lang='lat' dir='ltr'>vero‘?</span> <span class='ocrx_word' id='word_1_668' title='bbox 1656 806 1754 840; x_wconf 75' lang='lat' dir='ltr'>Nuper,</span> <span class='ocrx_word' id='word_1_669' title='bbox 1767 814 1852 841; x_wconf 86' lang='lat' dir='ltr'>quum</span> 
     </span>
     <span class='ocr_line' id='line_1_92' title="bbox 1037 840 1854 877; baseline 0.001 -9"><span class='ocrx_word' id='word_1_670' title='bbox 1037 840 1039 861; x_wconf 69' lang='grc'>-’</span> <span class='ocrx_word' id='word_1_671' title='bbox 1061 847 1143 868; x_wconf 88' lang='lat' dir='ltr'>morte</span> <span class='ocrx_word' id='word_1_672' title='bbox 1158 843 1304 877; x_wconf 80' lang='lat' dir='ltr'>superioris</span> <span class='ocrx_word' id='word_1_673' title='bbox 1321 844 1410 869; x_wconf 84' lang='lat' dir='ltr'>uxoris</span> <span class='ocrx_word' id='word_1_674' title='bbox 1427 843 1502 869; x_wconf 82' lang='lat' dir='ltr'>novis</span> <span class='ocrx_word' id='word_1_675' title='bbox 1519 844 1620 877; x_wconf 75' lang='lat' dir='ltr'>nuptiis</span> <span class='ocrx_word' id='word_1_676' title='bbox 1635 843 1744 869; x_wconf 70' lang='lat' dir='ltr'>«tomum</span> <span class='ocrx_word' id='word_1_677' title='bbox 1759 851 1854 869; x_wconf 79' lang='lat' dir='ltr'>vacue-</span> 
     </span>
     <span class='ocr_line' id='line_1_93' title="bbox 1037 879 1853 910; baseline 0.001 -5"><span class='ocrx_word' id='word_1_678' title='bbox 1037 894 1038 897; x_wconf 69' lang='lat'><em>=</em></span> <span class='ocrx_word' id='word_1_679' title='bbox 1061 879 1182 910; x_wconf 78' lang='lat' dir='ltr'>fecisses,</span> <span class='ocrx_word' id='word_1_680' title='bbox 1202 889 1288 906; x_wconf 92' lang='lat' dir='ltr'>nonne</span> <span class='ocrx_word' id='word_1_681' title='bbox 1304 881 1382 906; x_wconf 80' lang='lat' dir='ltr'>etiam</span> <span class='ocrx_word' id='word_1_682' title='bbox 1399 880 1450 906; x_wconf 82' lang='lat' dir='ltr'>alio</span> <span class='ocrx_word' id='word_1_683' title='bbox 1462 881 1611 906; x_wconf 85' lang='lat' dir='ltr'>incredibili</span> <span class='ocrx_word' id='word_1_684' title='bbox 1624 881 1723 906; x_wconf 76' lang='lat' dir='ltr'>scelere</span> <span class='ocrx_word' id='word_1_685' title='bbox 1735 880 1783 907; x_wconf 86' lang='lat' dir='ltr'>boc</span> <span class='ocrx_word' id='word_1_686' title='bbox 1795 889 1853 907; x_wconf 84' lang='lat' dir='ltr'>sce-</span> 
     </span>
     <span class='ocr_line' id='line_1_94' title="bbox 1036 917 1854 953; baseline 0 -10"><span class='ocrx_word' id='word_1_687' title='bbox 1036 931 1038 937; x_wconf 60' lang='lat'><em>2</em></span> <span class='ocrx_word' id='word_1_688' title='bbox 1061 917 1103 943; x_wconf 90' lang='lat' dir='ltr'>lus</span> <span class='ocrx_word' id='word_1_689' title='bbox 1114 917 1277 943; x_wconf 70' lang='lat' dir='ltr'>cumulasti?</span> <span class='ocrx_word' id='word_1_690' title='bbox 1297 918 1372 949; x_wconf 89' lang='lat' dir='ltr'>Quod</span> <span class='ocrx_word' id='word_1_691' title='bbox 1385 926 1434 953; x_wconf 78' lang='lat' dir='ltr'>ego</span> <span class='ocrx_word' id='word_1_692' title='bbox 1445 918 1624 952; x_wconf 84' lang='lat' dir='ltr'>praetermitto</span> <span class='ocrx_word' id='word_1_693' title='bbox 1635 923 1660 944; x_wconf 89' lang='lat' dir='ltr'>et</span> <span class='ocrx_word' id='word_1_694' title='bbox 1677 917 1752 943; x_wconf 80' lang='lat' dir='ltr'>facile</span> <span class='ocrx_word' id='word_1_695' title='bbox 1769 918 1854 952; x_wconf 87' lang='lat' dir='ltr'>patior</span> 
     </span>
     <span class='ocr_line' id='line_1_95' title="bbox 1037 954 1854 984; baseline 0.001 -4"><span class='ocrx_word' id='word_1_696' title='bbox 1037 963 1038 970; x_wconf 63' lang='lat'>¹</span> <span class='ocrx_word' id='word_1_697' title='bbox 1059 955 1145 984; x_wconf 76' lang='lat' dir='ltr'>sileri,</span> <span class='ocrx_word' id='word_1_698' title='bbox 1169 963 1201 981; x_wconf 92' lang='lat' dir='ltr'>ne</span> <span class='ocrx_word' id='word_1_699' title='bbox 1217 955 1243 981; x_wconf 88' lang='lat' dir='ltr'>in</span> <span class='ocrx_word' id='word_1_700' title='bbox 1257 955 1304 981; x_wconf 91' lang='lat' dir='ltr'>bac</span> <span class='ocrx_word' id='word_1_701' title='bbox 1315 956 1421 981; x_wconf 79' lang='lat' dir='ltr'>civitate</span> <span class='ocrx_word' id='word_1_702' title='bbox 1433 956 1496 981; x_wconf 84' lang='lat' dir='ltr'>tanti</span> <span class='ocrx_word' id='word_1_703' title='bbox 1510 954 1632 981; x_wconf 81' lang='lat' dir='ltr'>facinoris</span> <span class='ocrx_word' id='word_1_704' title='bbox 1645 956 1796 981; x_wconf 74' lang='lat' dir='ltr'>immanitas</span> <span class='ocrx_word' id='word_1_705' title='bbox 1807 960 1854 981; x_wconf 83' lang='lat' dir='ltr'>aut</span> 
     </span>
     <span class='ocr_line' id='line_1_96' title="bbox 1036 989 1694 1019; baseline 0 -1"><span class='ocrx_word' id='word_1_706' title='bbox 1036 989 1038 995; x_wconf 88' lang='lat'>&#39;</span> <span class='ocrx_word' id='word_1_707' title='bbox 1059 993 1195 1018; x_wconf 82' lang='lat' dir='ltr'>exstitisse</span> <span class='ocrx_word' id='word_1_708' title='bbox 1211 996 1255 1018; x_wconf 91' lang='lat' dir='ltr'>aut</span> <span class='ocrx_word' id='word_1_709' title='bbox 1271 1001 1322 1018; x_wconf 93' lang='lat' dir='ltr'>non</span> <span class='ocrx_word' id='word_1_710' title='bbox 1340 993 1471 1019; x_wconf 83' lang='lat' dir='ltr'>vindicata</span> <span class='ocrx_word' id='word_1_711' title='bbox 1488 1001 1546 1019; x_wconf 84' lang='lat' dir='ltr'>esse</span> <span class='ocrx_word' id='word_1_712' title='bbox 1563 992 1694 1019; x_wconf 78' lang='lat' dir='ltr'>videatur.</span> 
     </span>
    </p>
   </div>
   <div class='ocr_carea' id='block_1_19' title="bbox 1059 992 1855 1140">
    <p class='ocr_par' dir='ltr' id='par_1_21' title="bbox 1059 992 1855 1140">
     <span class='ocr_line' id='line_1_97' title="bbox 1735 992 1854 1019; baseline 0.008 -1"><span class='ocrx_word' id='word_1_713' title='bbox 1735 992 1854 1019; x_wconf 84' lang='lat' dir='ltr'>Praeter-</span> 
     </span>
     <span class='ocr_line' id='line_1_98' title="bbox 1059 1029 1855 1065; baseline 0.001 -10"><span class='ocrx_word' id='word_1_714' title='bbox 1059 1030 1136 1056; x_wconf 88' lang='lat' dir='ltr'>mitto</span> <span class='ocrx_word' id='word_1_715' title='bbox 1147 1030 1238 1055; x_wconf 87' lang='lat' dir='ltr'>ruinas</span> <span class='ocrx_word' id='word_1_716' title='bbox 1250 1029 1415 1056; x_wconf 77' lang='lat' dir='ltr'>fortunarum</span> <span class='ocrx_word' id='word_1_717' title='bbox 1429 1034 1547 1060; x_wconf 84' lang='lat' dir='ltr'>tuarum,</span> <span class='ocrx_word' id='word_1_718' title='bbox 1565 1039 1632 1065; x_wconf 86' lang='lat' dir='ltr'>quas</span> <span class='ocrx_word' id='word_1_719' title='bbox 1644 1038 1737 1056; x_wconf 89' lang='lat' dir='ltr'>omnes</span> <span class='ocrx_word' id='word_1_720' title='bbox 1749 1030 1855 1065; x_wconf 84' lang='lat' dir='ltr'>impen-</span> 
     </span>
     <span class='ocr_line' id='line_1_99' title="bbox 1059 1067 1854 1102; baseline 0 -9"><span class='ocrx_word' id='word_1_721' title='bbox 1059 1067 1120 1093; x_wconf 90' lang='lat' dir='ltr'>dere</span> <span class='ocrx_word' id='word_1_722' title='bbox 1133 1067 1180 1093; x_wconf 91' lang='lat' dir='ltr'>tibi</span> <span class='ocrx_word' id='word_1_723' title='bbox 1192 1067 1322 1102; x_wconf 81' lang='lat' dir='ltr'>proximis</span> <span class='ocrx_word' id='word_1_724' title='bbox 1335 1067 1426 1094; x_wconf 82' lang='lat' dir='ltr'>Idibus</span> <span class='ocrx_word' id='word_1_725' title='bbox 1437 1068 1550 1093; x_wconf 87' lang='lat' dir='ltr'>senties:</span> <span class='ocrx_word' id='word_1_726' title='bbox 1573 1067 1605 1093; x_wconf 79' lang='lat' dir='ltr'>ad</span> <span class='ocrx_word' id='word_1_727' title='bbox 1618 1067 1662 1093; x_wconf 88' lang='lat' dir='ltr'>illa</span> <span class='ocrx_word' id='word_1_728' title='bbox 1676 1068 1766 1097; x_wconf 78' lang='lat' dir='ltr'>venio,</span> <span class='ocrx_word' id='word_1_729' title='bbox 1784 1075 1854 1102; x_wconf 81' lang='lat' dir='ltr'>quae</span> 
     </span>
     <span class='ocr_line' id='line_1_100' title="bbox 1059 1104 1853 1140; baseline 0 -9"><span class='ocrx_word' id='word_1_730' title='bbox 1059 1113 1111 1131; x_wconf 87' lang='lat' dir='ltr'>non</span> <span class='ocrx_word' id='word_1_731' title='bbox 1127 1104 1159 1131; x_wconf 86' lang='lat' dir='ltr'>ad</span> <span class='ocrx_word' id='word_1_732' title='bbox 1176 1105 1307 1139; x_wconf 83' lang='lat' dir='ltr'>privatam</span> <span class='ocrx_word' id='word_1_733' title='bbox 1323 1105 1497 1140; x_wconf 83' lang='lat' dir='ltr'>ignominiam</span> <span class='ocrx_word' id='word_1_734' title='bbox 1515 1105 1640 1131; x_wconf 82' lang='lat' dir='ltr'>vitiorum</span> <span class='ocrx_word' id='word_1_735' title='bbox 1657 1109 1776 1135; x_wconf 87' lang='lat' dir='ltr'>tuorum,</span> <span class='ocrx_word' id='word_1_736' title='bbox 1801 1113 1853 1131; x_wconf 88' lang='lat' dir='ltr'>non</span> 
     </span>
    </p>
   </div>
   <div class='ocr_carea' id='block_1_20' title="bbox 1036 1141 1851 1176">
    <p class='ocr_par' dir='ltr' id='par_1_22' title="bbox 1036 1141 1851 1176">
     <span class='ocr_line' id='line_1_101' title="bbox 1036 1141 1851 1176; baseline 0 -8"><span class='ocrx_word' id='word_1_737' title='bbox 1036 1142 1037 1149; x_wconf 63' lang='lat'>¹</span> <span class='ocrx_word' id='word_1_738' title='bbox 1058 1142 1090 1168; x_wconf 87' lang='lat' dir='ltr'>ad</span> <span class='ocrx_word' id='word_1_739' title='bbox 1112 1142 1284 1168; x_wconf 84' lang='lat' dir='ltr'>domesticam</span> <span class='ocrx_word' id='word_1_740' title='bbox 1307 1147 1379 1168; x_wconf 88' lang='lat' dir='ltr'>tuam</span> <span class='ocrx_word' id='word_1_741' title='bbox 1400 1141 1585 1168; x_wconf 77' lang='lat' dir='ltr'>difficultatem</span> <span class='ocrx_word' id='word_1_742' title='bbox 1601 1151 1630 1168; x_wconf 84' lang='lat' dir='ltr'>ac</span> <span class='ocrx_word' id='word_1_743' title='bbox 1647 1141 1851 1176; x_wconf 82' lang='lat' dir='ltr'>turpitudinem,</span> 
     </span>
    </p>
   </div>
   <div class='ocr_carea' id='block_1_21' title="bbox 1052 1179 1854 2075">
    <p class='ocr_par' dir='ltr' id='par_1_23' title="bbox 1052 1179 1854 2075">
     <span class='ocr_line' id='line_1_102' title="bbox 1058 1179 1854 1214; baseline 0 -9"><span class='ocrx_word' id='word_1_744' title='bbox 1058 1179 1105 1206; x_wconf 90' lang='lat' dir='ltr'>sed</span> <span class='ocrx_word' id='word_1_745' title='bbox 1127 1179 1159 1205; x_wconf 88' lang='lat' dir='ltr'>ad</span> <span class='ocrx_word' id='word_1_746' title='bbox 1180 1188 1314 1206; x_wconf 89' lang='lat' dir='ltr'>summam</span> <span class='ocrx_word' id='word_1_747' title='bbox 1336 1180 1499 1214; x_wconf 89' lang='lat' dir='ltr'>reipublicae</span> <span class='ocrx_word' id='word_1_748' title='bbox 1519 1184 1598 1214; x_wconf 78' lang='lat' dir='ltr'>atque</span> <span class='ocrx_word' id='word_1_749' title='bbox 1619 1179 1651 1205; x_wconf 81' lang='lat' dir='ltr'>ad</span> <span class='ocrx_word' id='word_1_750' title='bbox 1667 1180 1789 1206; x_wconf 90' lang='lat' dir='ltr'>omnium</span> <span class='ocrx_word' id='word_1_751' title='bbox 1805 1187 1854 1206; x_wconf 88' lang='lat' dir='ltr'>no-</span> 
     </span>
     <span class='ocr_line' id='line_1_103' title="bbox 1057 1216 1852 1252; baseline 0 -9"><span class='ocrx_word' id='word_1_752' title='bbox 1057 1221 1143 1243; x_wconf 84' lang='lat' dir='ltr'>strum</span> <span class='ocrx_word' id='word_1_753' title='bbox 1157 1217 1238 1243; x_wconf 90' lang='lat' dir='ltr'>vitam</span> <span class='ocrx_word' id='word_1_754' title='bbox 1250 1216 1419 1252; x_wconf 85' lang='lat' dir='ltr'>salutemque</span> <span class='ocrx_word' id='word_1_755' title='bbox 1431 1218 1573 1252; x_wconf 88' lang='lat' dir='ltr'>pertinent.</span> <span class='ocrx_word' id='word_1_756' title='bbox 1617 1218 1656 1243; x_wconf 72' lang='lat'>¹5.</span> <span class='ocrx_word' id='word_1_757' title='bbox 1669 1217 1793 1243; x_wconf 83' lang='lat' dir='ltr'>Potestne</span> <span class='ocrx_word' id='word_1_758' title='bbox 1804 1216 1852 1243; x_wconf 89' lang='lat' dir='ltr'>tibi</span> 
     </span>
     <span class='ocr_line' id='line_1_104' title="bbox 1058 1254 1854 1289; baseline 0.001 -9"><span class='ocrx_word' id='word_1_759' title='bbox 1058 1254 1123 1281; x_wconf 90' lang='lat' dir='ltr'>baec</span> <span class='ocrx_word' id='word_1_760' title='bbox 1135 1254 1190 1285; x_wconf 83' lang='lat' dir='ltr'>lux,</span> <span class='ocrx_word' id='word_1_761' title='bbox 1199 1254 1320 1285; x_wconf 83' lang='lat' dir='ltr'>Catilina,</span> <span class='ocrx_word' id='word_1_762' title='bbox 1335 1259 1380 1280; x_wconf 92' lang='lat' dir='ltr'>aut</span> <span class='ocrx_word' id='word_1_763' title='bbox 1392 1255 1474 1281; x_wconf 84' lang='lat' dir='ltr'>buius</span> <span class='ocrx_word' id='word_1_764' title='bbox 1485 1254 1550 1281; x_wconf 87' lang='lat' dir='ltr'>caeli</span> <span class='ocrx_word' id='word_1_765' title='bbox 1563 1254 1675 1289; x_wconf 87' lang='lat' dir='ltr'>spiritus</span> <span class='ocrx_word' id='word_1_766' title='bbox 1687 1262 1745 1280; x_wconf 88' lang='lat' dir='ltr'>esse</span> <span class='ocrx_word' id='word_1_767' title='bbox 1757 1254 1854 1281; x_wconf 90' lang='lat' dir='ltr'>iucun—</span> 
     </span>
     <span class='ocr_line' id='line_1_105' title="bbox 1057 1291 1851 1326; baseline -0.001 -8"><span class='ocrx_word' id='word_1_768' title='bbox 1057 1291 1122 1323; x_wconf 81' lang='lat' dir='ltr'>dus,</span> <span class='ocrx_word' id='word_1_769' title='bbox 1139 1300 1224 1326; x_wconf 89' lang='lat' dir='ltr'>quum</span> <span class='ocrx_word' id='word_1_770' title='bbox 1236 1293 1318 1323; x_wconf 86' lang='lat' dir='ltr'>scias,</span> <span class='ocrx_word' id='word_1_771' title='bbox 1337 1291 1431 1318; x_wconf 89' lang='lat' dir='ltr'>horum</span> <span class='ocrx_word' id='word_1_772' title='bbox 1444 1300 1503 1318; x_wconf 88' lang='lat' dir='ltr'>esse</span> <span class='ocrx_word' id='word_1_773' title='bbox 1515 1292 1662 1322; x_wconf 84' lang='lat' dir='ltr'>neminem,</span> <span class='ocrx_word' id='word_1_774' title='bbox 1679 1292 1726 1326; x_wconf 88' lang='lat' dir='ltr'>qui</span> <span class='ocrx_word' id='word_1_775' title='bbox 1743 1291 1851 1322; x_wconf 80' lang='lat' dir='ltr'>nesciat,</span> 
     </span>
     <span class='ocr_line' id='line_1_106' title="bbox 1057 1327 1853 1364; baseline 0 -9"><span class='ocrx_word' id='word_1_776' title='bbox 1057 1334 1082 1355; x_wconf 90' lang='lat' dir='ltr'>te</span> <span class='ocrx_word' id='word_1_777' title='bbox 1103 1329 1188 1364; x_wconf 84' lang='lat' dir='ltr'>pridie</span> <span class='ocrx_word' id='word_1_778' title='bbox 1205 1329 1337 1355; x_wconf 83' lang='lat' dir='ltr'>Kalendas</span> <span class='ocrx_word' id='word_1_779' title='bbox 1353 1330 1407 1356; x_wconf 89' lang='lat' dir='ltr'>Ian.</span> <span class='ocrx_word' id='word_1_780' title='bbox 1426 1328 1526 1364; x_wconf 82' lang='lat' dir='ltr'>Lepido</span> <span class='ocrx_word' id='word_1_781' title='bbox 1547 1334 1572 1355; x_wconf 91' lang='lat' dir='ltr'>et</span> <span class='ocrx_word' id='word_1_782' title='bbox 1592 1328 1671 1355; x_wconf 86' lang='lat' dir='ltr'>Tullo</span> <span class='ocrx_word' id='word_1_783' title='bbox 1694 1327 1853 1355; x_wconf 79' lang='lat' dir='ltr'>consulibus</span> 
     </span>
     <span class='ocr_line' id='line_1_107' title="bbox 1056 1365 1854 1397; baseline -0.001 -4"><span class='ocrx_word' id='word_1_784' title='bbox 1056 1367 1162 1393; x_wconf 85' lang='lat' dir='ltr'>stetisse</span> <span class='ocrx_word' id='word_1_785' title='bbox 1183 1367 1210 1393; x_wconf 92' lang='lat' dir='ltr'>in</span> <span class='ocrx_word' id='word_1_786' title='bbox 1231 1367 1339 1393; x_wconf 90' lang='lat' dir='ltr'>comitio</span> <span class='ocrx_word' id='word_1_787' title='bbox 1354 1375 1415 1393; x_wconf 89' lang='lat' dir='ltr'>cum</span> <span class='ocrx_word' id='word_1_788' title='bbox 1432 1365 1502 1393; x_wconf 77' lang='lat' dir='ltr'>telo?</span> <span class='ocrx_word' id='word_1_789' title='bbox 1522 1375 1646 1397; x_wconf 79' lang='lat' dir='ltr'>manum,</span> <span class='ocrx_word' id='word_1_790' title='bbox 1669 1365 1812 1393; x_wconf 86' lang='lat' dir='ltr'>consulum</span> <span class='ocrx_word' id='word_1_791' title='bbox 1827 1370 1854 1393; x_wconf 87' lang='lat' dir='ltr'>et</span> 
     </span>
     <span class='ocr_line' id='line_1_108' title="bbox 1056 1403 1854 1439; baseline 0 -9"><span class='ocrx_word' id='word_1_792' title='bbox 1056 1404 1210 1439; x_wconf 90' lang='lat' dir='ltr'>principum</span> <span class='ocrx_word' id='word_1_793' title='bbox 1222 1405 1338 1431; x_wconf 89' lang='lat' dir='ltr'>civitatis</span> <span class='ocrx_word' id='word_1_794' title='bbox 1350 1403 1595 1431; x_wconf 82' lang='lat' dir='ltr'>interficiendorum</span> <span class='ocrx_word' id='word_1_795' title='bbox 1606 1412 1715 1434; x_wconf 83' lang='lat' dir='ltr'>caussa.</span> <span class='ocrx_word' id='word_1_796' title='bbox 1732 1403 1854 1438; x_wconf 80' lang='lat' dir='ltr'>paravis-</span> 
     </span>
     <span class='ocr_line' id='line_1_109' title="bbox 1056 1441 1853 1476; baseline -0.001 -8"><span class='ocrx_word' id='word_1_797' title='bbox 1056 1441 1103 1468; x_wconf 79' lang='lat' dir='ltr'>se‘?</span> <span class='ocrx_word' id='word_1_798' title='bbox 1123 1441 1216 1468; x_wconf 89' lang='lat' dir='ltr'>sceleri</span> <span class='ocrx_word' id='word_1_799' title='bbox 1232 1450 1262 1468; x_wconf 92' lang='lat' dir='ltr'>ac</span> <span class='ocrx_word' id='word_1_800' title='bbox 1278 1441 1362 1468; x_wconf 82' lang='lat' dir='ltr'>furori</span> <span class='ocrx_word' id='word_1_801' title='bbox 1377 1446 1423 1468; x_wconf 90' lang='lat' dir='ltr'>tuo</span> <span class='ocrx_word' id='word_1_802' title='bbox 1438 1450 1490 1468; x_wconf 92' lang='lat' dir='ltr'>non</span> <span class='ocrx_word' id='word_1_803' title='bbox 1506 1446 1621 1468; x_wconf 84' lang='lat' dir='ltr'>mentem</span> <span class='ocrx_word' id='word_1_804' title='bbox 1633 1441 1751 1476; x_wconf 82' lang='lat' dir='ltr'>aliquam</span> <span class='ocrx_word' id='word_1_805' title='bbox 1763 1445 1809 1467; x_wconf 85' lang='lat' dir='ltr'>aut</span> <span class='ocrx_word' id='word_1_806' title='bbox 1820 1441 1853 1467; x_wconf 88' lang='lat' dir='ltr'>ti-</span> 
     </span>
     <span class='ocr_line' id='line_1_110' title="bbox 1056 1477 1851 1511; baseline -0.003 -5"><span class='ocrx_word' id='word_1_807' title='bbox 1056 1487 1156 1506; x_wconf 85' lang='lat' dir='ltr'>morem</span> <span class='ocrx_word' id='word_1_808' title='bbox 1173 1484 1264 1511; x_wconf 89' lang='lat' dir='ltr'>tuum,</span> <span class='ocrx_word' id='word_1_809' title='bbox 1282 1479 1329 1505; x_wconf 89' lang='lat' dir='ltr'>sed</span> <span class='ocrx_word' id='word_1_810' title='bbox 1346 1478 1479 1506; x_wconf 82' lang='lat' dir='ltr'>fortunam</span> <span class='ocrx_word' id='word_1_811' title='bbox 1490 1479 1519 1505; x_wconf 80' lang='lat' dir='ltr'>P.</span> <span class='ocrx_word' id='word_1_812' title='bbox 1532 1479 1563 1506; x_wconf 88' lang='lat' dir='ltr'>R.</span> <span class='ocrx_word' id='word_1_813' title='bbox 1576 1477 1732 1505; x_wconf 66' lang='lat' dir='ltr'>obstitisse?</span> <span class='ocrx_word' id='word_1_814' title='bbox 1751 1478 1788 1505; x_wconf 79' lang='lat' dir='ltr'>Ac</span> <span class='ocrx_word' id='word_1_815' title='bbox 1799 1479 1851 1505; x_wconf 77' lang='lat' dir='ltr'>iam</span> 
     </span>
     <span class='ocr_line' id='line_1_111' title="bbox 1055 1515 1852 1552; baseline -0.001 -9"><span class='ocrx_word' id='word_1_816' title='bbox 1055 1516 1100 1543; x_wconf 91' lang='lat' dir='ltr'>illa</span> <span class='ocrx_word' id='word_1_817' title='bbox 1121 1517 1227 1544; x_wconf 88' lang='lat' dir='ltr'>omitto:</span> <span class='ocrx_word' id='word_1_818' title='bbox 1250 1525 1338 1552; x_wconf 89' lang='lat' dir='ltr'>neque</span> <span class='ocrx_word' id='word_1_819' title='bbox 1359 1517 1430 1543; x_wconf 90' lang='lat' dir='ltr'>enim</span> <span class='ocrx_word' id='word_1_820' title='bbox 1451 1520 1515 1543; x_wconf 85' lang='lat' dir='ltr'>sunt</span> <span class='ocrx_word' id='word_1_821' title='bbox 1529 1520 1576 1543; x_wconf 84' lang='lat' dir='ltr'>aut</span> <span class='ocrx_word' id='word_1_822' title='bbox 1589 1515 1716 1547; x_wconf 83' lang='lat' dir='ltr'>obscura.</span> <span class='ocrx_word' id='word_1_823' title='bbox 1739 1519 1785 1542; x_wconf 84' lang='lat' dir='ltr'>aut</span> <span class='ocrx_word' id='word_1_824' title='bbox 1799 1524 1852 1542; x_wconf 89' lang='lat' dir='ltr'>non</span> 
     </span>
     <span class='ocr_line' id='line_1_112' title="bbox 1055 1553 1850 1589; baseline -0.001 -9"><span class='ocrx_word' id='word_1_825' title='bbox 1055 1553 1139 1580; x_wconf 86' lang='lat' dir='ltr'>multa</span> <span class='ocrx_word' id='word_1_826' title='bbox 1160 1558 1221 1589; x_wconf 86' lang='lat' dir='ltr'>post</span> <span class='ocrx_word' id='word_1_827' title='bbox 1240 1554 1393 1581; x_wconf 88' lang='lat' dir='ltr'>commissa.</span> <span class='ocrx_word' id='word_1_828' title='bbox 1434 1553 1544 1586; x_wconf 89' lang='lat' dir='ltr'>Quoties</span> <span class='ocrx_word' id='word_1_829' title='bbox 1565 1558 1593 1580; x_wconf 91' lang='lat' dir='ltr'>tu</span> <span class='ocrx_word' id='word_1_830' title='bbox 1613 1561 1655 1580; x_wconf 91' lang='lat' dir='ltr'>me</span> <span class='ocrx_word' id='word_1_831' title='bbox 1670 1553 1850 1589; x_wconf 75' lang='lat' dir='ltr'>designatum,</span> 
     </span>
     <span class='ocr_line' id='line_1_113' title="bbox 1054 1589 1853 1626; baseline -0.001 -8"><span class='ocrx_word' id='word_1_832' title='bbox 1054 1592 1160 1626; x_wconf 89' lang='lat' dir='ltr'>quoties</span> <span class='ocrx_word' id='word_1_833' title='bbox 1181 1591 1319 1618; x_wconf 90' lang='lat' dir='ltr'>consulem</span> <span class='ocrx_word' id='word_1_834' title='bbox 1340 1591 1488 1618; x_wconf 78' lang='lat' dir='ltr'>interficere</span> <span class='ocrx_word' id='word_1_835' title='bbox 1507 1596 1618 1618; x_wconf 85' lang='lat' dir='ltr'>conatus</span> <span class='ocrx_word' id='word_1_836' title='bbox 1638 1589 1686 1617; x_wconf 81' lang='lat' dir='ltr'>es?</span> <span class='ocrx_word' id='word_1_837' title='bbox 1714 1589 1784 1623; x_wconf 87' lang='lat' dir='ltr'>Quot</span> <span class='ocrx_word' id='word_1_838' title='bbox 1803 1598 1853 1626; x_wconf 85' lang='lat' dir='ltr'>ego</span> 
     </span>
     <span class='ocr_line' id='line_1_114' title="bbox 1055 1627 1853 1664; baseline -0.001 -9"><span class='ocrx_word' id='word_1_839' title='bbox 1055 1633 1114 1656; x_wconf 91' lang='lat' dir='ltr'>tuas</span> <span class='ocrx_word' id='word_1_840' title='bbox 1126 1629 1277 1664; x_wconf 86' lang='lat' dir='ltr'>petitiones,</span> <span class='ocrx_word' id='word_1_841' title='bbox 1291 1629 1326 1654; x_wconf 87' lang='lat' dir='ltr'>ita</span> <span class='ocrx_word' id='word_1_842' title='bbox 1337 1629 1478 1659; x_wconf 83' lang='lat' dir='ltr'>coniectas,</span> <span class='ocrx_word' id='word_1_843' title='bbox 1492 1633 1522 1654; x_wconf 87' lang='lat' dir='ltr'>ut</span> <span class='ocrx_word' id='word_1_844' title='bbox 1533 1629 1610 1654; x_wconf 85' lang='lat' dir='ltr'>vitari</span> <span class='ocrx_word' id='word_1_845' title='bbox 1622 1636 1673 1654; x_wconf 93' lang='lat' dir='ltr'>non</span> <span class='ocrx_word' id='word_1_846' title='bbox 1685 1636 1765 1663; x_wconf 86' lang='lat' dir='ltr'>posse</span> <span class='ocrx_word' id='word_1_847' title='bbox 1776 1627 1853 1654; x_wconf 84' lang='lat' dir='ltr'>vide—</span> 
     </span>
     <span class='ocr_line' id='line_1_115' title="bbox 1054 1665 1852 1701; baseline -0.003 -8"><span class='ocrx_word' id='word_1_848' title='bbox 1054 1671 1154 1697; x_wconf 87' lang='lat' dir='ltr'>rentur,</span> <span class='ocrx_word' id='word_1_849' title='bbox 1168 1674 1248 1701; x_wconf 87' lang='lat' dir='ltr'>parva</span> <span class='ocrx_word' id='word_1_850' title='bbox 1260 1665 1375 1700; x_wconf 89' lang='lat' dir='ltr'>quadam</span> <span class='ocrx_word' id='word_1_851' title='bbox 1387 1665 1564 1692; x_wconf 87' lang='lat' dir='ltr'>declinatione</span> <span class='ocrx_word' id='word_1_852' title='bbox 1575 1669 1608 1696; x_wconf 81' lang='lat' dir='ltr'>et.</span> <span class='ocrx_word' id='word_1_853' title='bbox 1623 1670 1652 1692; x_wconf 92' lang='lat' dir='ltr'>ut</span> <span class='ocrx_word' id='word_1_854' title='bbox 1662 1665 1745 1696; x_wconf 84' lang='lat' dir='ltr'>aiunt.</span> <span class='ocrx_word' id='word_1_855' title='bbox 1758 1673 1852 1700; x_wconf 89' lang='lat' dir='ltr'>corpo-</span> 
     </span>
     <span class='ocr_line' id='line_1_116' title="bbox 1054 1700 1848 1739; baseline -0.003 -9"><span class='ocrx_word' id='word_1_856' title='bbox 1054 1712 1082 1730; x_wconf 88' lang='lat' dir='ltr'>re</span> <span class='ocrx_word' id='word_1_857' title='bbox 1093 1703 1184 1739; x_wconf 77' lang='lat' dir='ltr'>effugi.</span> <span class='ocrx_word' id='word_1_858' title='bbox 1220 1702 1294 1729; x_wconf 83' lang='lat' dir='ltr'>Nihil</span> <span class='ocrx_word' id='word_1_859' title='bbox 1306 1703 1373 1739; x_wconf 86' lang='lat' dir='ltr'>agis.</span> <span class='ocrx_word' id='word_1_860' title='bbox 1387 1702 1455 1730; x_wconf 86' lang='lat' dir='ltr'>nihil</span> <span class='ocrx_word' id='word_1_861' title='bbox 1467 1700 1641 1739; x_wconf 79' lang='lat' dir='ltr'>assequeris[,</span> <span class='ocrx_word' id='word_1_862' title='bbox 1656 1701 1723 1728; x_wconf 89' lang='lat' dir='ltr'>nibil</span> <span class='ocrx_word' id='word_1_863' title='bbox 1736 1701 1848 1733; x_wconf 86' lang='lat' dir='ltr'>moliris,</span> 
     </span>
     <span class='ocr_line' id='line_1_117' title="bbox 1053 1738 1852 1776; baseline -0.001 -9"><span class='ocrx_word' id='word_1_864' title='bbox 1053 1741 1125 1776; x_wconf 90' lang='lat' dir='ltr'>quod</span> <span class='ocrx_word' id='word_1_865' title='bbox 1139 1741 1206 1767; x_wconf 88' lang='lat' dir='ltr'>mihi</span> <span class='ocrx_word' id='word_1_866' title='bbox 1218 1740 1298 1767; x_wconf 91' lang='lat' dir='ltr'>latere</span> <span class='ocrx_word' id='word_1_867' title='bbox 1309 1739 1395 1766; x_wconf 85' lang='lat' dir='ltr'>valeat</span> <span class='ocrx_word' id='word_1_868' title='bbox 1406 1741 1433 1767; x_wconf 92' lang='lat' dir='ltr'>in</span> <span class='ocrx_word' id='word_1_869' title='bbox 1446 1738 1590 1776; x_wconf 88' lang='lat' dir='ltr'>tempore]:</span> <span class='ocrx_word' id='word_1_870' title='bbox 1608 1748 1696 1775; x_wconf 88' lang='lat' dir='ltr'>neque</span> <span class='ocrx_word' id='word_1_871' title='bbox 1707 1744 1795 1766; x_wconf 87' lang='lat' dir='ltr'>tamen</span> <span class='ocrx_word' id='word_1_872' title='bbox 1806 1748 1852 1766; x_wconf 86' lang='lat' dir='ltr'>co-</span> 
     </span>
     <span class='ocr_line' id='line_1_118' title="bbox 1054 1776 1852 1810; baseline 0 -6"><span class='ocrx_word' id='word_1_873' title='bbox 1054 1779 1111 1805; x_wconf 86' lang='lat' dir='ltr'>nari</span> <span class='ocrx_word' id='word_1_874' title='bbox 1122 1787 1152 1805; x_wconf 89' lang='lat' dir='ltr'>ac</span> <span class='ocrx_word' id='word_1_875' title='bbox 1163 1777 1232 1804; x_wconf 90' lang='lat' dir='ltr'>velle</span> <span class='ocrx_word' id='word_1_876' title='bbox 1243 1777 1363 1804; x_wconf 88' lang='lat' dir='ltr'>desistis.</span> <span class='ocrx_word' id='word_1_877' title='bbox 1396 1779 1436 1804; x_wconf 73' lang='grc'>46.</span> <span class='ocrx_word' id='word_1_878' title='bbox 1452 1776 1562 1810; x_wconf 88' lang='lat' dir='ltr'>Quoties</span> <span class='ocrx_word' id='word_1_879' title='bbox 1574 1777 1626 1803; x_wconf 87' lang='lat' dir='ltr'>iam</span> <span class='ocrx_word' id='word_1_880' title='bbox 1639 1777 1686 1803; x_wconf 92' lang='lat' dir='ltr'>tibi</span> <span class='ocrx_word' id='word_1_881' title='bbox 1698 1781 1799 1803; x_wconf 87' lang='lat' dir='ltr'>extorta</span> <span class='ocrx_word' id='word_1_882' title='bbox 1810 1781 1852 1804; x_wconf 88' lang='lat' dir='ltr'>est</span> 
     </span>
     <span class='ocr_line' id='line_1_119' title="bbox 1052 1813 1851 1850; baseline -0.003 -8"><span class='ocrx_word' id='word_1_883' title='bbox 1052 1816 1107 1842; x_wconf 90' lang='lat' dir='ltr'>sica</span> <span class='ocrx_word' id='word_1_884' title='bbox 1118 1816 1168 1842; x_wconf 90' lang='lat' dir='ltr'>ista</span> <span class='ocrx_word' id='word_1_885' title='bbox 1179 1815 1212 1842; x_wconf 90' lang='lat' dir='ltr'>de</span> <span class='ocrx_word' id='word_1_886' title='bbox 1224 1815 1364 1841; x_wconf 85' lang='lat' dir='ltr'>manibusl</span> <span class='ocrx_word' id='word_1_887' title='bbox 1385 1815 1490 1850; x_wconf 85' lang='lat' dir='ltr'>quoties</span> <span class='ocrx_word' id='word_1_888' title='bbox 1502 1823 1564 1841; x_wconf 88' lang='lat' dir='ltr'>vero</span> <span class='ocrx_word' id='word_1_889' title='bbox 1575 1814 1674 1841; x_wconf 82' lang='lat' dir='ltr'>excidit</span> <span class='ocrx_word' id='word_1_890' title='bbox 1684 1822 1748 1841; x_wconf 80' lang='lat' dir='ltr'>casu</span> <span class='ocrx_word' id='word_1_891' title='bbox 1760 1813 1851 1849; x_wconf 88' lang='lat' dir='ltr'>aliquo</span> 
     </span>
     <span class='ocr_line' id='line_1_120' title="bbox 1053 1850 1849 1890; baseline -0.003 -11"><span class='ocrx_word' id='word_1_892' title='bbox 1053 1858 1079 1880; x_wconf 88' lang='lat' dir='ltr'>et</span> <span class='ocrx_word' id='word_1_893' title='bbox 1098 1852 1188 1888; x_wconf 89' lang='lat' dir='ltr'>elapsa</span> <span class='ocrx_word' id='word_1_894' title='bbox 1209 1853 1263 1879; x_wconf 82' lang='lat' dir='ltr'>est!</span> <span class='ocrx_word' id='word_1_895' title='bbox 1287 1851 1385 1890; x_wconf 83' lang='lat' dir='ltr'>[tamen</span> <span class='ocrx_word' id='word_1_896' title='bbox 1405 1861 1435 1879; x_wconf 85' lang='lat' dir='ltr'>ea</span> <span class='ocrx_word' id='word_1_897' title='bbox 1450 1860 1539 1879; x_wconf 88' lang='lat' dir='ltr'>carere</span> <span class='ocrx_word' id='word_1_898' title='bbox 1554 1851 1659 1878; x_wconf 89' lang='lat' dir='ltr'>diutius</span> <span class='ocrx_word' id='word_1_899' title='bbox 1674 1859 1726 1878; x_wconf 88' lang='lat' dir='ltr'>non</span> <span class='ocrx_word' id='word_1_900' title='bbox 1747 1850 1849 1888; x_wconf 85' lang='lat' dir='ltr'>potes:]</span> 
     </span>
     <span class='ocr_line' id='line_1_121' title="bbox 1052 1888 1849 1926; baseline -0.003 -9"><span class='ocrx_word' id='word_1_901' title='bbox 1052 1899 1122 1926; x_wconf 89' lang='lat' dir='ltr'>quae</span> <span class='ocrx_word' id='word_1_902' title='bbox 1137 1889 1248 1926; x_wconf 88' lang='lat' dir='ltr'>quidem</span> <span class='ocrx_word' id='word_1_903' title='bbox 1263 1890 1366 1925; x_wconf 90' lang='lat' dir='ltr'>quibus</span> <span class='ocrx_word' id='word_1_904' title='bbox 1381 1889 1430 1916; x_wconf 87' lang='lat' dir='ltr'>abs</span> <span class='ocrx_word' id='word_1_905' title='bbox 1446 1894 1470 1916; x_wconf 89' lang='lat' dir='ltr'>te</span> <span class='ocrx_word' id='word_1_906' title='bbox 1485 1889 1588 1916; x_wconf 81' lang='lat' dir='ltr'>initiata</span> <span class='ocrx_word' id='word_1_907' title='bbox 1604 1889 1687 1916; x_wconf 85' lang='lat' dir='ltr'>sacris</span> <span class='ocrx_word' id='word_1_908' title='bbox 1705 1897 1736 1915; x_wconf 87' lang='lat' dir='ltr'>ac</span> <span class='ocrx_word' id='word_1_909' title='bbox 1755 1888 1849 1916; x_wconf 80' lang='lat' dir='ltr'>devota</span> 
     </span>
     <span class='ocr_line' id='line_1_122' title="bbox 1053 1925 1849 1962; baseline -0.003 -8"><span class='ocrx_word' id='word_1_910' title='bbox 1053 1929 1100 1959; x_wconf 86' lang='lat' dir='ltr'>sit,</span> <span class='ocrx_word' id='word_1_911' title='bbox 1118 1928 1222 1958; x_wconf 77' lang='lat' dir='ltr'>nescio.</span> <span class='ocrx_word' id='word_1_912' title='bbox 1239 1927 1314 1962; x_wconf 88' lang='lat' dir='ltr'>quod</span> <span class='ocrx_word' id='word_1_913' title='bbox 1330 1935 1389 1953; x_wconf 89' lang='lat' dir='ltr'>eam</span> <span class='ocrx_word' id='word_1_914' title='bbox 1404 1935 1514 1954; x_wconf 84' lang='lat' dir='ltr'>necesse</span> <span class='ocrx_word' id='word_1_915' title='bbox 1530 1931 1609 1962; x_wconf 87' lang='lat' dir='ltr'>putas</span> <span class='ocrx_word' id='word_1_916' title='bbox 1621 1935 1680 1953; x_wconf 86' lang='lat' dir='ltr'>esse</span> <span class='ocrx_word' id='word_1_917' title='bbox 1690 1925 1810 1952; x_wconf 88' lang='lat' dir='ltr'>consulis</span> <span class='ocrx_word' id='word_1_918' title='bbox 1822 1926 1849 1952; x_wconf 90' lang='lat' dir='ltr'>in</span> 
     </span>
     <span class='ocr_line' id='line_1_123' title="bbox 1053 1963 1850 2001; baseline -0.003 -9"><span class='ocrx_word' id='word_1_919' title='bbox 1053 1974 1161 2000; x_wconf 87' lang='lat' dir='ltr'>corpore</span> <span class='ocrx_word' id='word_1_920' title='bbox 1172 1964 1298 2001; x_wconf 76' lang='lat' dir='ltr'>defigere.</span> <span class='ocrx_word' id='word_1_921' title='bbox 1319 1965 1374 1991; x_wconf 84' lang='lat' dir='ltr'>vn.</span> <span class='ocrx_word' id='word_1_922' title='bbox 1387 1965 1465 1991; x_wconf 86' lang='lat' dir='ltr'>Nunc</span> <span class='ocrx_word' id='word_1_923' title='bbox 1476 1972 1547 1996; x_wconf 81' lang='lat' dir='ltr'>vero,</span> <span class='ocrx_word' id='word_1_924' title='bbox 1560 1972 1629 1999; x_wconf 85' lang='lat' dir='ltr'>quae</span> <span class='ocrx_word' id='word_1_925' title='bbox 1641 1968 1685 1990; x_wconf 91' lang='lat' dir='ltr'>tua</span> <span class='ocrx_word' id='word_1_926' title='bbox 1696 1967 1737 1990; x_wconf 87' lang='lat' dir='ltr'>est</span> <span class='ocrx_word' id='word_1_927' title='bbox 1747 1963 1797 1990; x_wconf 88' lang='lat' dir='ltr'>ista</span> <span class='ocrx_word' id='word_1_928' title='bbox 1809 1963 1850 1990; x_wconf 87' lang='lat' dir='ltr'>vi-</span> 
     </span>
     <span class='ocr_line' id='line_1_124' title="bbox 1053 2001 1850 2037; baseline -0.003 -8"><span class='ocrx_word' id='word_1_929' title='bbox 1053 2003 1092 2030; x_wconf 85' lang='lat' dir='ltr'>ta!</span> <span class='ocrx_word' id='word_1_930' title='bbox 1116 2002 1160 2029; x_wconf 91' lang='lat' dir='ltr'>Sic</span> <span class='ocrx_word' id='word_1_931' title='bbox 1171 2003 1243 2029; x_wconf 86' lang='lat' dir='ltr'>enim</span> <span class='ocrx_word' id='word_1_932' title='bbox 1255 2003 1308 2028; x_wconf 87' lang='lat' dir='ltr'>iam</span> <span class='ocrx_word' id='word_1_933' title='bbox 1320 2006 1408 2028; x_wconf 89' lang='lat' dir='ltr'>tecum</span> <span class='ocrx_word' id='word_1_934' title='bbox 1420 2001 1522 2037; x_wconf 81' lang='lat' dir='ltr'>loquar,</span> <span class='ocrx_word' id='word_1_935' title='bbox 1537 2010 1590 2028; x_wconf 89' lang='lat' dir='ltr'>non</span> <span class='ocrx_word' id='word_1_936' title='bbox 1601 2005 1631 2027; x_wconf 88' lang='lat' dir='ltr'>ut</span> <span class='ocrx_word' id='word_1_937' title='bbox 1640 2001 1702 2028; x_wconf 87' lang='lat' dir='ltr'>odio</span> <span class='ocrx_word' id='word_1_938' title='bbox 1712 2005 1850 2036; x_wconf 87' lang='lat' dir='ltr'>permotus</span> 
     </span>
     <span class='ocr_line' id='line_1_125' title="bbox 1053 2037 1849 2075; baseline -0.003 -9"><span class='ocrx_word' id='word_1_939' title='bbox 1053 2049 1113 2066; x_wconf 86' lang='lat' dir='ltr'>esse</span> <span class='ocrx_word' id='word_1_940' title='bbox 1125 2040 1230 2070; x_wconf 80' lang='lat' dir='ltr'>videar,</span> <span class='ocrx_word' id='word_1_941' title='bbox 1243 2048 1297 2075; x_wconf 89' lang='lat' dir='ltr'>quo</span> <span class='ocrx_word' id='word_1_942' title='bbox 1307 2039 1405 2071; x_wconf 79' lang='lat' dir='ltr'>debeo,</span> <span class='ocrx_word' id='word_1_943' title='bbox 1418 2039 1466 2065; x_wconf 87' lang='lat' dir='ltr'>sed</span> <span class='ocrx_word' id='word_1_944' title='bbox 1476 2043 1507 2066; x_wconf 87' lang='lat' dir='ltr'>ut</span> <span class='ocrx_word' id='word_1_945' title='bbox 1517 2038 1707 2069; x_wconf 83' lang='lat' dir='ltr'>misericordia,</span> <span class='ocrx_word' id='word_1_946' title='bbox 1719 2046 1790 2073; x_wconf 84' lang='lat' dir='ltr'>quae</span> <span class='ocrx_word' id='word_1_947' title='bbox 1800 2037 1849 2065; x_wconf 88' lang='lat' dir='ltr'>tibi</span> 
     </span>
    </p>
   </div>
   <div class='ocr_carea' id='block_1_22' title="bbox 1023 2074 1850 2149">
    <p class='ocr_par' dir='ltr' id='par_1_24' title="bbox 1023 2074 1850 2149">
     <span class='ocr_line' id='line_1_126' title="bbox 1023 2074 1850 2112; baseline -0.004 -8"><span class='ocrx_word' id='word_1_948' title='bbox 1023 2077 1025 2105; x_wconf 67' lang='lat' dir='ltr'>i</span> <span class='ocrx_word' id='word_1_949' title='bbox 1053 2077 1127 2104; x_wconf 87' lang='lat' dir='ltr'>nulla</span> <span class='ocrx_word' id='word_1_950' title='bbox 1137 2077 1260 2104; x_wconf 85' lang='lat' dir='ltr'>debetur.</span> <span class='ocrx_word' id='word_1_951' title='bbox 1290 2077 1394 2104; x_wconf 90' lang='lat' dir='ltr'>Venisti</span> <span class='ocrx_word' id='word_1_952' title='bbox 1405 2076 1496 2112; x_wconf 91' lang='lat' dir='ltr'>paullo</span> <span class='ocrx_word' id='word_1_953' title='bbox 1507 2081 1567 2103; x_wconf 79' lang='lat' dir='ltr'>ante</span> <span class='ocrx_word' id='word_1_954' title='bbox 1577 2076 1606 2102; x_wconf 92' lang='lat' dir='ltr'>in</span> <span class='ocrx_word' id='word_1_955' title='bbox 1617 2080 1751 2102; x_wconf 83' lang='lat' dir='ltr'>senatum.</span> <span class='ocrx_word' id='word_1_956' title='bbox 1782 2074 1850 2108; x_wconf 87' lang='lat' dir='ltr'>Quis</span> 
     </span>
     <span class='ocr_line' id='line_1_127' title="bbox 1030 2113 1850 2149; baseline -0.002 -8"><span class='ocrx_word' id='word_1_957' title='bbox 1030 2115 1031 2118; x_wconf 76' lang='grc'>’</span> <span class='ocrx_word' id='word_1_958' title='bbox 1053 2120 1078 2141; x_wconf 85' lang='lat' dir='ltr'>te</span> <span class='ocrx_word' id='word_1_959' title='bbox 1089 2123 1122 2142; x_wconf 90' lang='lat' dir='ltr'>ex</span> <span class='ocrx_word' id='word_1_960' title='bbox 1133 2115 1182 2141; x_wconf 90' lang='lat' dir='ltr'>hac</span> <span class='ocrx_word' id='word_1_961' title='bbox 1193 2119 1264 2141; x_wconf 88' lang='lat' dir='ltr'>tanta</span> <span class='ocrx_word' id='word_1_962' title='bbox 1276 2114 1425 2149; x_wconf 81' lang='lat' dir='ltr'>frequentia</span> <span class='ocrx_word' id='word_1_963' title='bbox 1433 2135 1439 2146; x_wconf 86' lang='lat'>,</span> <span class='ocrx_word' id='word_1_964' title='bbox 1452 2122 1487 2140; x_wconf 83' lang='lat' dir='ltr'>ex</span> <span class='ocrx_word' id='word_1_965' title='bbox 1497 2117 1533 2140; x_wconf 91' lang='lat' dir='ltr'>tot</span> <span class='ocrx_word' id='word_1_966' title='bbox 1544 2113 1599 2140; x_wconf 88' lang='lat' dir='ltr'>tuis</span> <span class='ocrx_word' id='word_1_967' title='bbox 1610 2113 1704 2140; x_wconf 89' lang='lat' dir='ltr'>amicis</span> <span class='ocrx_word' id='word_1_968' title='bbox 1715 2121 1745 2139; x_wconf 89' lang='lat' dir='ltr'>ac</span> <span class='ocrx_word' id='word_1_969' title='bbox 1756 2120 1850 2139; x_wconf 82' lang='lat' dir='ltr'>neces-</span> 
     </span>
    </p>
   </div>
   <div class='ocr_carea' id='block_1_23' title="bbox 1048 2149 1850 2710">
    <p class='ocr_par' dir='ltr' id='par_1_25' title="bbox 1048 2149 1850 2710">
     <span class='ocr_line' id='line_1_128' title="bbox 1052 2149 1850 2187; baseline -0.004 -9"><span class='ocrx_word' id='word_1_970' title='bbox 1052 2153 1130 2178; x_wconf 88' lang='lat' dir='ltr'>sariis</span> <span class='ocrx_word' id='word_1_971' title='bbox 1142 2151 1287 2178; x_wconf 72' lang='lat' dir='ltr'>salutavit?</span> <span class='ocrx_word' id='word_1_972' title='bbox 1297 2151 1326 2178; x_wconf 91' lang='lat' dir='ltr'>Si</span> <span class='ocrx_word' id='word_1_973' title='bbox 1338 2152 1387 2179; x_wconf 83' lang='lat' dir='ltr'>hoc.</span> <span class='ocrx_word' id='word_1_974' title='bbox 1398 2155 1459 2187; x_wconf 89' lang='lat' dir='ltr'>post</span> <span class='ocrx_word' id='word_1_975' title='bbox 1469 2151 1611 2178; x_wconf 86' lang='lat' dir='ltr'>hominum</span> <span class='ocrx_word' id='word_1_976' title='bbox 1623 2149 1850 2176; x_wconf 74' lang='lat' dir='ltr'>memoriamem-</span> 
     </span>
     <span class='ocr_line' id='line_1_129' title="bbox 1052 2187 1849 2225; baseline -0.004 -9"><span class='ocrx_word' id='word_1_977' title='bbox 1052 2190 1113 2225; x_wconf 83' lang='lat' dir='ltr'>tigit</span> <span class='ocrx_word' id='word_1_978' title='bbox 1124 2189 1238 2220; x_wconf 86' lang='lat' dir='ltr'>nemini¹</span> <span class='ocrx_word' id='word_1_979' title='bbox 1257 2190 1330 2216; x_wconf 91' lang='lat' dir='ltr'>vocis</span> <span class='ocrx_word' id='word_1_980' title='bbox 1341 2193 1481 2224; x_wconf 85' lang='lat' dir='ltr'>exspectas</span> <span class='ocrx_word' id='word_1_981' title='bbox 1491 2187 1681 2215; x_wconf 86' lang='lat' dir='ltr'>contumeliam</span> <span class='ocrx_word' id='word_1_982' title='bbox 1689 2208 1695 2219; x_wconf 93' lang='lat'>,</span> <span class='ocrx_word' id='word_1_983' title='bbox 1712 2195 1798 2222; x_wconf 91' lang='lat' dir='ltr'>quum</span> <span class='ocrx_word' id='word_1_984' title='bbox 1809 2187 1849 2214; x_wconf 85' lang='lat' dir='ltr'>sis</span> 
     </span>
     <span class='ocr_line' id='line_1_130' title="bbox 1051 2223 1846 2263; baseline -0.004 -10"><span class='ocrx_word' id='word_1_985' title='bbox 1051 2227 1212 2263; x_wconf 83' lang='lat' dir='ltr'>gravissimo</span> <span class='ocrx_word' id='word_1_986' title='bbox 1233 2226 1334 2253; x_wconf 90' lang='lat' dir='ltr'>iudicio</span> <span class='ocrx_word' id='word_1_987' title='bbox 1359 2225 1546 2253; x_wconf 83' lang='lat' dir='ltr'>taciturnitatis</span> <span class='ocrx_word' id='word_1_988' title='bbox 1570 2223 1737 2260; x_wconf 78' lang='lat' dir='ltr'>oppressus?</span> <span class='ocrx_word' id='word_1_989' title='bbox 1765 2223 1846 2256; x_wconf 89' lang='lat' dir='ltr'>Quid,</span> 
     </span>
     <span class='ocr_line' id='line_1_131' title="bbox 1051 2260 1849 2299; baseline -0.004 -9"><span class='ocrx_word' id='word_1_990' title='bbox 1051 2264 1124 2299; x_wconf 88' lang='lat' dir='ltr'>quod</span> <span class='ocrx_word' id='word_1_991' title='bbox 1134 2264 1252 2290; x_wconf 78' lang='lat' dir='ltr'>adventu</span> <span class='ocrx_word' id='word_1_992' title='bbox 1263 2269 1309 2290; x_wconf 91' lang='lat' dir='ltr'>tuo</span> <span class='ocrx_word' id='word_1_993' title='bbox 1319 2264 1371 2290; x_wconf 82' lang='lat' dir='ltr'>ista</span> <span class='ocrx_word' id='word_1_994' title='bbox 1381 2263 1512 2290; x_wconf 86' lang='lat' dir='ltr'>subsellia</span> <span class='ocrx_word' id='word_1_995' title='bbox 1521 2261 1672 2289; x_wconf 79' lang='lat' dir='ltr'>vacuefacta</span> <span class='ocrx_word' id='word_1_996' title='bbox 1684 2260 1766 2288; x_wconf 71' lang='lat' dir='ltr'>sunt?</span> <span class='ocrx_word' id='word_1_997' title='bbox 1775 2260 1849 2297; x_wconf 87' lang='lat' dir='ltr'>quod</span> 
     </span>
     <span class='ocr_line' id='line_1_132' title="bbox 1050 2299 1848 2336; baseline -0.004 -8"><span class='ocrx_word' id='word_1_998' title='bbox 1050 2310 1143 2328; x_wconf 88' lang='lat' dir='ltr'>omnes</span> <span class='ocrx_word' id='word_1_999' title='bbox 1154 2301 1318 2332; x_wconf 84' lang='lat' dir='ltr'>consulares,</span> <span class='ocrx_word' id='word_1_1000' title='bbox 1326 2301 1374 2336; x_wconf 87' lang='lat' dir='ltr'>qui</span> <span class='ocrx_word' id='word_1_1001' title='bbox 1385 2301 1435 2327; x_wconf 88' lang='lat' dir='ltr'>tibi</span> <span class='ocrx_word' id='word_1_1002' title='bbox 1446 2308 1574 2336; x_wconf 86' lang='lat' dir='ltr'>persaepe</span> <span class='ocrx_word' id='word_1_1003' title='bbox 1584 2299 1617 2326; x_wconf 83' lang='lat' dir='ltr'>ad</span> <span class='ocrx_word' id='word_1_1004' title='bbox 1628 2299 1737 2326; x_wconf 84' lang='lat' dir='ltr'>caedem</span> <span class='ocrx_word' id='word_1_1005' title='bbox 1747 2299 1848 2326; x_wconf 86' lang='lat' dir='ltr'>consti-</span> 
     </span>
     <span class='ocr_line' id='line_1_133' title="bbox 1051 2335 1848 2373; baseline -0.005 -8"><span class='ocrx_word' id='word_1_1006' title='bbox 1051 2339 1100 2365; x_wconf 94' lang='lat' dir='ltr'>tuti</span> <span class='ocrx_word' id='word_1_1007' title='bbox 1113 2337 1230 2369; x_wconf 83' lang='lat' dir='ltr'>suerunt.</span> <span class='ocrx_word' id='word_1_1008' title='bbox 1244 2338 1326 2365; x_wconf 88' lang='lat' dir='ltr'>simul</span> <span class='ocrx_word' id='word_1_1009' title='bbox 1338 2343 1418 2373; x_wconf 87' lang='lat' dir='ltr'>atque</span> <span class='ocrx_word' id='word_1_1010' title='bbox 1429 2337 1564 2368; x_wconf 70' lang='lat' dir='ltr'>assedisfi,</span> <span class='ocrx_word' id='word_1_1011' title='bbox 1577 2340 1678 2372; x_wconf 85' lang='lat' dir='ltr'>partem</span> <span class='ocrx_word' id='word_1_1012' title='bbox 1689 2337 1768 2362; x_wconf 88' lang='lat' dir='ltr'>istam</span> <span class='ocrx_word' id='word_1_1013' title='bbox 1780 2335 1848 2362; x_wconf 87' lang='lat' dir='ltr'>sub-</span> 
     </span>
     <span class='ocr_line' id='line_1_134' title="bbox 1050 2372 1847 2411; baseline -0.004 -9"><span class='ocrx_word' id='word_1_1014' title='bbox 1050 2375 1190 2403; x_wconf 88' lang='lat' dir='ltr'>selliorum</span> <span class='ocrx_word' id='word_1_1015' title='bbox 1202 2375 1301 2402; x_wconf 87' lang='lat' dir='ltr'>nudam</span> <span class='ocrx_word' id='word_1_1016' title='bbox 1314 2380 1394 2411; x_wconf 90' lang='lat' dir='ltr'>atque</span> <span class='ocrx_word' id='word_1_1017' title='bbox 1405 2376 1512 2402; x_wconf 90' lang='lat' dir='ltr'>inanem</span> <span class='ocrx_word' id='word_1_1018' title='bbox 1523 2373 1709 2409; x_wconf 68' lang='lat' dir='ltr'>reliquerunt?</span> <span class='ocrx_word' id='word_1_1019' title='bbox 1719 2372 1778 2405; x_wconf 84' lang='lat' dir='ltr'>Quo</span> <span class='ocrx_word' id='word_1_1020' title='bbox 1788 2377 1847 2400; x_wconf 81' lang='lat' dir='ltr'>tan-</span> 
     </span>
     <span class='ocr_line' id='line_1_135' title="bbox 1049 2410 1847 2446; baseline -0.006 -5"><span class='ocrx_word' id='word_1_1021' title='bbox 1049 2413 1110 2440; x_wconf 90' lang='lat' dir='ltr'>dem</span> <span class='ocrx_word' id='word_1_1022' title='bbox 1122 2414 1211 2440; x_wconf 92' lang='lat' dir='ltr'>animo</span> <span class='ocrx_word' id='word_1_1023' title='bbox 1226 2413 1277 2440; x_wconf 88' lang='lat' dir='ltr'>hoc</span> <span class='ocrx_word' id='word_1_1024' title='bbox 1291 2413 1340 2440; x_wconf 87' lang='lat' dir='ltr'>tibi</span> <span class='ocrx_word' id='word_1_1025' title='bbox 1356 2412 1496 2439; x_wconf 81' lang='lat' dir='ltr'>ferendum</span> <span class='ocrx_word' id='word_1_1026' title='bbox 1511 2410 1610 2446; x_wconf 77' lang='lat' dir='ltr'>putas?</span> <span class='ocrx_word' id='word_1_1027' title='bbox 1640 2411 1680 2437; x_wconf 74' lang='lat'>⁴7.</span> <span class='ocrx_word' id='word_1_1028' title='bbox 1696 2410 1774 2437; x_wconf 88' lang='lat' dir='ltr'>Servi</span> <span class='ocrx_word' id='word_1_1029' title='bbox 1789 2418 1847 2437; x_wconf 84' lang='lat' dir='ltr'>me-</span> 
     </span>
     <span class='ocr_line' id='line_1_136' title="bbox 1050 2450 1846 2485; baseline -0.004 -8"><span class='ocrx_word' id='word_1_1030' title='bbox 1050 2450 1138 2477; x_wconf 88' lang='lat' dir='ltr'>hercle</span> <span class='ocrx_word' id='word_1_1031' title='bbox 1149 2451 1237 2477; x_wconf 90' lang='lat' dir='ltr'>meisi</span> <span class='ocrx_word' id='word_1_1032' title='bbox 1248 2459 1290 2477; x_wconf 88' lang='lat' dir='ltr'>me</span> <span class='ocrx_word' id='word_1_1033' title='bbox 1301 2450 1353 2477; x_wconf 90' lang='lat' dir='ltr'>isto</span> <span class='ocrx_word' id='word_1_1034' title='bbox 1367 2454 1444 2485; x_wconf 88' lang='lat' dir='ltr'>pacto</span> <span class='ocrx_word' id='word_1_1035' title='bbox 1459 2452 1620 2479; x_wconf 87' lang='lat' dir='ltr'>metuerent,</span> <span class='ocrx_word' id='word_1_1036' title='bbox 1638 2452 1667 2475; x_wconf 86' lang='lat' dir='ltr'>ut</span> <span class='ocrx_word' id='word_1_1037' title='bbox 1681 2451 1707 2474; x_wconf 82' lang='lat' dir='ltr'>te</span> <span class='ocrx_word' id='word_1_1038' title='bbox 1721 2451 1846 2474; x_wconf 86' lang='lat' dir='ltr'>metuunt</span> 
     </span>
     <span class='ocr_line' id='line_1_137' title="bbox 1049 2484 1846 2521; baseline -0.006 -6"><span class='ocrx_word' id='word_1_1039' title='bbox 1049 2497 1142 2515; x_wconf 87' lang='lat' dir='ltr'>omnes</span> <span class='ocrx_word' id='word_1_1040' title='bbox 1157 2489 1231 2515; x_wconf 82' lang='lat' dir='ltr'>cives</span> <span class='ocrx_word' id='word_1_1041' title='bbox 1247 2488 1300 2518; x_wconf 81' lang='lat' dir='ltr'>tui,</span> <span class='ocrx_word' id='word_1_1042' title='bbox 1323 2487 1433 2514; x_wconf 89' lang='lat' dir='ltr'>domum</span> <span class='ocrx_word' id='word_1_1043' title='bbox 1448 2494 1535 2513; x_wconf 91' lang='lat' dir='ltr'>meam</span> <span class='ocrx_word' id='word_1_1044' title='bbox 1551 2484 1754 2521; x_wconf 87' lang='lat' dir='ltr'>relinquendam</span> <span class='ocrx_word' id='word_1_1045' title='bbox 1765 2488 1846 2520; x_wconf 83' lang='lat' dir='ltr'>puta-</span> 
     </span>
     <span class='ocr_line' id='line_1_138' title="bbox 1049 2522 1845 2554; baseline -0.006 -2"><span class='ocrx_word' id='word_1_1046' title='bbox 1049 2534 1120 2552; x_wconf 89' lang='lat' dir='ltr'>rem:</span> <span class='ocrx_word' id='word_1_1047' title='bbox 1142 2530 1171 2552; x_wconf 86' lang='lat' dir='ltr'>tu</span> <span class='ocrx_word' id='word_1_1048' title='bbox 1183 2525 1232 2552; x_wconf 87' lang='lat' dir='ltr'>tibi</span> <span class='ocrx_word' id='word_1_1049' title='bbox 1243 2525 1342 2552; x_wconf 88' lang='lat' dir='ltr'>Urbem</span> <span class='ocrx_word' id='word_1_1050' title='bbox 1353 2533 1405 2551; x_wconf 89' lang='lat' dir='ltr'>non</span> <span class='ocrx_word' id='word_1_1051' title='bbox 1416 2522 1572 2550; x_wconf 73' lang='lat' dir='ltr'>arbitraris?</span> <span class='ocrx_word' id='word_1_1052' title='bbox 1591 2527 1626 2554; x_wconf 87' lang='lat' dir='ltr'>et,</span> <span class='ocrx_word' id='word_1_1053' title='bbox 1639 2522 1663 2549; x_wconf 91' lang='lat' dir='ltr'>si</span> <span class='ocrx_word' id='word_1_1054' title='bbox 1674 2530 1716 2548; x_wconf 88' lang='lat' dir='ltr'>me</span> <span class='ocrx_word' id='word_1_1055' title='bbox 1727 2522 1796 2548; x_wconf 86' lang='lat' dir='ltr'>meis</span> <span class='ocrx_word' id='word_1_1056' title='bbox 1805 2522 1845 2548; x_wconf 91' lang='lat' dir='ltr'>ci-</span> 
     </span>
     <span class='ocr_line' id='line_1_139' title="bbox 1049 2559 1843 2597; baseline -0.005 -8"><span class='ocrx_word' id='word_1_1057' title='bbox 1049 2563 1130 2589; x_wconf 88' lang='lat' dir='ltr'>vibus</span> <span class='ocrx_word' id='word_1_1058' title='bbox 1145 2563 1244 2589; x_wconf 88' lang='lat' dir='ltr'>iniuria</span> <span class='ocrx_word' id='word_1_1059' title='bbox 1259 2566 1417 2597; x_wconf 86' lang='lat' dir='ltr'>suspectum</span> <span class='ocrx_word' id='word_1_1060' title='bbox 1430 2565 1484 2587; x_wconf 81' lang='lat' dir='ltr'>tam</span> <span class='ocrx_word' id='word_1_1061' title='bbox 1493 2561 1612 2596; x_wconf 81' lang='lat' dir='ltr'>graviter</span> <span class='ocrx_word' id='word_1_1062' title='bbox 1622 2564 1702 2594; x_wconf 87' lang='lat' dir='ltr'>atque</span> <span class='ocrx_word' id='word_1_1063' title='bbox 1712 2559 1843 2586; x_wconf 82' lang='lat' dir='ltr'>offensum</span> 
     </span>
     <span class='ocr_line' id='line_1_140' title="bbox 1049 2595 1843 2634; baseline -0.006 -8"><span class='ocrx_word' id='word_1_1064' title='bbox 1049 2600 1178 2631; x_wconf 88' lang='lat' dir='ltr'>viderem,</span> <span class='ocrx_word' id='word_1_1065' title='bbox 1200 2608 1289 2626; x_wconf 84' lang='lat' dir='ltr'>carere</span> <span class='ocrx_word' id='word_1_1066' title='bbox 1309 2607 1352 2625; x_wconf 86' lang='lat' dir='ltr'>me</span> <span class='ocrx_word' id='word_1_1067' title='bbox 1371 2602 1481 2634; x_wconf 84' lang='lat' dir='ltr'>aspectu</span> <span class='ocrx_word' id='word_1_1068' title='bbox 1501 2598 1612 2628; x_wconf 86' lang='lat' dir='ltr'>civium,</span> <span class='ocrx_word' id='word_1_1069' title='bbox 1634 2605 1717 2632; x_wconf 89' lang='lat' dir='ltr'>quam</span> <span class='ocrx_word' id='word_1_1070' title='bbox 1736 2595 1843 2622; x_wconf 80' lang='lat' dir='ltr'>infestis</span> 
     </span>
     <span class='ocr_line' id='line_1_141' title="bbox 1048 2633 1844 2671; baseline -0.006 -7"><span class='ocrx_word' id='word_1_1071' title='bbox 1048 2637 1134 2664; x_wconf 89' lang='lat' dir='ltr'>oculis</span> <span class='ocrx_word' id='word_1_1072' title='bbox 1145 2637 1266 2664; x_wconf 92' lang='lat' dir='ltr'>omnium</span> <span class='ocrx_word' id='word_1_1073' title='bbox 1277 2636 1398 2671; x_wconf 88' lang='lat' dir='ltr'>conspici</span> <span class='ocrx_word' id='word_1_1074' title='bbox 1408 2635 1530 2662; x_wconf 89' lang='lat' dir='ltr'>mallem:</span> <span class='ocrx_word' id='word_1_1075' title='bbox 1552 2639 1594 2665; x_wconf 81' lang='lat' dir='ltr'>tu,</span> <span class='ocrx_word' id='word_1_1076' title='bbox 1607 2642 1694 2670; x_wconf 89' lang='lat' dir='ltr'>quum</span> <span class='ocrx_word' id='word_1_1077' title='bbox 1704 2633 1844 2660; x_wconf 89' lang='lat' dir='ltr'>eonscien-</span> 
     </span>
     <span class='ocr_line' id='line_1_142' title="bbox 1048 2671 1841 2710; baseline -0.006 -9"><span class='ocrx_word' id='word_1_1078' title='bbox 1048 2674 1084 2701; x_wconf 90' lang='lat' dir='ltr'>tia</span> <span class='ocrx_word' id='word_1_1079' title='bbox 1099 2673 1230 2701; x_wconf 88' lang='lat' dir='ltr'>scelerum</span> <span class='ocrx_word' id='word_1_1080' title='bbox 1246 2678 1354 2701; x_wconf 84' lang='lat' dir='ltr'>tuorum</span> <span class='ocrx_word' id='word_1_1081' title='bbox 1364 2681 1493 2710; x_wconf 83' lang='lat' dir='ltr'>agnoscas</span> <span class='ocrx_word' id='word_1_1082' title='bbox 1503 2672 1596 2699; x_wconf 87' lang='lat' dir='ltr'>odium</span> <span class='ocrx_word' id='word_1_1083' title='bbox 1607 2671 1729 2699; x_wconf 89' lang='lat' dir='ltr'>omnium</span> <span class='ocrx_word' id='word_1_1084' title='bbox 1739 2671 1841 2698; x_wconf 85' lang='lat' dir='ltr'>iustum</span> 
     </span>
    </p>
   </div>
  </div>
 </body>
</html>
