1941 3052
223 145 275 171 DE
307 143 493 170 FINIBUS
521 142 739 170 BONORUM
769 144 822 170 ET
851 143 1073 171 MALORUM
1109 145 1187 171 LIB.
1214 145 1249 171 11.
1277 144 1368 171 CAP.
1398 146 1422 170 ll
1449 146 1545 171 -15,

67 224 100 244 ne
110 215 174 242 honi
190 214 356 241 iudicemus:
381 223 429 241 nec
441 223 499 241 eam
510 214 652 247 cessando,
667 215 725 241 sive
737 214 860 250 gauden-

66 258 133 283 tem,
152 257 181 279 ut
196 252 366 286 Aristippus,
396 252 454 278 sive
471 260 522 278 non
534 251 677 283 dolentem,
691 256 720 278 ut
731 252 788 278 hic:
811 251 859 278 sed

66 289 169 326 agendo
181 289 284 324 aliquid
295 288 524 315 considerandove
534 297 706 324 quaeramus.
729 290 769 316 42.
786 289 859 321 Quae

66 331 180 362 possunt
200 326 294 353 eadem
315 331 405 352 contra
426 326 610 353 Carneadeum
631 326 700 352 illud
721 335 859 352 summum

68 365 168 391 bonum
183 363 253 390 dici:
279 363 353 398 quod
369 372 392 389 ls
408 372 459 390 non
475 368 537 395 tam,
552 368 580 390 ut
592 363 724 398 probaret,
737 363 857 398 protulit,

65 410 147 437 quam
162 406 191 428 ut
202 401 313 432 Stoicis,
337 401 503 435 quibuscum
519 400 621 427 bellum
633 400 755 436 gerebat,
775 409 861 435 oppo—

66 443 149 465 neret.
190 438 219 465 Id
235 443 324 465 autem
335 438 469 465 eiusmodi
481 443 529 469 est,
543 443 580 469 ut,
594 437 716 464 additum
728 437 762 464 ad
773 438 861 464 virtu-

65 481 128 507 tem,
151 477 333 502 auctoritatem
355 475 478 502 videatur
498 475 667 506 habiturum,
691 479 717 501 et
737 474 860 509 expletu—
882 479 891 501 ,¹

65 522 126 540 rum
146 513 281 540 cumulate
303 513 385 539 vitam
407 513 524 539 beatam:
556 512 589 538 de
612 521 666 547 quo
685 513 774 538 omnis
795 512 860 538 haec

65 551 188 586 quaestio
209 555 259 577 est.
300 551 367 576 Nam
390 552 438 585 qui
453 550 486 576 ad
502 550 629 576 virtutem
648 546 800 585 adiungunt
818 549 859 575 vel

65 588 240 623 voluptatem,
254 596 335 622 quam
347 596 428 614 unam
440 588 526 613 virtus
538 587 645 613 minimi
658 586 735 617 facit,
759 586 800 612 vel
812 595 860 612 va—

64 626 192 652 cuitatem
213 625 327 656 doloris,
349 634 417 659 quae
438 625 518 651 etiam
539 625 563 650 si
584 623 654 650 malo
669 628 752 654 caret,
771 628 859 650 tamen

66 671 118 689 non
130 667 170 689 est
181 671 319 689 summum
331 662 446 688 bonum:
472 662 625 688 accessione
636 665 749 687 utuntur
760 669 811 687 non
824 661 859 686 ita

66 700 210 734 probabili,
224 708 271 726 nec
283 704 381 730 tamen,
394 708 442 726 cur
454 699 481 725 id
493 703 546 725 tam
557 707 636 733 parce
647 703 756 732 tamque
768 698 860 723 restri-

65 742 105 764 cte
123 737 233 768 saciant,
251 736 383 772 intelligo.
423 736 506 769 Quasi
522 737 594 762 enim
606 735 752 761 emendum
762 736 801 761 eis
813 735 856 765 sit,

67 774 139 809 quod
151 774 250 801 addant
260 774 293 800 ad
305 775 445 804 virtutem,
466 774 585 808 primum
598 772 746 799 vilissimas
758 780 800 798 res
811 772 860 797 ad-

65 812 146 838 dunt:
159 811 257 838 deinde
269 811 390 846 singulas
401 811 500 845 potius,
517 819 599 845 quam
610 810 709 840 omnia,
721 817 791 844 quae
803 810 860 844 pri-

66 857 109 875 ma
125 854 217 875 natura
234 848 448 883 approbavisset.
471 848 511 874 43.
524 847 597 879 Quae
609 856 695 882 quum
706 847 824 873 Aristoni
835 851 860 873 et

67 886 196 922 Pyrrhoni
207 887 316 912 omnino
327 885 385 911 visa
397 889 460 911 sunt
470 893 518 919 pro
530 884 625 915 nihilo,
638 889 668 910 ut
678 885 747 910 inter
758 884 859 918 optime

66 923 154 950 valere
170 928 196 949 et
209 923 370 958 gravissime
386 927 521 957 aegrotare
537 921 606 948 nihil
618 930 728 956 prorsus
740 921 861 948 dicerent

64 961 203 991 interesse,
219 964 289 986 recte
300 960 353 986 iam
365 960 470 994 pridem
481 964 571 986 contra
577 967 622 985 eos
628 959 747 985 desitum
757 958 860 985 estdis-

65 998 164 1032 putari.

66 1035 187 1065 luerunt,
212 1039 242 1061 ut
252 1043 311 1061 eam
322 1043 412 1061 rerum
423 1034 567 1061 selectione
578 1033 773 1068 exspoliarent:

63 1073 88 1099 ei
99 1072 263 1107 quidquam,
281 1076 326 1098 aut
337 1071 408 1098 unde
420 1072 542 1102 oriretur¹
557 1071 659 1102 darent,
674 1076 719 1097 aut
730 1071 778 1097 ubi
790 1071 860 1097 nite-

64 1114 149 1136 retur:
177 1110 303 1136 virtutem
316 1110 412 1144 ipsam,
429 1118 510 1144 quam
522 1108 754 1143 amplexabantur,
767 1113 861 1135 sustu-

65 1147 162 1173 lerunt.
185 1146 302 1173 Herillus
313 1151 412 1178 autem,
427 1146 459 1172 ad
471 1147 612 1173 scientiam
623 1146 857 1177 omniarevocans,
881 1169 882 1172 ,

64 1193 149 1211 unum
165 1184 300 1219 quoddam
313 1184 414 1211 bonum
425 1184 507 1211 vidit:
533 1183 581 1210 sed
592 1192 641 1210 nec
654 1184 797 1218 optimum,
811 1192 859 1210 nec
881 1197 883 1201 ·

502 1222 593 1256 Itaque
610 1221 654 1247 hic
668 1221 726 1255 ipse
738 1221 792 1247 iam
803 1222 860 1255 pri-
881 1228 882 1235 ¹

63 1230 118 1256 quo
134 1222 187 1248 vita
204 1221 350 1257 gubernari
366 1222 461 1256 possit.

63 1259 126 1285 dem
138 1263 178 1285 est
189 1259 315 1286 reiectus.
337 1259 399 1286 Post
411 1260 483 1285 enim
495 1259 679 1294 Chrysippum
690 1267 743 1285 non
750 1267 813 1285 sane
820 1263 860 1285 est

64 1296 243 1331 disputatum.
286 1296 356 1323 XIV.
381 1297 495 1323 Restatis
512 1297 595 1331 igitur
610 1305 668 1322 VOS.
710 1296 776 1322 Nam
796 1304 859 1322 cum

63 1333 232 1360 Academicis
249 1334 348 1360 incerta
365 1333 474 1360 luctatio
490 1338 543 1360 est:
569 1334 617 1368 qui
629 1332 697 1359 nihil
713 1332 857 1364 affirmant,

64 1375 98 1402 et,
116 1371 195 1406 quasi
212 1371 353 1406 desperata
368 1372 520 1407 cognitione
531 1371 610 1401 certi,
626 1370 652 1397 id
664 1371 742 1405 sequi
754 1371 856 1402 volunt,
881 1380 882 1398 1

63 1408 254 1444 quodcumque
270 1408 419 1435 verisimile
436 1408 568 1435 videatur.
609 1409 650 1435 44.
663 1408 731 1434 Cum
742 1408 859 1443 Epicuro

63 1450 152 1472 autem
167 1445 217 1473 hoc
228 1451 268 1472 est
278 1446 340 1481 plus
351 1446 466 1482 negotii,
478 1445 552 1481 quod
563 1454 576 1472 e
588 1445 693 1480 duplici
703 1454 800 1481 genere
812 1454 859 1472 vo-

64 1483 174 1517 luptatis
193 1484 354 1510 coniunctus
372 1487 425 1510 est:
460 1483 588 1518 quodque
603 1487 630 1509 et
645 1483 716 1517 ipse,
737 1487 763 1510 et
778 1483 858 1509 amici

62 1521 136 1551 eius,
155 1525 181 1547 et
196 1520 274 1547 multi
286 1525 391 1555 postea,
404 1520 559 1547 defensores
571 1521 631 1546 eius
641 1521 788 1547 sententiae
800 1520 859 1547 fue-

63 1562 137 1584 runt:
164 1562 190 1584 et
204 1558 295 1584 nescio
309 1557 444 1593 quomodo
460 1558 497 1589 is,
521 1558 569 1593 qui
580 1557 764 1584 auctoritatem
776 1559 859 1584 mini-

64 1603 135 1621 mam
152 1594 246 1627 habet,
260 1596 406 1622 maximam
421 1596 486 1626 vim,
505 1594 701 1630 populus,cum
717 1595 772 1621 illis
784 1595 856 1622 facit.

61 1632 135 1665 Quos
152 1633 205 1659 nisi
221 1632 424 1668 redarguimus,
445 1633 534 1659 omnis
551 1633 651 1663 virtus,
667 1640 746 1659 omne
762 1632 855 1664 decus,

61 1670 150 1696 omnis
171 1678 232 1696 vera
253 1669 311 1696 laus
330 1670 477 1696 deserenda
494 1674 543 1696 est.
583 1670 619 1696 Ita
631 1674 779 1696 ceterorum
796 1679 859 1696 sen-

61 1707 153 1734 tentiis
171 1707 296 1738 semotis,
319 1707 481 1742 relinquitur
492 1715 544 1734 non
560 1707 628 1733 mihi
639 1716 701 1733 cum
713 1707 855 1743 Torquato,

62 1744 111 1771 sed
132 1745 225 1771 virtuti
248 1753 310 1771 cum
328 1744 465 1780 voluptate
483 1745 606 1771 certatio.
646 1744 732 1776 Quam
744 1745 856 1780 quidem

62 1782 236 1808 certationem
252 1782 332 1809 homo
347 1787 373 1809 et
388 1787 483 1809 acutus
499 1786 525 1809 et
534 1781 661 1818 diligens,
675 1782 855 1818 Chrysippus,

62 1827 114 1845 non
134 1820 282 1846 contemnit
302 1823 441 1854 totumque
461 1819 608 1846 discrimen
629 1820 731 1846 summi
748 1820 812 1846 boni
828 1821 856 1847 in

61 1855 155 1883 eadem
166 1858 364 1892 comparatione
374 1857 493 1892 positum
505 1861 590 1892 putat.
630 1857 686 1892 Ego
697 1861 786 1884 autem
798 1858 857 1884 exi-

61 1894 154 1924 stimo,
172 1894 196 1920 si
212 1894 355 1921 honestum
371 1894 475 1929 aliquid
490 1902 550 1920 esse
564 1894 720 1925 ostendero,
737 1894 810 1929 quod
822 1895 858 1922 sit

61 1931 153 1965 ipsum
169 1931 195 1957 vi
211 1939 258 1957 sua
274 1936 383 1966 propter
398 1939 482 1966 seque
496 1931 694 1966 expetendum,
712 1932 798 1958 iacere
811 1941 857 1958 ve—

61 1972 113 1994 stra
125 1969 225 1994 omnia.
266 1969 357 2003 Itaque
368 1977 408 1999 eo,
421 1968 500 2003 quale
512 1969 555 1999 sit,
570 1968 696 1999 breviter,
710 1974 739 1995 ut
751 1974 857 2004 tempus

61 2005 190 2040 postulat,
213 2006 370 2037 constitute,
383 2005 508 2032 accedam
525 2006 558 2032 ad
568 2006 658 2032 omnia
670 2006 724 2038 via,
737 2007 857 2042 Torqua-

61 2047 99 2076 te,
122 2043 174 2069 nisi
187 2044 313 2070 memoria
327 2042 391 2070 sorte
402 2042 539 2069 defecerit.

116 2081 157 2106 45.
182 2080 327 2107 llonestum
350 2081 432 2115 igitur
451 2080 478 2106 id
501 2080 692 2115 intelligimus,
718 2080 790 2115 quod
806 2081 857 2107 tale

59 2121 113 2149 est,
137 2122 179 2149 ut,
201 2117 317 2144 detracta
337 2118 412 2144 omni
428 2117 556 2148 utilitate,
573 2119 631 2144 sine
648 2117 712 2144 ullis
729 2120 856 2153 praemiis

61 2154 263 2190 fructibusque,
281 2164 328 2190 per
343 2156 472 2189 seipsum
484 2155 569 2190 possit
581 2156 638 2182 iure
651 2155 764 2182 laudari.
779 2156 856 2189 Quod

60 2191 140 2227 quale
161 2193 209 2224 sit,
224 2201 275 2219 non
287 2197 340 2219 tam
351 2192 521 2223 delinitione.
539 2201 593 2227 qua
604 2201 664 2219 sum
677 2201 757 2224 usus,
776 2193 856 2220 intel-

60 2229 109 2266 ligi
133 2234 232 2264 potest,
255 2229 431 2265 (quamquam
452 2229 620 2265 aliquantum
637 2231 749 2266 potest;)
772 2240 854 2266 quam

58 2268 198 2294 communi
213 2268 335 2294 omnium
352 2267 454 2294 iudicio
464 2271 490 2294 et
500 2268 595 2302 optimi
609 2269 744 2303 cuiusque
755 2269 855 2295 studiis

59 2308 140 2340 etque
155 2304 244 2331 sactis:
266 2305 313 2340 qui
326 2304 459 2340 permulta
470 2304 504 2331 ob
516 2313 574 2331 eam
586 2313 709 2331 caussam
722 2314 803 2332 unam
816 2305 855 2332 sa-

58 2342 146 2374 ciunt,
172 2343 236 2377 quia
246 2341 335 2373 decet,
361 2343 425 2377 quia
441 2346 555 2373 rectum,
568 2342 632 2377 quia
645 2342 787 2369 honestum
798 2348 851 2372 est:

58 2380 108 2406 etsi
120 2378 225 2406 nullum
236 2384 444 2406 consecuturum
456 2379 668 2406 emolumentum
675 2380 777 2407 vident.
802 2381 855 2407 llo-

59 2417 146 2443 mines
157 2417 240 2449 enim,
252 2419 301 2444 etsi
313 2417 375 2444 aliis
387 2417 494 2447 multis,
509 2421 595 2443 tumen
609 2416 658 2443 hoc
668 2425 722 2443 uno
732 2426 746 2444 a
759 2418 854 2444 bestiis

58 2453 208 2488 plurimum
223 2454 363 2486 disserunt,
381 2454 454 2490 quod
471 2455 599 2480 rationem
618 2454 717 2481 habent
733 2463 746 2480 u
759 2460 852 2481 nutura

58 2490 146 2517 datam
158 2496 329 2527 mentemque
340 2497 366 2519 et
376 2500 463 2518 acrem
475 2496 501 2518 et
511 2492 647 2527 vigentem
658 2491 852 2527 celerrimeque

58 2527 142 2555 multa
163 2529 245 2556 simul
266 2530 426 2565 agitantem,
448 2533 487 2559 et,
505 2533 534 2555 ut
550 2530 584 2555 itn
600 2528 702 2559 dicum,
716 2538 849 2565 sagacem,

56 2573 127 2600 quae
142 2570 168 2592 et
182 2574 291 2593 caussas
308 2576 397 2594 rerum
411 2571 437 2594 et
447 2567 650 2593 consecutiones
663 2566 765 2597 videat,
778 2571 804 2593 et
814 2567 853 2593 si-

57 2602 227 2629 militudines
260 2603 413 2635 transferat,
443 2608 470 2630 ct
489 2603 624 2630 disiuncta
644 2605 804 2639 coniungat,
827 2609 853 2631 et

56 2648 120 2666 cum
135 2640 322 2675 praesentibus
339 2641 426 2668 futura
442 2641 550 2676 copulet
560 2649 722 2676 omnemque
733 2641 852 2676 eomple-

56 2681 143 2705 ctatur
166 2678 237 2705 vitae
251 2679 442 2714 consequentis
462 2683 571 2706 statum.
613 2678 768 2714 Eademque
785 2679 851 2706 ratio

202 997 270 1024 Dum
282 997 354 1023 enim
367 997 394 1023 in
405 1005 458 1023 una
473 998 572 1023 virtute
584 997 624 1023 sic
634 997 724 1022 omnia
739 1004 798 1022 esse
810 1005 859 1023 vo—
881 1009 883 1015 >

811 1042 860 1060 nec
881 1039 883 1049 ¹

1641 146 1704 171 ⁴000

912 214 975 242 fecit
986 215 1124 242 hominem
1135 215 1277 242 hominum
1289 219 1468 250 appetentem.
1482 215 1706 250 cumquehisna-

911 257 968 279 tura
990 257 1015 279 et
1030 261 1154 279 sermone
1169 258 1194 280 et
1209 261 1261 279 usu
1276 257 1482 288 congruentem,
1500 257 1529 279 ut
1544 252 1679 287 profectus
1691 262 1705 279 a

911 290 1018 316 caritate
1034 290 1244 317 domesticorum
1261 299 1290 317 ac
1306 299 1417 316 suorum
1433 294 1522 324 serpat
1538 289 1659 325 longius,
1681 295 1707 316 et

911 336 939 353 se
956 326 1076 361 implicet
1091 328 1211 362 primum
1223 328 1339 358 civium,
1360 327 1458 354 deinde
1473 327 1595 354 omnium
1608 332 1707 354 morta-

912 364 979 390 lium
991 365 1129 391 societate:
1153 369 1244 399 atque,
1263 369 1291 391 ut
1302 364 1335 390 ad
1346 364 1490 400 Archytam
1502 365 1611 399 scripsit
1622 364 1704 394 Plato,

912 410 964 427 non
985 402 1038 427 sibi
1054 411 1083 428 se
1099 402 1149 428 soli
1164 407 1256 428 natum
1272 402 1439 433 meminerit,
1456 401 1504 428 sed
1521 402 1635 436 patriae,
1658 401 1707 428 sed

911 440 983 469 suiS,
1001 443 1031 465 ut
1046 440 1192 474 perexigua
1204 448 1266 474 pars
1277 440 1329 473 ipsi
1342 439 1519 474 relinquatur.
1542 439 1708 474 46.th110-

912 477 984 502 niam
996 476 1090 502 eadem
1102 482 1194 502 natura
1209 476 1384 511 cupiditatem
1397 477 1521 511 ingenuit
1535 476 1638 502 homini
1651 477 1707 502 veri

913 513 1038 543 videndi,
1056 513 1129 548 quod
1149 513 1277 540 facillime
1293 518 1416 548 apparet,
1433 522 1519 548 quum
1532 514 1610 539 vacui
1622 514 1704 543 curis,

911 551 992 576 etiam
1007 550 1074 585 quid
1087 551 1114 577 in
1125 551 1198 577 caelo
1210 551 1266 581 flat,
1284 552 1353 577 scire
1364 559 1489 576 avemus:
1513 551 1556 576 his
1568 551 1653 577 initiis
1666 552 1708 577 in-

911 588 985 614 ducti
995 588 1085 614 onmia
1101 597 1163 614 vera
1174 588 1330 623 diligimus,
1348 588 1374 614 id
1388 592 1428 614 est
1439 587 1541 619 fidelia,
1560 588 1705 623 simplicia,

911 625 1073 651 constantia:
1106 630 1162 652 tum
1188 634 1269 655 vana,
1293 625 1373 656 falsa,
1396 625 1516 651 fallentia
1531 624 1653 655 odimus,
1678 630 1708 651 ut

911 662 1043 693 fraudem,
1057 663 1217 697 periurium,
1234 662 1374 693 malitiam,
1388 663 1526 688 iniuriam.
1552 662 1653 688 Eadem
1665 671 1708 688 ra-

911 700 947 725 tio
963 699 1043 726 habet
1058 701 1085 725 in
1101 708 1129 726 se
1144 700 1276 735 quiddam
1291 700 1412 734 amplum
1428 704 1508 734 atque
1521 700 1704 735 magnificum,

911 736 944 763 ad
956 736 1145 771 imperandum
1158 738 1254 773 magis,
1267 746 1349 772 quam
1361 737 1393 763 ad
1402 737 1550 771 parendum
1557 746 1707 763 accommo-

911 773 1017 806 datum,
1050 775 1140 800 omnia
1162 774 1280 801 humana
1301 783 1353 800 non
1374 774 1523 800 tolerabilia
1539 774 1640 804 solum,
1659 774 1707 800 sed

911 811 991 837 etiam
1009 810 1078 837 levia
1089 811 1205 838 ducens:
1228 811 1313 838 altum
1324 811 1455 846 quiddam
1467 816 1492 837 et
1503 811 1651 842 excelsum,
1665 812 1708 838 ni-

912 848 950 874 hil
963 849 1071 879 timens,
1085 850 1187 875 nemini
1198 848 1307 879 cedens,
1321 857 1428 883 semper
1440 849 1583 874 invictum.
1607 850 1647 875 47.
1661 849 1699 875 At<

911 894 964 920 que
983 885 1026 911 his
1045 886 1132 912 tribus
1147 887 1295 922 generibus
1311 886 1485 912 honestorum
1502 886 1612 916 notatis,
1626 894 1708 920 quar-

911 928 968 949 tum
980 924 1112 957 sequitur,
1126 928 1151 950 et
1163 924 1190 950 in
1201 923 1295 949 eadem
1309 922 1521 958 pulchritudine,
1535 928 1560 949 et
1571 928 1663 958 aptum
1675 932 1708 949 ex

911 960 967 987 illis
982 960 1083 987 tribus:
1111 961 1138 987 in
1157 969 1210 996 quo
1229 962 1299 987 inest
1313 960 1378 987 ordo
1389 965 1415 987 et
1426 960 1582 987 moderatio.
1623 960 1707 987 Cuius

911 997 1091 1024 similitudine
1108 1002 1247 1033 perspecta
1264 999 1291 1024 in
1308 997 1454 1024 formarum
1470 998 1561 1032 specie
1576 1006 1605 1023 ac
1617 997 1708 1033 digni-

913 1040 978 1066 tate,
996 1036 1139 1062 transitum
1154 1040 1195 1062 est
1208 1036 1241 1062 ad
1254 1036 1419 1062 honestatem
1431 1035 1564 1061 dictorum
1578 1040 1656 1069 atque
1669 1035 1709 1061 la-

911 1078 1025 1099 etorum.
1060 1074 1128 1099 Nam
1138 1082 1172 1100 ex
1184 1073 1227 1099 his
1238 1073 1326 1099 tribus
1338 1072 1475 1104 laudibus,
1487 1081 1555 1107 quas
1569 1077 1628 1098 ante
1638 1072 1706 1103 dixi,

911 1115 936 1136 et
961 1111 1137 1137 temeritatem
1164 1110 1332 1141 reformidat,
1359 1115 1385 1136 et
1405 1118 1458 1136 non
1480 1110 1560 1136 audet
1579 1110 1707 1144 cuiquam

911 1152 957 1174 aut
984 1148 1056 1174 dicto
1080 1153 1204 1183 protervo
1232 1152 1278 1174 aut
1302 1147 1370 1174 sacto
1396 1156 1504 1173 nocere:
1547 1152 1708 1182 vereturque

910 1185 1062 1220 quidquam
1083 1190 1128 1212 aut
1149 1185 1235 1212 facere
1256 1190 1302 1212 aut
1318 1185 1405 1220 loqui,
1423 1184 1496 1220 quod
1515 1193 1611 1220 parum
1628 1184 1707 1211 virile

912 1222 1045 1249 videatur.

966 1260 1025 1286 XV.
1047 1261 1087 1286 48.
1110 1260 1198 1287 Habes
1218 1259 1341 1294 undique
1359 1259 1494 1294 expletam
1509 1263 1535 1285 et
1550 1258 1705 1293 perfectam,

911 1297 1058 1332 Torquate,
1072 1297 1185 1324 formam
1196 1297 1358 1324 honestatis:
1382 1305 1451 1332 quae
1463 1301 1515 1323 tota
1527 1296 1570 1322 his
1581 1301 1708 1331 quattuor

911 1335 1068 1366 virtutibus,
1091 1344 1161 1370 quae
1182 1344 1196 1361 a
1218 1339 1241 1361 te
1265 1343 1374 1369 quoque
1396 1338 1618 1361 commemoratae
1633 1339 1705 1364 sunt,

910 1373 1071 1399 continetur.
1112 1373 1185 1399 Hanc
1201 1381 1229 1398 se
1241 1377 1304 1398 tuus
1315 1372 1449 1406 Epicurus
1462 1373 1572 1398 omnino
1584 1372 1707 1406 ignorare

910 1409 985 1441 dicit,
999 1419 1081 1445 quam
1093 1415 1138 1437 aut
1149 1409 1257 1445 qualem
1265 1418 1324 1436 esse
1332 1410 1424 1439 velint,
1433 1410 1480 1444 qui
1489 1409 1624 1435 honestate
1632 1417 1708 1435 sum-

912 1456 986 1473 mum
1017 1448 1119 1474 bonum
1145 1448 1300 1474 metiantur.
1341 1447 1370 1474 Si
1391 1447 1464 1473 enim
1486 1446 1518 1472 ad
1541 1446 1706 1473 honestatem

909 1486 999 1511 omnia
1017 1485 1179 1516 referantur,
1197 1493 1285 1519 neque
1303 1485 1329 1511 in
1342 1494 1370 1511 ea
1385 1484 1549 1518 voluptatem
1563 1483 1654 1510 dicant
1667 1484 1708 1509 in-

910 1530 982 1555 esse,
999 1523 1036 1549 ait
1051 1531 1096 1549 eos
1112 1523 1186 1549 inani
1203 1531 1267 1549 voce
1281 1531 1390 1553 sonare,
1408 1522 1462 1556 (his
1476 1522 1548 1547 enim
1567 1521 1634 1555 ipsis
1647 1529 1708 1547 ver-

910 1560 952 1586 bis
965 1560 1070 1595 utitur,)
1086 1569 1173 1595 neque
1190 1559 1353 1595 intelligere,
1373 1567 1459 1594 neque
1476 1558 1579 1589 videre,
1594 1558 1645 1584 sub
1659 1558 1707 1584 hac

911 1606 974 1623 voce
996 1597 1143 1624 honestatis
1164 1606 1233 1632 quae
1254 1598 1289 1623 sit
1305 1596 1475 1623 subiicienda
1491 1596 1633 1622 sententia.
1675 1596 1708 1622 Ut

909 1635 982 1661 enim
1003 1635 1169 1661 consuetudo
1192 1634 1323 1669 loquitur,
1346 1634 1373 1661 id
1394 1633 1481 1660 solum
1504 1633 1604 1660 dieitur
1625 1633 1708 1659 hone-

909 1676 994 1703 stum,
1011 1671 1083 1707 quod
1094 1677 1134 1698 est
1146 1672 1269 1707 populari
1282 1671 1350 1698 sama
1361 1671 1520 1707 gloriosum.
1561 1670 1651 1702 Quod,
1667 1672 1708 1697 in-

909 1710 976 1744 quit,
991 1718 1156 1745 quamquam
1169 1708 1708 1744 voluptatibusquibusdamestsaepeiu-

909 1747 1037 1778 cundius,
1052 1752 1139 1774 tamen
1151 1746 1583 1782 expetitur-proptervoluptatem.
1607 1746 1646 1771 49.
1660 1746 1707 1771 Yi-

909 1784 1007 1816 ‹lesne,
1027 1794 1109 1820 quam
1125 1786 1161 1811 sit
1177 1793 1272 1819 magna
1288 1783 1442 1810 dissensio?
1462 1783 1643 1818 Philosophus
1660 1792 1708 1809 no—

910 1822 987 1853 bilis,
1010 1831 1024 1848 a
1043 1831 1098 1857 quo
1114 1832 1165 1848 non
1184 1822 1272 1848 solum
1289 1822 1401 1849 Graecia
1416 1826 1442 1848 et
1460 1821 1548 1851 Italia,
1566 1820 1614 1846 sed
1626 1821 1706 1847 etiam

908 1860 996 1886 omnis
1016 1859 1140 1886 barbaria
1156 1865 1287 1886 commota
1303 1864 1356 1890 est,
1380 1859 1522 1886 honestum
1538 1858 1605 1893 quid
1621 1859 1669 1885 sit.
1684 1859 1706 1884 si

910 1897 936 1923 id
958 1905 1009 1923 non
1031 1902 1072 1924 est
1093 1898 1120 1923 in
1142 1897 1292 1931 voluptate,
1319 1901 1398 1932 negat
1413 1905 1441 1922 se
1458 1895 1623 1931 intelligere:
1654 1897 1706 1921 nisi

910 1934 975 1961 forte
990 1934 1068 1965 illud.
1081 1934 1154 1970 quod
1166 1934 1350 1962 multitudinis
1362 1942 1467 1960 rumore
1483 1933 1615 1959 laudatur.
1651 1933 1707 1968 Ego

908 1977 998 1998 autem
1010 1972 1059 1999 hoc
1070 1973 1151 1999 etiam
1164 1976 1241 2007 turpe
1253 1981 1312 1999 esse
1326 1980 1406 2006 saepe
1420 1971 1523 1997 iudico:
1541 1975 1575 2001 et,
1589 1971 1707 2005 siquan-

908 2009 942 2035 do
958 2014 1035 2044 turpe
1054 2018 1106 2036 non
1117 2010 1166 2040 sit,
1184 2014 1240 2036 tum
1254 2019 1305 2036 non
1317 2018 1377 2036 esse
1389 2017 1440 2035 non
1453 2013 1543 2043 turpe,
1557 2016 1642 2042 quum
1654 2007 1680 2034 id
1692 2018 1705 2033 a

909 2046 1083 2073 multitudine
1100 2046 1233 2074 laudetur.
1273 2047 1350 2079 Quod
1366 2047 1389 2073 si
1404 2047 1440 2073 sit
1456 2046 1546 2080 ipsum
1564 2054 1610 2080 per
1625 2054 1653 2071 se
1665 2053 1707 2071 re—

908 2088 981 2110 ctum
998 2089 1077 2119 atque
1094 2083 1243 2115 laudabile,
1257 2093 1309 2111 non
1320 2084 1355 2110 ob
1365 2092 1424 2110 eam
1436 2091 1559 2109 caussam
1573 2087 1660 2109 tamen
1674 2082 1707 2108 il-

909 2120 955 2147 lud
973 2120 1028 2147 dici
1047 2121 1190 2148 honestum
1206 2130 1279 2151 esse,
1299 2122 1364 2156 quia
1382 2121 1529 2147 laudetura
1542 2119 1644 2149 multis,
1657 2119 1704 2145 sed

907 2158 971 2192 quia
983 2157 1034 2184 tale
1045 2159 1094 2189 sit,
1112 2163 1155 2188 ut,
1174 2158 1215 2184 vel
1227 2159 1250 2184 si
1268 2159 1421 2193 ignorarent
1432 2157 1459 2184 id
1471 2157 1607 2186 homines.
1628 2156 1668 2183 vel
1681 2157 1705 2182 si

907 2195 1120 2226 obmutuissent,
1138 2204 1187 2221 sua
1202 2201 1289 2222 tamen
1302 2195 1505 2230 pulchritudine
1518 2199 1589 2220 esset
1600 2194 1705 2228 specie-

906 2241 959 2267 que
973 2232 1119 2259 laudabile.
1146 2233 1237 2267 ltaque
1250 2232 1321 2258 idem
1334 2237 1426 2258 natura
1441 2232 1539 2261 victus,
1552 2232 1596 2257 cui
1608 2231 1704 2257 obsisti

907 2279 958 2296 non
980 2275 1079 2304 potest,
1102 2269 1169 2296 dicit
1183 2269 1236 2295 alio
1253 2269 1310 2295 loco
1326 2269 1365 2297 id.
1387 2268 1484 2304 quoda
1498 2274 1522 2295 te
1534 2270 1613 2295 etiam
1627 2268 1705 2302 paul-

908 2307 931 2333 lo
943 2312 1002 2333 ante
1014 2307 1116 2333 (lictum
1129 2312 1177 2337 cst,
1195 2316 1246 2333 non
1259 2315 1336 2341 posse
1350 2305 1466 2332 iucunde
1477 2307 1544 2335 vivi,
1559 2307 1610 2332 nisi
1623 2306 1703 2331 etiam

907 2344 1026 2371 honeste.
1066 2346 1108 2370 50.
1135 2344 1206 2376 Quid
1232 2353 1303 2370 nunc
1325 2345 1425 2369 leont-sto
1444 2343 1561 2369 dicitur?
1586 2342 1702 2371 idemne,

905 2381 977 2417 qumi
990 2381 1118 2408 iucundo?
1134 2382 1204 2417 Ergo
1220 2382 1268 2409 ita.
1287 2390 1337 2407 non
1350 2389 1428 2415 posse
1441 2380 1550 2406 honeste
1563 2380 1632 2409 vivi,
1651 2381 1703 2406 nisi

907 2419 1015 2445 honeste
1028 2420 1144 2445 vivatur.
1186 2419 1225 2445 An
1238 2419 1290 2445 nisi
1303 2417 1425 2453 popuhwi
1439 2417 1526 2443 fanin?
1535 2417 1598 2443 Sino
1609 2426 1638 2443 en
1653 2418 1704 2453 igi·

905 2461 948 2483 tur
959 2455 1076 2482 iucunde
1089 2460 1168 2492 nogat
1179 2465 1257 2491 posse
1268 2456 1343 2482 vivi?
1353 2455 1424 2487 Quid
1437 2455 1552 2489 turpius,
1566 2463 1647 2489 quam
1660 2463 1703 2480 sa-

905 2494 1003 2528 pientis
1016 2494 1098 2520 vitam
1109 2502 1142 2520 ex
1155 2494 1341 2528 insipientium
1353 2501 1475 2518 sermone
1488 2491 1622 2526 pendere?
1631 2492 1703 2524 Quid

904 2540 967 2566 ergo
984 2531 1033 2557 hoc
1050 2530 1106 2557 loeo
1123 2531 1249 2565 intelligit
1266 2529 1427 2556 honestum?
1451 2530 1526 2556 Certe
1543 2529 1625 2559 nihil.
1649 2530 1701 2555 nisi

904 2568 976 2603 quod
992 2569 1077 2602 possit
1094 2569 1183 2603 ipsum
1201 2573 1308 2603 propter
1323 2576 1351 2594 se
1367 2568 1424 2593 iure
1441 2566 1553 2592 laudari.
1595 2567 1661 2593 Num
1678 2568 1701 2592 si

904 2610 1011 2640 propter
1026 2605 1203 2640 voluptatem:
1221 2613 1291 2640 (piae
1307 2610 1347 2631 est
1362 2606 1409 2631 ista
1423 2604 1493 2633 taus.
1511 2612 1580 2639 quae
1592 2605 1677 2638 possit
1688 2613 1702 2629 e

905 2642 1016 2669 inneello
1028 2641 1100 2678 peti‘?
1116 2643 1172 2670 Non
1186 2644 1208 2669 is
1220 2643 1261 2669 vir
1271 2647 1323 2672 est,
1342 2647 1383 2673 ut,
1397 2650 1482 2677 quum
1495 2641 1659 2668 honestatem
1671 2650 1702 2667 eo

881 2698 883 2709 i
905 2680 960 2707 loco
972 2680 1077 2712 hebeat,
1091 2685 1120 2708 ut
1130 2680 1189 2708 sine
1201 2689 1230 2707 en
1243 2679 1360 2707 iucunde
1373 2684 1450 2716 neget
1460 2687 1539 2714 posse
1552 2680 1617 2706 vivi.
1633 2678 1700 2705 illud

1449 2729 1494 2753 127
