1941 3052
276 181 306 204 532
814 181 1078 207 AtNCEttT!

274 253 321 279 cst,
342 257 409 284 cquae
423 250 550 276 contraria
562 254 601 276 cst
615 251 748 277 avaritiae.
783 250 932 285 figes-tatis?
958 256 982 276 at
997 251 1059 277 liuic
1080 253 1089 268 Γ

273 286 382 321 quidem
398 291 469 321 pater
483 287 552 321 (nolo
567 288 679 314 nimium
694 288 790 322 dicere)
807 297 856 314 non
873 288 1058 314 tenuimmum
1081 298 1083 318 .’

274 325 461 358 patrimonium
485 325 601 358 reliquit.

274 370 399 395 uuignurn
415 366 459 387 aut
474 363 619 388 maximum
634 363 774 388 ‹licen-tur.

272 435 313 461 dis
329 435 491 470 proferendis
506 437 717 462 observabimus.
752 437 817 462 Nam
834 436 966 463 eiusmodi
982 446 1022 462 rcs
1036 441 1061 462 et

273 547 298 573 in
323 547 436 572 vivendo
459 547 560 581 fugitur
583 548 692 578 invidia,
717 549 755 573 sic
774 548 799 574 in
814 547 926 574 dicendo
949 547 1061 574 consilio
1081 561 1083 578 ς

273 585 370 610 vitatur
383 584 484 609 odium.
1081 581 1083 628 l

327 621 452 647 XXXIX.
468 623 508 647 5⁴.
534 622 678 655 Descriptio
701 622 859 651 nominatur.
880 630 948 657 quae
971 630 1058 647 rerum

271 659 490 692 consequentium
505 660 619 685 continet
631 660 796 694 perspicuam
807 664 832 685 ct
841 658 986 685 dilucidam
997 668 1058 684 cum
1081 662 1083 705 i

271 696 398 728 gravitate
413 697 612 730 expositionem.
630 697 678 722 hoc
689 697 779 723 modo:
796 696 895 728 Quodsi
911 697 1001 726 istum,
1019 705 1060 722 iu-

270 733 351 762 dices.
374 734 468 758 vestris
486 735 624 760 sententiis
645 734 827 764 liberaveritis,
848 734 946 763 statim.
963 734 1032 759 sicut
1046 742 1059 758 e
1081 763 1083 770 k

270 778 348 795 cavea
365 769 404 795 leo
418 771 516 796 missus
547 776 592 796 aut
605 770 693 805 aliqua
709 772 855 797 taeterrima
870 771 959 797 bellua
973 770 1058 796 soluta
1081 784 1082 788 =

271 816 303 832 ex
316 807 425 835 catenis.
444 807 562 834 volitabit
576 813 600 834 et
616 808 754 842 vag-'abitur
769 809 794 834 in
810 808 874 838 foro.
887 817 984 834 acuens
994 807 1060 833 den-

272 849 310 870 tes
324 844 351 870 in
365 845 496 880 cuiusque
512 844 638 876 fortunas,
655 847 681 871 in
696 855 788 872 omncs
802 847 900 872 amicos
915 851 993 880 atque
1008 846 1059 871 ini-
1080 846 1083 871 5

271 881 361 912 inicos,
379 886 453 908 notos
468 887 545 917 atque
560 883 662 918 ignotos
677 884 826 914 incursans,
838 884 950 909 aliorum
962 882 1057 908 famam

270 918 441 953 depcculans,
465 919 576 946 aliorum
595 925 675 954 caput
692 929 861 955 oppugnans,
886 920 997 946 aliorum
1012 919 1059 945 do-

270 965 344 981 mum
363 961 442 990 atque
456 966 560 983 omnem
577 957 703 983 familiam
720 957 894 993 perfringens,
912 956 1059 991 rempubli-
1081 967 1089 986 μ

269 1001 326 1019 cam
342 993 463 1020 funditus
479 994 646 1020 labefactans.
662 996 756 1027 Quare,
774 995 885 1025 iudices.
901 995 987 1021 eiicite
997 1003 1058 1020 eum
1081 1007 1089 1027 2

269 1030 302 1056 de
315 1031 430 1061 civitate,
448 1031 553 1058 liberate
567 1041 658 1058 omnes
674 1032 826 1065 formidine;
850 1033 929 1059 vobis
943 1032 1059 1066 denique

270 1068 335 1102 ipsis
349 1068 488 1095 consulite.
504 1069 570 1095 Nam
584 1070 606 1095 si
622 1070 702 1096 istum
715 1070 878 1104 impunitum
890 1069 1055 1100 dimiseritis,

269 1106 296 1131 in
311 1110 413 1132 vosmet
431 1107 512 1141 ipsos,
530 1107 594 1133 mibi
610 1108 717 1138 credite,
743 1107 823 1133 feram
843 1113 868 1134 et
882 1106 1058 1134 truculentam

270 1143 381 1170 bestiam
396 1144 570 1170 immiseritis.
606 1145 684 1171 Item:
706 1146 771 1171 Nam
786 1146 808 1171 si
823 1145 855 1171 de
870 1145 927 1175 hoc.
943 1144 1055 1174 iudices.
1080 1142 1081 1163 l

267 1190 377 1216 gravem
396 1182 552 1207 sententiam
573 1181 695 1213 tuleritis,
712 1191 765 1208 uno
779 1182 878 1209 iudicio
891 1181 972 1208 simul
987 1181 1058 1207 mul·
1079 1187 1087 1220 ς’

269 1223 307 1244 tos
326 1218 522 1254 iugulaveritis.
558 1219 672 1245 Grandis
691 1225 753 1246 natu
773 1228 876 1255 parens,
897 1219 975 1246 cuius
995 1227 1057 1253 spes
1079 1235 1080 1244 η

268 1256 413 1282 senectutis
435 1257 522 1282 omnis
545 1257 571 1282 in
595 1256 676 1283 huius
699 1257 874 1284 adolescentia
901 1257 985 1291 posita
1007 1260 1054 1286 est,
1079 1280 1080 1285 ,

268 1301 350 1327 quare
368 1292 431 1319 velit
449 1294 476 1320 in
491 1294 543 1320 vita
558 1303 673 1325 manere,
692 1303 743 1321 non
758 1295 879 1326 habehim
908 1293 955 1319 filii
971 1293 1055 1328 parvi,

268 1330 363 1364 privati
383 1331 464 1365 patris
483 1331 591 1362 auxilio,
613 1331 729 1359 ludibrio
748 1336 772 1358 et
790 1331 926 1367 despectui
942 1331 1057 1365 paternis

267 1368 383 1394 inimicis
406 1373 484 1394 erunt
505 1369 633 1403 oppositi;
663 1374 714 1395 tota
732 1369 829 1396 domus
847 1369 929 1395 huius
947 1368 1056 1403 indigna

267 1405 387 1432 concidet
404 1405 564 1438 calamitate3
593 1410 618 1432 at
635 1407 736 1433 inimici
752 1407 840 1433 statim
855 1405 1056 1441 sanguinolenta

268 1442 558 1477 palma,crudelissima
572 1444 680 1470 victoria
696 1444 779 1478 potiti,
793 1443 961 1470 insultabunt
973 1443 999 1468 in
1010 1442 1058 1468 ho-

267 1488 326 1506 rum
342 1481 463 1506 miserias
478 1485 503 1506 et
516 1480 625 1515 superbi
641 1490 667 1507 re
681 1481 762 1507 simul
777 1486 801 1507 et
816 1481 904 1507 verbis
927 1480 1057 1506 inveben—

267 1522 318 1543 tur.
353 1518 432 1543 Item:
458 1518 523 1544 Nam
547 1518 680 1544 neminem
699 1521 816 1544 vestrum
835 1518 914 1553 fugit,
929 1517 1056 1550 Quirites,

266 1559 340 1589 capta
355 1555 420 1580 urbe
434 1563 502 1589 quae
517 1556 638 1582 miseriae
651 1556 779 1590 consequi
793 1555 907 1582 soleant:
928 1563 999 1581 arma
1009 1555 1057 1589 qui
1085 1577 1086 1590 3

266 1596 354 1618 contra
370 1591 486 1623 tulerint,
506 1593 595 1619 statim
609 1593 793 1619 crudelissime
808 1592 985 1624 trucidantur;
1013 1600 1057 1618 ce-
1084 1619 1086 1624 ,

1084 1630 1085 1635 ¹
1107 1630 1260 1665 probantur,
1285 1633 1309 1654 et
1327 1636 1432 1654 rumore
1450 1628 1551 1663 populi=
1575 1637 1666 1664 quem.
1686 1637 1719 1656 ex
1732 1630 1897 1665 argumentis

267 1629 323 1659 teri.
344 1629 390 1663 qui
410 1634 522 1664 possunt
539 1638 586 1664 per
599 1635 710 1656 aetatem
724 1634 749 1656 et
763 1631 833 1656 xdres
848 1629 963 1656 laborem
978 1629 1054 1661 ferre,

266 1667 406 1700 rapiuntur
426 1667 452 1693 in
471 1668 640 1700 servitutem
668 1668 715 1702 qui
730 1676 781 1694 non
796 1671 917 1702 possunt,
934 1667 987 1693 vita
1001 1669 1057 1702 pri-

266 1708 375 1735 vantur;
404 1712 457 1730 uno
479 1704 596 1739 denique
617 1709 696 1739 atque
718 1704 810 1731 eodem
825 1709 942 1739 tempore
960 1704 1056 1730 domus

266 1740 356 1767 hostili
375 1740 466 1776 flagrat
484 1741 614 1772 incendio,
639 1746 664 1768 et
677 1750 745 1776 quos
764 1746 856 1768 natura
875 1746 919 1768 aut
934 1741 1056 1768 voluntas

266 1779 462 1804 necessitudine
480 1783 525 1805 aut
538 1778 721 1805 benevolentia
734 1779 882 1810 coniunxit,
902 1779 1057 1805 distrahun-

266 1820 322 1847 tur,
351 1815 427 1842 liberi
450 1816 546 1850 partim
568 1824 581 1842 e
603 1817 712 1851 gremiis
727 1821 866 1851 parentum
881 1816 1053 1851 diripiuntur,

265 1853 361 1887 partim
375 1853 403 1879 in
417 1853 478 1879 sinu
493 1853 658 1889 iugulantur,
674 1855 769 1888 partim
780 1858 839 1880 ante
853 1853 934 1888 pedes
948 1858 1056 1880 constu-

265 1894 386 1924 prantur.
420 1891 511 1922 Nemo,
536 1890 647 1923 iudices,
672 1895 720 1922 est,
744 1891 792 1926 qui
813 1891 898 1926 possit
915 1891 980 1917 satis
999 1899 1054 1917 rem

264 1928 393 1962 consequi
412 1928 500 1954 verbis
522 1936 570 1954 nec
588 1928 685 1955 referre
702 1929 818 1955 oratione
844 1927 1055 1964 magnitudinem

264 1964 431 1991 calamitatis.
465 1965 519 1992 Hoc
537 1973 633 2001 genere
651 1966 828 1992 exornationis
846 1965 889 1992 vel
907 1965 1056 2001 indignatio
1076 1981 1078 1994 Α

266 2001 308 2028 vel
323 2002 502 2029 misericordia
517 2007 602 2037 potest
614 2003 784 2034 commoveri,
804 2012 892 2038 quum
908 2011 950 2029 res
963 2011 1056 2029 conse—

265 2043 378 2073 quentes
395 2040 602 2074 comprehensae
620 2040 760 2067 universae
781 2041 923 2076 perspicua
941 2040 1056 2066 breviter

265 2077 452 2111 exprimuntur
465 2077 590 2104 oratione.

321 2113 379 2140 XL.
394 2115 435 2140 52.
454 2114 555 2141 Divisio
573 2118 622 2146 est,
641 2123 719 2150 quae,
739 2123 795 2141 rem
817 2123 957 2141 semovens
971 2114 1003 2141 ab
1017 2123 1053 2145 re,

266 2155 407 2186 utramque
420 2151 535 2178 absolvit
560 2152 659 2178 ratione
672 2152 800 2182 subiecta,
820 2152 870 2178 hoc
887 2151 978 2178 modo:
1003 2151 1056 2178 Cur
1084 2157 1085 2179 1

1084 2194 1085 2197 ’
1106 2189 1177 2223 (nam
1194 2188 1222 2215 id
1239 2187 1350 2223 quidem
1367 2187 1514 2213 obtundere
1535 2186 1681 2213 auditorem
1699 2191 1748 2218 est,
1769 2195 1820 2214 non
1838 2195 1897 2214 rem

265 2197 315 2224 ego
328 2196 400 2214 nunc
414 2188 462 2214 tibi
476 2188 624 2223 quidquam
637 2188 781 2215 obiiciam‘?
794 2189 822 2215 Si
836 2189 936 2224 probus
950 2197 987 2219 es.
1003 2197 1056 2215 non

266 2226 401 2258 meruisti;
417 2225 459 2252 sin
472 2225 620 2260 improbus,
633 2235 685 2252 non
694 2227 880 2252 commoveris.
894 2227 973 2252 Item:
985 2225 1055 2258 Quid

266 2271 338 2289 nunc
351 2271 400 2299 ego
413 2262 446 2289 de
459 2263 526 2289 meis
540 2263 690 2297 promeritis
703 2263 872 2297 praedicem?
889 2263 917 2289 Si
932 2263 1056 2288 memini-

266 2301 323 2332 stis,
340 2299 500 2333 obtundam3
528 2301 570 2326 sin
588 2299 664 2326 obliti
682 2301 755 2331 estis,
771 2309 857 2335 quum
871 2309 898 2326 re
912 2299 980 2326 nihil
994 2308 1056 2335 ege-

266 2338 327 2368 rim,
342 2336 409 2372 quid
422 2341 470 2368 est,
494 2337 567 2372 quod
581 2337 670 2363 verbis
683 2337 810 2372 proficere
823 2336 943 2372 possim‘?
974 2337 1053 2363 Item:

266 2375 337 2400 Duae
355 2383 397 2400 res
410 2378 482 2406 sunt,
503 2382 572 2409 quae
585 2379 698 2409 possunt
711 2373 833 2401 homines
847 2374 880 2401 ad
894 2379 970 2408 turpe
983 2382 1056 2400 com-

266 2411 395 2446 pendium
408 2419 583 2442 commovere,
598 2412 687 2446 inopia
701 2415 780 2446 atque
793 2412 912 2438 avaritia.
945 2411 980 2437 Te
994 2419 1056 2437 ava—

266 2456 327 2474 rum
340 2449 369 2475 in
380 2448 493 2475 fraterna
506 2448 638 2475 divisione
651 2449 839 2484 cognovimus3
855 2449 962 2483 inopem
976 2452 1055 2483 atque

266 2489 387 2521 egentem
401 2494 473 2512 nunc
486 2486 619 2512 videmus.
653 2485 704 2518 Qui
723 2490 796 2521 potes
809 2486 894 2521 igitur
907 2485 1053 2516 ostendere.

266 2530 389 2549 caussam
403 2522 525 2549 maleficii
539 2532 591 2549 non
605 2522 707 2549 fuisse?
731 2523 801 2549 luter
814 2523 882 2549 hanc
895 2522 1055 2549 divisionem

266 2564 292 2586 et
305 2559 388 2590 illam,
404 2568 473 2594 quae
486 2560 518 2586 de
533 2560 653 2594 partibus
667 2560 792 2586 orationis
806 2560 881 2586 tertia
895 2564 943 2590 est.
959 2559 992 2585 de
1001 2567 1055 2594 qua

267 2597 295 2623 in
313 2596 380 2622 libro
397 2597 483 2631 primo
500 2597 620 2623 diximus
638 2597 787 2623 secundum
806 2597 990 2627 narrationem,
1005 2596 1056 2622 hoc

267 2634 389 2660 interest:
415 2633 460 2659 illa
477 2634 574 2660 dividit
590 2643 638 2669 per
651 2634 876 2660 enumerationem
891 2638 936 2660 aut
949 2642 996 2668 per
1009 2641 1056 2659 ex—
1076 2639 1085 2663 l:

267 2671 434 2705 positionem,
454 2671 555 2705 quibus
573 2670 606 2697 de
623 2671 703 2697 rebus
721 2671 749 2697 in
767 2675 818 2697 tota
831 2671 947 2697 oratione
961 2670 1056 2705 dispu-

267 2708 331 2734 tatio
344 2707 432 2734 futura
447 2708 494 2741 sit;
515 2707 579 2735 haec
593 2717 621 2735 se
635 2708 725 2735 statim
738 2707 853 2743 explicat
866 2712 900 2740 et,
916 2707 991 2735 brevi
1004 2707 1056 2734 du-
1083 2717 1085 2732 i

637 326 682 351 llic
704 334 811 359 «inungue
832 326 941 350 vitutum
959 330 1007 355 cst,
1029 334 1060 351 ne
1088 342 1089 345 κ

810 362 861 388 ttoc
876 362 959 395 igitur
973 362 999 388 in
1015 371 1061 388 no-
1082 363 1090 398 ἓ,

272 399 334 424 stris
360 403 405 424 aut
419 408 518 428 corum,
535 408 602 433 quos
616 399 799 429 defendemus,
816 400 931 434 egregiis
944 407 1061 425 commo·
1082 401 1090 438 l!

852 438 856 442 ’
1088 463 1089 468 ,
1112 438 1185 463 abest
1208 438 1256 463 iste
1281 436 1361 462 vitio?
1381 437 1447 471 quid
1465 442 1513 467 est.
1535 438 1644 467 iudices,
1663 447 1711 464 cur
1731 439 1817 466 velitis
1835 448 1897 466 eum

273 473 399 498 invidiam
427 474 584 499 coinrabunt
599 474 624 499 in
641 474 692 499 vita
710 473 839 499 etodium
854 474 880 499 in
897 474 1020 503 oratione.
1037 474 1059 499 si
1082 492 1090 504 ,,

273 510 462 535 inconsiderate
478 515 579 536 tractes.
610 511 705 541 Quare,
722 510 947 544 quemadmodum
963 511 1060 536 ratione
1082 522 1089 530 ’π

1111 181 1359 208 AUCTonts

1110 252 1177 278 abun
1191 257 1235 277 aut
1251 251 1374 286 pluribus
1388 252 1508 286 partibus
1522 252 1667 279 subiiciens
1683 253 1804 284 rationes.
1820 261 1897 281 exor-

1111 294 1154 315 nat
1167 294 1319 314 orationem.

1167 326 1233 352 xm.
1259 326 1442 360 frequentatio
1463 331 1511 355 cst,
1535 335 1619 361 quum
1638 335 1679 353 res
1698 327 1724 353 in
1739 331 1789 354 tota
1803 336 1896 354 caum

1111 363 1245 398 dispersae
1263 367 1395 397 coguntur
1413 363 1438 388 in
1455 372 1546 392 unum.
1567 372 1621 398 quo
1638 365 1743 399 gravior
1757 370 1801 391 aut
1814 367 1898 392 acrior

1112 405 1156 426 aut
1174 400 1339 425 criminosior
1357 400 1440 425 oratio
1457 401 1498 430 sit.
1517 400 1564 426 boc
1579 406 1665 435 pacto:
1690 402 1709 427 Λ
1724 410 1778 436 quo
1792 402 1897 429 tandem

1113 473 1240 501 libcrarc‘?
1262 474 1331 499 Suae
1346 474 1488 508 pudicitiae
1503 475 1618 508 proditor
1631 480 1678 505 cst.
1699 476 1836 503 insidiator
1849 477 1898 503 nli-

1111 521 1188 542 enae;
1204 511 1327 545 cupidus.
1343 512 1528 545 intemperans.
1542 511 1671 546 petulans,
1684 514 1830 548 superbum
1847 514 1898 540 im-

1112 551 1172 584 pius
1188 550 1213 575 in
1228 553 1357 583 parentes.
1376 549 1494 583 ingratus
1509 549 1534 574 in
1550 550 1656 579 amicos.
1674 549 1786 577 infestus
1800 560 1897 587 cogna-

1111 587 1152 617 tis.
1170 587 1195 612 in
1210 587 1360 620 superiores
1374 591 1524 615 contumax.
1542 586 1567 612 in
1583 595 1680 621 aequos
1694 593 1718 614 et
1733 597 1808 623 pares
1823 588 1898 615 tasti-

1088 624 1089 637 ³
1110 624 1211 653 diosus,
1229 625 1254 650 in
1270 623 1406 649 inferiores
1420 623 1544 653 crudelis.
1557 624 1672 659 denique
1688 626 1713 651 in
1727 634 1819 651 omnes
1830 627 1898 652 into-

1112 660 1238 688 lerabilis.
1269 662 1309 686 53.
1330 660 1456 686 Eiusdem
1476 662 1580 693 generis·
1594 667 1633 687 est
1652 662 1696 688 illa
1712 662 1894 697 frequentatio,

1088 727 1089 731 Ἰ
1110 707 1178 732 quae
1201 698 1347 733 plurimum
1371 698 1593 724 coniecturalibus
1615 700 1718 726 caussis
1740 700 1894 734 opituletur.

1110 744 1194 770 quum
1209 736 1384 770 suspiciones.
1401 744 1469 769 quae
1483 737 1622 770 §epar-ssim
1637 737 1722 762 dictae
1737 738 1853 763 minutae
1872 741 1899 764 et

1111 773 1229 799 infirmae
1243 777 1324 802 erant,
1342 781 1424 798 unum
1445 773 1470 798 in
1487 772 1572 798 latum
1587 779 1689 799 coactae
1704 783 1757 800 rem
1773 774 1898 800 videntur

1111 811 1277 844 perspicuam
1293 809 1385 840 facere.
1403 818 1452 835 non
1468 811 1652 844 suspiciosam,
1669 811 1717 837 bo(-
1732 817 1819 846 pacto:
1845 811 1897 838 No-

1111 847 1155 873 lite
1178 848 1267 882 igitur,
1292 846 1380 877 nolite,
1405 847 1516 877 iudices,
1536 856 1647 882 eaquae
1672 849 1727 874 dixi
1754 849 1897 883 separatim

1110 889 1240 918 spectare;
1266 883 1312 910 sed
1331 884 1418 910 omnia
1436 884 1552 919 colligite
1574 889 1599 910 et
1621 885 1736 911 conferte
1755 886 1781 912 in
1800 894 1895 912 unum.

1111 922 1138 948 Si
1153 927 1177 948 ct
1195 921 1365 948 commodum
1384 920 1416 946 ad
1432 921 1512 947 istum
1527 930 1560 947 ex
1574 921 1647 947 illius
1662 928 1743 948 morte
1765 923 1895 954 veniebat.

1110 963 1135 985 et
1150 960 1201 985 vita
1221 959 1336 985 hominis
1355 963 1395 984 est
1413 959 1575 993 turpissima,
1592 960 1698 985 animus
1712 960 1895 991 avarissimus,

1111 995 1229 1022 fortunae
1247 996 1390 1022 familiares
1409 996 1642 1027 attenuatissimae,
1663 1002 1688 1023 et
1707 1006 1747 1023 res
1765 998 1815 1023 ista
1829 997 1898 1024 bono

1111 1034 1209 1060 nemini
1225 1038 1327 1068 praeter
1341 1033 1421 1058 istum
1437 1032 1496 1063 fuit.
1513 1042 1598 1068 neque
1612 1033 1681 1060 alius
1695 1035 1839 1069 quisquam
1854 1043 1899 1061 ae-

1109 1080 1162 1105 que
1176 1070 1322 1101 commode,
1338 1079 1425 1104 neque
1439 1070 1487 1096 iste
1501 1070 1560 1097 aliis
1577 1071 1802 1098 commodioribus
1819 1072 1899 1098 ratio-

1110 1109 1189 1134 nibus
1210 1107 1293 1134 facere
1316 1108 1409 1142 potuit.
1435 1116 1520 1142 neque
1543 1109 1712 1142 praeteritum
1735 1114 1775 1135 est
1796 1109 1829 1135 ab
1847 1109 1899 1136 isto

1109 1145 1267 1180 quidquam,
1291 1144 1363 1179 quod
1385 1153 1453 1179 opus
1476 1144 1555 1171 fuerit
1573 1145 1605 1172 ad
1625 1145 1794 1177 maleficium.
1811 1154 1899 1182 neque

1110 1183 1217 1213 factum,
1229 1182 1300 1217 quod
1315 1190 1382 1216 opus
1397 1191 1447 1208 non
1463 1181 1555 1215 fuerit3
1571 1187 1595 1209 et
1605 1191 1690 1218 quum
1703 1182 1775 1210 locus
1786 1183 1899 1210 idoneus

1108 1221 1224 1246 maxime
1237 1220 1384 1254 quaesitus,
1406 1223 1461 1245 tum
1475 1220 1577 1246 occasio
1594 1220 1766 1256 aggrediendi
1780 1229 1899 1247 commo-

1108 1257 1149 1287 da,
1167 1262 1272 1292 tempus
1287 1256 1401 1282 adeundi
1415 1258 1682 1291 opportunissimum,
1703 1259 1820 1292 spatium
1834 1267 1898 1285 con-

1079 1304 1087 1313 *
1109 1294 1213 1321 ficiendi
1229 1294 1415 1327 longissimum
1430 1299 1568 1328 sumptum
1583 1299 1631 1325 est,
1648 1304 1698 1321 non
1713 1296 1771 1322 sine
1781 1296 1898 1322 maxima

1107 1331 1256 1359 occultandi
1273 1327 1307 1367 [et
1321 1329 1483 1367 perficiendi]
1501 1331 1622 1358 maleficii
1636 1341 1697 1367 spe;
1725 1337 1751 1358 et
1765 1337 1898 1367 praeterea

1107 1374 1175 1400 ante,
1196 1378 1276 1403 quam
1296 1369 1400 1394 occisus
1418 1368 1497 1394 homo
1514 1369 1537 1394 is
1551 1374 1598 1399 est,
1620 1370 1670 1395 iste
1684 1370 1759 1396 visus
1773 1374 1812 1396 est
1826 1371 1852 1396 in
1866 1378 1898 1396 eo

1109 1406 1173 1437 loco,
1197 1407 1225 1432 in
1243 1414 1297 1440 quo
1314 1410 1354 1431 est
1367 1406 1464 1432 occisio
1478 1405 1553 1437 facta,
1577 1406 1665 1438 solus;
1693 1406 1784 1441 paullo
1796 1407 1899 1442 postia

1085 1455 1086 1458 ¹
1107 1444 1166 1478 ipso
1189 1442 1318 1469 maleficio
1340 1451 1392 1468 vox
1413 1442 1496 1473 illius,
1521 1443 1568 1478 qui
1591 1443 1767 1475 occidebatur¹
1791 1444 1894 1476 audita;

1085 1484 1086 1487 ’
1107 1481 1203 1507 deinde
1226 1484 1285 1515 post
1306 1480 1466 1506 occisionem
1488 1481 1571 1506 istum
1593 1480 1676 1507 multa
1699 1486 1773 1508 nocte
1786 1480 1897 1508 domum

1085 1532 1087 1546 ι
1108 1518 1219 1544 rediisse
1237 1521 1351 1549 constat3
1376 1521 1479 1551 postera
1493 1517 1535 1543 die
1550 1517 1694 1544 titubanter
1707 1523 1732 1545 et
1744 1519 1897 1545 inconstan-

1108 1560 1146 1582 ter
1159 1555 1192 1582 de
1205 1555 1336 1581 occisione
1350 1553 1423 1580 illius
1439 1553 1570 1587 locutum;
1591 1554 1654 1581 baec
1668 1556 1763 1590 partim
1778 1557 1898 1582 testimo-

1107 1593 1168 1623 niis.
1185 1593 1280 1627 partim
1294 1591 1498 1626 quaestionibus
1511 1596 1536 1618 et
1549 1593 1713 1627 argumentis
1726 1593 1815 1619 omnia
1824 1601 1897 1619 corn-

1107 1672 1207 1698 natum,
1224 1674 1331 1692 necesse
1345 1670 1385 1691 est
1398 1673 1456 1691 esse
1470 1675 1577 1692 verum:
1594 1671 1711 1692 vestrum
1722 1671 1770 1698 est.
1782 1666 1894 1698 iudices,

1107 1705 1149 1731 his
1168 1705 1194 1731 in
1213 1712 1298 1730 unum
1318 1702 1404 1729 locum
1423 1703 1533 1734 collatis.
1554 1708 1651 1730 certam
1669 1712 1775 1730 sumere
1788 1705 1897 1730 scienti-

1106 1751 1158 1773 am,
1179 1750 1230 1768 non
1249 1740 1429 1775 suspicionem
1448 1740 1580 1767 maleficii.
1614 1741 1680 1767 Nam
1695 1749 1780 1768 unum
1793 1740 1897 1776 aliquid

1107 1784 1152 1806 aut
1170 1778 1283 1805 alterum
1302 1782 1387 1812 potest
1405 1778 1433 1803 in
1451 1778 1533 1804 istum
1547 1786 1610 1804 casu
1623 1777 1751 1805 cecidisse
1764 1779 1897 1813 suspicio-

1106 1825 1147 1849 se;
1176 1821 1206 1842 ut
1223 1816 1312 1842 omnia
1326 1815 1394 1841 inter
1407 1823 1435 1840 se
1449 1823 1463 1841 a
1476 1815 1563 1850 primo
1576 1815 1609 1841 ad
1622 1820 1786 1850 postremum
1799 1823 1897 1842 eonve-

1106 1855 1179 1880 niant
1204 1850 1363 1890 [maleficia],
1389 1860 1497 1878 necesse
1520 1857 1559 1879 est
1581 1861 1645 1879 casu
1666 1861 1718 1879 non
1736 1861 1814 1888 posse
1828 1852 1894 1880 fieri.

1106 1891 1256 1918 Vehemens
1275 1890 1339 1916 haec
1356 1894 1396 1916 est
1419 1890 1553 1916 exornatio
1570 1890 1636 1916 etin
1650 1889 1820 1917 coniecturali
1832 1898 1897 1917 con-

1106 1929 1243 1955 stitutione
1261 1935 1371 1953 caussae
1386 1926 1468 1953 ferme
1481 1935 1587 1962 semper
1601 1928 1756 1958 necessaria,
1772 1931 1799 1953 et
1811 1927 1839 1954 in
1851 1935 1896 1954 c&

1106 1967 1169 1992 teris
1187 1964 1332 2001 generibus
1349 1972 1505 1991 caussarum
1523 1969 1549 1991 et
1561 1965 1590 1991 in
1603 1965 1675 1991 omni
1688 1965 1805 1991 oratione
1818 1963 1896 1991 adhi-

1105 2003 1191 2030 benda
1206 2010 1417 2036 nonnumquam.

1161 2040 1241 2066 XLII.
1257 2040 1299 2065 54.
1314 2038 1448 2073 Expolitio
1461 2043 1509 2069 est,
1525 2046 1611 2073 quum
1624 2039 1652 2064 in
1665 2037 1759 2065 eodem
1774 2038 1830 2065 1000
1839 2047 1896 2065 ma-

1106 2086 1209 2108 nemus,
1226 2081 1251 2103 et
1265 2075 1338 2102 aliud
1352 2080 1431 2110 atque
1445 2075 1517 2102 aliud
1531 2075 1617 2102 dicere
1631 2075 1762 2102 uidemur.
1793 2076 1831 2102 Ea
1843 2076 1898 2103 du-

1106 2115 1210 2150 pliciter
1224 2114 1260 2145 fit,
1276 2114 1299 2139 si
1313 2117 1358 2140 aut
1371 2112 1491 2139 eamdem
1505 2112 1582 2146 plane
1595 2111 1716 2139 dicemus
1734 2121 1790 2139 rem
1803 2118 1849 2140 aut
1861 2113 1897 2140 de

1106 2151 1198 2178 eadem
1216 2159 1253 2177 re.
1285 2149 1414 2177 Eamdem
1432 2158 1487 2176 rem
1505 2149 1626 2176 dicemus
1644 2158 1696 2177 non
1710 2149 1803 2176 eodem
1817 2150 1896 2177 modo

1107 2225 1244 2260 expolire),
1260 2224 1308 2251 sed
1320 2228 1488 2251 commutate.
1505 2223 1735 2251 Commutabimus
1745 2223 1892 2259 tripliciter.

1084 2277 1085 2285 κ
1106 2263 1204 2294 verbis,
1221 2261 1423 2297 pronuntiando,
1439 2261 1582 2288 tractando.
1611 2261 1705 2288 Verbis
1717 2261 1897 2288 commutabi-

1106 2309 1176 2331 mus,
1196 2308 1291 2334 quum,
1311 2307 1339 2324 re
1352 2298 1434 2324 semel
1449 2298 1528 2330 dicta,
1543 2299 1639 2324 iterum
1654 2302 1699 2324 aut
1711 2299 1820 2333 saepius
1833 2297 1894 2325 aliis

1107 2337 1205 2368 verbis,
1221 2344 1290 2371 quae
1303 2335 1373 2362 idem
1388 2334 1500 2366 valeant,
1516 2335 1607 2362 eadem
1622 2343 1663 2361 res
1677 2334 1832 2370 proferetur,
1844 2335 1896 2362 hoe

1106 2374 1197 2400 modo:
1220 2372 1333 2400 Nullum
1350 2377 1453 2398 tantum
1470 2377 1511 2399 est
1523 2371 1680 2407 periculum,
1701 2372 1774 2407 quod
1786 2373 1894 2407 sapiens

1106 2419 1153 2446 pro
1166 2411 1252 2437 salute
1265 2410 1364 2445 patriae
1377 2409 1516 2436 vitandum
1529 2409 1679 2435 arbitretur.
1697 2408 1787 2441 Quum
1801 2413 1895 2445 agetur

1105 2447 1274 2474 incolumitas
1288 2451 1415 2482 perpetua
1428 2447 1551 2477 civitatis,
1571 2446 1618 2481 qui
1633 2446 1710 2472 bonis
1723 2447 1773 2472 erit
1785 2446 1895 2473 rationi-

1105 2485 1158 2511 bus
1179 2484 1324 2519 praeditus.
1348 2483 1464 2519 profecto
1481 2482 1587 2510 nullum
1600 2483 1670 2509 vitae
1682 2482 1827 2510 discrimen
1839 2483 1894 2510 sihi

1105 2530 1154 2557 pro
1166 2521 1279 2548 fortunis
1293 2521 1455 2556 reipublicae
1468 2519 1626 2556 fugiendum
1639 2520 1752 2555 putabit,
1768 2525 1794 2546 et
1805 2520 1893 2549 eritin

1105 2567 1135 2585 ea
1149 2559 1278 2585 sententia
1291 2566 1404 2593 semper,
1428 2562 1457 2584 ut
1475 2565 1522 2592 pro
1535 2557 1619 2591 patria
1635 2557 1755 2584 studiose
1767 2557 1893 2592 quamvis

1084 2591 1085 2607 ³
1106 2597 1134 2622 in
1147 2604 1271 2632 magnam
1284 2594 1426 2621 descendat
1440 2595 1508 2620 vitae
1521 2593 1727 2621 dimicationem.
1750 2594 1893 2621 Pronunti-

1106 2633 1174 2659 ando
1187 2632 1420 2662 commutabimus,
1432 2631 1456 2657 si
1470 2636 1526 2658 tum
1539 2632 1568 2657 in
1581 2639 1702 2658 sermone
1715 2636 1774 2658 tum
1786 2631 1815 2658 in
1825 2631 1892 2658 auri-

1106 2671 1194 2696 monia
1212 2674 1270 2696 tum
1288 2670 1316 2696 in
1334 2669 1386 2696 alio
1402 2673 1481 2703 atque
1494 2668 1546 2695 atio
1558 2677 1654 2704 genere
1668 2669 1740 2695 vocis
1753 2672 1833 2704 atque
1844 2675 1892 2704 ge-

1106 2711 1173 2738 stus,
1198 2707 1290 2734 eadem
1312 2706 1401 2733 verbis
1423 2705 1621 2737 commutando.
1649 2705 1891 2741 pronuntiationem
