1941 3052
816 133 871 157 ⁴052.
904 131 939 157 M.

234 136 282 160 {9:22

970 130 1000 157 T.
1031 130 1282 157 CICERONIS

235 209 350 233 tuerunt,
365 203 441 232 bnt-c,
455 210 523 237 qumi
534 210 614 236 supra
626 201 737 235 scripsi,
755 201 786 226 nd
799 210 844 227 eos
854 200 940 227 delata
951 205 1024 226 aunt.
1052 200 1055 228 l
1076 201 1147 233 eum)
1173 201 1294 226 Ciceroni
1307 204 1361 230 tuo,
1379 209 1459 236 quem
1475 202 1568 236 quanti
1581 200 1670 230 facies,
1689 209 1751 235 prae
1763 205 1787 227 te
1798 199 1868 227 soles

236 241 415 268 l’robaverunt
427 248 548 265 (arissam
563 239 621 264 sine
634 238 686 263 ulln
699 238 878 268 dubitatione.
897 246 981 272 seque
992 237 1024 263 ad

235 283 258 305 te
281 278 379 304 litteras
399 277 508 302 ‹lattiros
528 285 586 300 esse
606 275 742 301 dixerunt.
787 276 842 309 ligo
863 279 965 306 autem,
989 275 1025 300 mi

236 315 343 343 l’lanve,
361 314 409 339 etsi
423 323 473 339 nou
486 312 642 338 dubitabam
652 333 657 343 ,
675 313 741 346 quin
757 317 783 338 et
797 317 906 338 senatus
917 311 1026 338 consul-

235 357 290 378 tum
306 356 330 376 et
343 351 384 376 lex
405 355 429 376 et
440 349 582 375 consulum
598 349 734 375 decretum
751 358 780 375 ac
798 349 898 376 litterae
914 348 985 383 apud
1003 353 1026 374 te

235 389 382 423 plurimum
399 387 562 412 auctoritatis
582 386 722 417 haberent,
746 391 824 421 teque
845 387 931 421 ipsius
948 386 1026 412 Attici

233 434 326 451 caussa
342 424 408 449 velle
422 423 617 450 intellexeram:
632 429 718 450 tanien
732 424 789 453 hoc,
803 432 850 458 pro
861 423 1027 449 coniunctio-

235 472 266 488 m·
278 467 302 487 et
315 461 498 487 benevolentia
512 466 613 490 nostra,
629 461 694 486 mibi
707 461 826 495 sumpsi,
841 465 869 487 ut
881 461 906 486 id
919 469 931 486 a
945 465 968 486 te
981 468 1027 494 pe-

235 504 330 528 terem,
348 498 420 533 qnod
437 503 480 524 tua
492 498 638 531 singularis
652 498 803 524 hunianitas
815 498 1027 531 suavissimique

235 545 321 562 mores
332 546 345 561 a
359 540 482 562 [cessent
495 535 671 569 impetraturi.
707 535 734 561 Id
747 541 834 561 autem
851 540 904 566 est,
923 539 951 560 ut
967 534 1025 564 boc,

233 573 306 608 quod
324 578 347 599 te
363 578 405 600 tua
423 577 516 607 sponte
532 572 663 598 fat-turum
676 582 734 598 esse
749 577 820 598 certo
832 573 900 603 seio,
920 572 1027 597 honoris

235 611 317 637 nostri
328 619 423 636 caussa
436 610 557 640 libenter,
572 609 684 644 prolixe,
697 609 820 636 celeriter
832 609 922 635 facias
940 610 964 635 5.
979 609 1028 634 Mi-

235 648 262 674 hi
275 657 353 674 nemo
364 652 404 674 est
415 648 534 677 amicior,
552 656 599 673 nce
612 647 763 678 iucundior,
777 656 825 673 nec
836 646 1025 673 cariorAttico:

233 686 312 711 (unius
324 690 400 711 antea
412 694 453 711 res
464 684 550 710 solum
565 684 705 710 familiaris
717 684 858 718 agebatur,
875 692 958 718 eaque
971 691 1028 709 ma-

233 731 298 758 gna,
313 731 384 748 nunc
395 722 507 748 accessit
519 722 598 748 etiam
611 722 783 753 existimatio,
798 726 835 752 ut,
851 721 922 756 quod
934 729 1028 747 conse-

233 765 312 786 cutus
324 764 363 786 est
375 768 470 794 magna
482 763 507 785 et
518 759 648 785 industria
660 764 686 785 et
696 760 789 793 gratia,
806 763 832 785 et
844 759 905 784 vivo
916 759 1028 784 Caesare

233 802 259 824 ct
276 801 392 827 mortuo,
412 797 451 827 id,
469 801 493 823 te
509 796 667 827 adiuvante,
684 797 812 822 obtineat.
853 795 929 828 Quod
944 796 966 821 si
979 804 992 820 a
1005 799 1028 820 te

233 835 284 861 erit
295 835 476 869 impetratum,
493 834 532 859 sic
545 833 625 860 velim
637 834 790 864 existimes,
807 841 848 859 me
859 833 892 858 de
905 838 947 858 tua
961 832 1028 858 libc-

234 872 336 898 ralitate
354 872 387 897 ita
405 872 653 905 interpretaturum,
672 876 700 897 ut
716 876 760 897 tuo
776 879 882 896 summo
898 870 1028 896 henelicio

234 918 276 935 me
287 909 410 935 affectum
422 908 550 934 iudicem.
575 908 640 943 Ego,
654 917 722 942 quae
734 913 757 934 te
769 907 847 938 velle,
860 915 984 942 quaeque
995 906 1028 932 ad

234 952 258 973 te
271 947 402 981 pertinere
414 946 571 976 arbitrabor,
580 945 700 972 studiose
707 945 906 981 diligenterque
917 944 1026 971 curabo.

230 980 269 1009 'lla
281 992 400 1018 operam,
413 988 443 1010 ut
454 982 552 1009 valeas.

287 1053 350 1073 XVI.
360 1053 384 1073 Β.
413 1055 443 1076 (In
453 1055 565 1075 I‘utenlnno,
575 1054 665 1075 Antonio,
675 1054 775 1071 Dulnbelln
787 1060 832 1071 σιμ,
845 1056 899 1074 Πα)

318 1097 461 1124 CICERO
481 1097 636 1124 PLANCO
655 1097 792 1123 PRAET.
815 1098 898 1124 DES.
919 1097 947 1124 S.

292 1145 315 1169 1.
338 1138 396 1169 lam
413 1148 487 1169 antea
501 1143 583 1177 petivi
595 1143 643 1169 abs
656 1148 679 1169 te
691 1152 739 1177 per
751 1143 866 1174 litteras,
884 1148 926 1174 ut,
944 1151 1029 1178 quum
1059 1167 1060 1170 ,

233 1189 328 1206 caussa
340 1180 539 1206 Buthrotiorum
552 1180 660 1214 probata
672 1189 685 1206 a
697 1181 857 1207 consulibus
868 1186 951 1211 esset,
968 1181 1031 1215 qui—

235 1218 286 1244 bus
298 1222 322 1243 et
335 1217 392 1252 lege
404 1222 429 1243 et
443 1222 551 1243 senatus
563 1217 684 1243 consulto
695 1218 859 1252 permissum
871 1223 939 1247 erat,
958 1223 986 1244 ut
997 1218 1030 1244 de

234 1255 355 1281 Caesaris
376 1255 441 1280 actis
461 1259 664 1289 cognoscerent,
687 1259 846 1285 statuerent,
870 1255 1028 1285 iudicarent,

234 1300 293 1318 cam
310 1300 365 1318 rem
380 1296 407 1318 tu
422 1291 565 1317 adiuvares
577 1293 748 1326 Atticumque
761 1298 895 1323 nostrum,
911 1294 990 1319 cuius
1007 1297 1030 1318 te

234 1329 386 1355 studiosum
398 1329 521 1364 cognovi,
536 1334 561 1355 et
572 1337 623 1359 me,
637 1330 685 1364 qui
698 1338 749 1356 nou
761 1331 852 1356 minus
865 1330 964 1361 laboro,
973 1338 1031 1356 mo-

235 1366 310 1392 lestia
329 1366 466 1392 liberares.

236 1403 319 1429 multa
334 1412 414 1438 opera
430 1408 455 1429 et
467 1402 555 1429 labore
566 1403 708 1434 consectis,
727 1404 790 1430 inte
802 1405 919 1439 positum
931 1410 984 1435 est,
1002 1409 1031 1431 ut

235 1446 339 1467 nostrae
350 1440 543 1467 sollicitudinis
556 1440 636 1467 finem
646 1449 728 1475 quam
740 1442 859 1476 primum
872 1441 957 1468 facere
968 1451 1031 1476 pos-

234 1479 331 1504 simus.
372 1478 541 1512 Quamquam
555 1478 746 1514 intelligimus,
765 1488 794 1505 ea
806 1484 829 1505 te
841 1488 900 1505 esse
912 1480 1031 1514 pruden-

235 1516 279 1546 tia,
294 1520 323 1541 ut
334 1514 436 1546 videas,
449 1515 473 1541 si
485 1524 514 1541 ea
526 1515 630 1542 decreta
642 1515 794 1547 consulum,
811 1525 879 1551 quae
890 1516 923 1543 de
935 1517 1031 1543 Caesa·
1059 1514 1060 1518 ¹

234 1553 271 1578 ris
283 1552 349 1578 actis
362 1553 517 1587 interposita
528 1557 600 1584 sunt,
609 1561 661 1579 non
673 1558 823 1584 serventur,
833 1562 957 1589 magnam
970 1563 1031 1588 per-

234 1589 413 1616 turbationem
427 1598 515 1615 rerum
529 1589 592 1616 sore.
633 1592 658 1617 2.
680 1590 824 1625 Equidem,
838 1600 923 1626 quum
936 1591 1028 1622 multa,

234 1626 307 1661 quod
321 1635 431 1653 necesse
447 1627 539 1653 eratin
555 1631 625 1654 tanta
640 1628 828 1662 occupatione,
847 1637 898 1655 non
915 1628 1032 1663 proben-

234 1669 286 1694 tur,
300 1672 369 1698 quae
381 1664 478 1690 Caesar
489 1665 622 1697 statue1-it3
636 1669 725 1691 tamen
736 1666 783 1691 otii
795 1666 925 1700 pacisque
935 1674 1030 1692 caussa
1060 1687 1061 1692 ,

233 1702 363 1727 acerrime
379 1701 424 1727 illa
440 1701 512 1727 soleo
527 1701 684 1728 defendere:
702 1702 775 1737 quod
789 1703 839 1729 tibi
851 1703 922 1729 idem
934 1711 1031 1738 magno

234 1747 313 1772 opere
325 1738 478 1764 faciendum
489 1747 598 1765 censeo:
612 1748 777 1774 quamquam
789 1740 855 1766 haec
861 1740 972 1774 epistola
979 1749 1030 1766 non

234 1776 354 1801 suasoris
365 1780 418 1806 est,
436 1775 484 1802 sed
496 1777 635 1811 rogatoris.

235 1850 377 1885 magisque
392 1858 426 1876 ex
441 1851 531 1876 animo
547 1858 624 1885 agere
640 1859 692 1877 non
708 1851 824 1885 possim,
842 1856 872 1877 ut
886 1856 969 1877 totum
981 1851 1031 1877 boc

236 1888 373 1922 negotium
384 1888 419 1913 ita
431 1896 508 1922 agas,
527 1887 562 1913 ita
574 1892 682 1918 tractes,
701 1888 734 1914 ita
747 1887 887 1919 conficias,
903 1893 945 1919 ut,
958 1888 1029 1923 quod

235 1924 294 1950 sine
306 1923 360 1950 ulla
371 1923 538 1950 dubitatione
551 1924 622 1958 apud
633 1924 757 1950 consules
772 1925 955 1956 obtinuimus,
969 1934 1032 1960 pro-

235 1965 294 1995 pter
305 1969 439 1987 summam
451 1961 596 1987 bonitatem
608 1966 634 1987 et
645 1962 807 1996 aequitatem
818 1970 928 1988 caussae
936 1983 942 1993 ,
960 1963 988 1988 id
1003 1968 1031 1989 tu

236 2006 284 2024 nos
295 1997 445 2024 obtinuisse
457 2006 509 2024 non
522 1998 600 2024 modo
611 1998 688 2024 facile
700 1999 810 2033 patiare,
818 1999 866 2025 sed
872 2001 953 2026 etiam
964 2008 1032 2035 gau-

235 2035 310 2061 deas.
349 2034 406 2067 Qua
422 2035 532 2069 quidem
550 2035 684 2062 voluntate
699 2041 723 2062 te
735 2037 745 2048 ⁸
758 2045 816 2062 esse
828 2045 890 2072 erga
901 2037 1029 2068 Atticum,

235 2080 315 2106 saepe
331 2080 457 2106 praesens
472 2077 498 2098 et
513 2072 553 2098 illi
568 2073 723 2104 ostendisti,
741 2078 766 2100 et
782 2082 845 2100 vero
858 2075 939 2100 etiam
950 2075 1029 2101 mihi.

235 2109 312 2141 Quod
322 2110 345 2135 si
358 2108 461 2140 feceris,
475 2118 526 2140 me,
540 2118 620 2144 quem
633 2110 768 2137 voluntate
779 2116 805 2137 et
815 2116 923 2145 paterna
938 2120 1032 2138 neces-

235 2146 354 2172 situdine
366 2147 539 2173 coniunctum
551 2156 657 2182 semper
669 2147 802 2179 habuisti,
818 2149 937 2175 maximo
948 2149 1032 2175 bene—

236 2183 296 2210 ficio
311 2183 467 2210 devinctum
484 2184 608 2210 habebis.
648 2184 733 2220 quue
748 2190 778 2212 ut
795 2185 891 2217 facias,
909 2190 934 2212 te
948 2186 1032 2213 vehe-

236 2225 339 2247 menter
349 2221 429 2247 etiam
441 2226 519 2256 atque
531 2222 610 2248 etiam
624 2230 698 2258 rogo.

288 2298 350 2320 XVL
362 2299 387 2320 C.
416 2301 447 2323 (Iu
457 2301 573 2324 Tusculano,
586 2301 677 2321 Antonio,
687 2301 787 2319 Dolabella
798 2307 845 2319 coss-
857 2303 912 2324 71⁰.)

384 2344 527 2371 CICERO
547 2344 734 2371 CAPITONI
755 2344 828 2371 SUO
848 2344 877 2371 S.

294 2392 316 2416 l.
338 2384 500 2424 Numquam
512 2390 604 2424 putavi
617 2389 684 2420 sore,
700 2394 730 2416 ut
743 2389 861 2424 supplex
871 2390 904 2416 ad
915 2395 940 2417 te
950 2390 1029 2417 veni-

235 2435 305 2452 rem:
328 2427 375 2453 sed
393 2427 500 2453 hercule
517 2426 593 2453 sacile
610 2427 695 2461 patior
705 2426 797 2452 datum
809 2432 925 2462 tempus,
938 2429 966 2454 in
977 2436 1031 2462 quo

236 2472 352 2489 amorem
364 2465 501 2498 experirer
512 2469 598 2490 tuum.
614 2464 732 2490 Atticum
744 2465 837 2498 quanti
849 2463 954 2495 faciam,
963 2465 1026 2491 scis.

235 2500 338 2526 Amabo
352 2506 385 2528 te.
394 2501 426 2527 da
439 2501 506 2527 mihi
518 2506 543 2527 et
555 2501 618 2527 hoc:
641 2500 801 2527 obliviscere
813 2509 871 2527 mea
882 2501 1030 2532 caussa,il-

238 2536 293 2561 lum
309 2537 454 2572 aliquando
465 2547 514 2564 suo
526 2538 661 2567 familiari,
678 2537 831 2564 adversario
842 2543 896 2569 tuo,
910 2538 1029 2565 voluisse

237 2573 403 2605 consultum,
426 2584 511 2609 quum
530 2575 605 2601 illius
621 2575 783 2600 existimatio
798 2580 930 2610 ageretur.
975 2576 1029 2602 Hoc

236 2610 354 2643 primum
376 2612 527 2646 ignoscere,
545 2617 584 2638 est
598 2612 772 2645 humanitatis
783 2616 856 2638 tuae:
879 2621 942 2639 suos
956 2613 1027 2639 enim

507 1366 640 1393 Omnibus
655 1367 727 1392 enim
744 1367 824 1393 rebus
845 1376 941 1403 magna
955 1376 1028 1398 cura,
1059 1384 1060 1393 l

675 1777 772 1811 Igitur,
791 1778 829 1803 mi
841 1777 949 1808 Plance,
968 1786 1031 1812 rogo
1060 1794 1061 1797 =

235 1817 273 1843 te,
291 1817 316 1839 et
332 1814 411 1839 etiam
426 1821 485 1844 oro,
503 1814 542 1839 sic
558 1813 664 1839 medius
680 1813 773 1844 lidius,
791 1818 820 1840 ut
830 1815 930 1840 maiore
941 1814 1031 1840 studio
1059 1838 1061 1842 ,

1053 260 1055 301 1

1054 309 1056 406 1

1078 237 1154 268 serre,
1168 242 1250 264 totum
1264 238 1312 263 boc
1323 237 1365 264 (la.
1379 238 1496 273 ut,quo‹l
1508 247 1614 272 »eriiper
1624 238 1869 267 existimus-imunt:

1078 275 1155 310 piune
1168 274 1325 308 intelligam.
1336 283 1377 300 me
1390 284 1403 300 a
1416 280 1439 301 te
1447 275 1560 301 multum
1568 276 1661 301 amari,
1684 278 1707 301 2.
1717 276 1869 301 Buthrotios

1077 322 1162 347 quum
1178 312 1274 337 Caesar
1294 311 1399 337 decreto
1417 320 1479 341 nuo,
1497 312 1567 347 quod
1584 321 1634 347 ego
1647 312 1790 348 olmignavi
1806 320 1868 338 cum

1079 349 1171 375 multis
1185 348 1362 383 amplissimis
1375 349 1449 378 viris,
1464 348 1641 378 liberavisset.
1654 350 1870 384 ostendis-seuque

1079 387 1166 416 nobis,
1181 394 1311 420 sequium
1323 386 1420 420 agrarii
1434 394 1504 411 [nare
1517 387 1682 416 transissent,
1693 387 1792 413 litteras
1805 387 1871 412 mis-

1054 451 1056 458 ,
1079 433 1182 453 surum,
1196 432 1276 458 quem
1291 422 1632 455 inagrumdmtnccrentur:
1645 424 1749 450 accidit.
1760 423 1871 449 uti-iubi-

1080 466 1104 487 to
1120 461 1163 486 ille
1177 460 1304 486 interiret.
1338 459 1446 489 Deinde,
1462 460 1689 494 quemadmodum
1700 466 1727 487 tu
1742 461 1805 488 scis.
1819 462 1871 486 sin-

1080 498 1194 524 terl'uisti
1215 498 1302 526 enim,
1325 505 1410 531 quum
1430 497 1554 522 consules
1568 502 1700 532 oporteret
1714 506 1747 524 ex
1762 502 1871 523 senatus

1079 535 1200 561 consulto
1220 534 1252 559 (le
1269 534 1334 559 actis
1349 534 1470 560 Caesaris
1485 536 1671 568 cognoscere.)
1687 543 1729 560 res
1744 534 1778 561 ab
1794 535 1827 560 iis
1845 535 1870 561 in

1081 572 1138 598 Kal.
1157 573 1214 598 lun.
1234 571 1315 597 dilata
1331 575 1380 597 est.
1421 572 1540 597 Accessit
1555 571 1587 597 ad
1599 577 1708 597 senatus
1718 571 1871 598 consultum

1081 610 1131 638 lex,
1148 618 1216 644 (piae
1230 608 1279 634 lata
1290 613 1364 634 esta.
1377 607 1404 634 d.
1418 616 1454 634 iv.
1468 609 1535 635 Non.
1548 609 1621 640 lun.;
1644 617 1713 643 quae
1726 608 1768 635 lex
1779 617 1870 635 earum

1080 656 1182 675 rerum,
1205 654 1273 680 quas
1284 646 1381 671 Caesar
1396 646 1545 676 statuisset,
1563 645 1741 675 decrevisset.
1761 646 1869 679 egisset,

1079 683 1237 709 consulibus
1249 683 1428 717 cognitionem
1440 682 1523 709 dedit.
1559 683 1658 709 Caussa
1673 683 1872 709 Buthrotiorum

1079 721 1164 747 ‹lelaia
1180 720 1262 746 estad
1274 719 1409 746 consules.
1450 720 1588 746 Decretum
1600 721 1721 746 Caesaris
1733 720 1872 746 recitatum

1079 763 1127 788 est,
1141 757 1253 784 etmulti
1267 762 1399 791 praeterea
1414 757 1498 783 libelli
1510 758 1631 783 Caesaris
1642 756 1747 792 prolati.
1769 758 1873 783 Consu-

1081 796 1118 821 les
1142 795 1175 821 de
1195 795 1301 821 consilii
1318 795 1447 820 sententia
1463 794 1639 820 decreverunt
1655 793 1804 820 secundum
1820 794 1874 820 Bu-

1080 833 1203 859 throtios:
1237 832 1363 858 Plancum
1385 831 1526 858 dederunt.
1561 834 1585 858 3.
1608 832 1698 861 Nunc,
1717 832 1753 857 mi
1768 831 1872 865 Capito,

1080 871 1144 904 (scio
1156 871 1237 899 enim,
1246 874 1377 904 quantum
1389 877 1495 903 semper
1506 868 1577 903 apud
1589 868 1816 903 eos,‹piil›uscum
1823 869 1871 898 sis.

1080 916 1158 942 posse
1173 907 1267 936 soleas‘,
1276 915 1306 932 co
1318 906 1379 940 plus
1391 906 1461 940 apud
1475 906 1610 932 hominem
1624 905 1783 931 facillimum
1794 910 1874 940 atque

1081 944 1308 971 humanissimum
1317 943 1464 976 Plancum.)
1476 944 1585 974 enitere,
1601 943 1716 973 elabora,
1730 942 1771 968 vel
1785 943 1874 977 potius

1081 981 1233 1010 eblandire,
1255 980 1345 1010 onice,
1364 986 1392 1007 ut
1408 980 1534 1010 Plancus,
1551 989 1632 1015 quem
1648 988 1726 1015 spero
1740 981 1874 1014 optimum

1080 1028 1149 1048 esse,
1166 1020 1200 1045 sit
1216 1019 1295 1044 etiam
1308 1017 1402 1044 melior
1412 1026 1491 1052 opera
1504 1022 1557 1044 tua.
1597 1017 1714 1043 Omnino
1725 1026 1767 1042 res
1778 1017 1875 1042 huius-

1058 1062 1060 1091 }
1081 1056 1153 1082 modi
1171 1055 1276 1081 videtur
1290 1063 1363 1085 esse,
1381 1060 1409 1081 ut
1420 1055 1477 1081 sine
1489 1055 1650 1089 cuiusquam
1661 1054 1745 1088 ⁴gratia
1761 1053 1874 1079 Plancus

1058 1103 1060 1105 ’
1081 1095 1148 1128 ipse,
1158 1102 1204 1128 pro
1217 1093 1324 1127 ingenio
1335 1097 1361 1118 et
1371 1092 1513 1126 prudentia
1521 1100 1578 1121 sua,
1588 1100 1639 1117 non
1651 1090 1874 1121 sitdubitaturus.

1081 1131 1147 1165 quin
1168 1130 1304 1156 decretum
1320 1128 1476 1159 consulum,
1493 1137 1609 1163 quorum
1625 1133 1650 1154 et
1662 1128 1719 1163 lege
1730 1133 1755 1154 et
1766 1132 1875 1154 senatus

1081 1167 1203 1194 consulto
1213 1167 1330 1202 cognitio
1340 1171 1366 1192 et
1377 1166 1508 1192 iudicium
1517 1165 1576 1196 suit,
1584 1171 1736 1192 conservet:
1754 1173 1875 1200 praeser-

1083 1206 1129 1231 tim
1144 1213 1243 1239 quum,
1267 1204 1316 1229 hoc
1326 1211 1424 1238 genere
1434 1203 1618 1238 cognitionum
1631 1202 1800 1232 labefactato,
1818 1206 1874 1228 acta

1059 1252 1060 1257 ¹
1082 1242 1203 1268 Caesaris
1215 1243 1241 1267 in
1252 1241 1367 1267 dubium
1380 1245 1490 1267 ventura
1503 1240 1657 1266 videantur:
1674 1248 1743 1274 quae
1755 1247 1806 1265 non
1818 1247 1876 1265 mo-

1082 1279 1115 1305 (lo
1132 1280 1160 1309 ii,
1178 1287 1293 1313 quorum
1305 1279 1424 1308 interest,
1439 1277 1487 1303 sed
1500 1278 1580 1304 etiam
1592 1278 1620 1308 ii,
1634 1277 1681 1312 qui
1694 1276 1738 1303 illa
1751 1285 1802 1303 non
1814 1284 1876 1311 pro·

1083 1317 1154 1347 bant,
1170 1317 1216 1343 otii
1229 1324 1324 1341 caussa
1338 1314 1489 1341 confirmari
1501 1314 1595 1341 velint.
1618 1315 1642 1340 4.
1654 1313 1731 1346 Quod
1741 1322 1826 1348 quum
1840 1314 1874 1340 ita

1059 1362 1060 1369 ¹
1082 1355 1125 1384 sit,
1145 1359 1231 1379 tamen
1245 1353 1354 1379 interest
1365 1357 1462 1382 nostra,
1480 1351 1609 1378 Plancum
1621 1351 1670 1378 boc
1680 1352 1770 1377 animo
1782 1350 1876 1377 libenti

1060 1730 1061 1733 ’
1082 1735 1134 1752 non
1155 1725 1255 1751 destiti.

1083 1390 1241 1426 prolixoque
1249 1390 1344 1416 facere.
1352 1389 1429 1421 Quod
1435 1394 1504 1415 certe
1511 1389 1597 1419 saciet,
1607 1389 1630 1415 si
1637 1394 1663 1415 tu
1672 1387 1798 1415 nervulos
1804 1393 1873 1418 tuos,

1082 1428 1151 1454 mihi
1162 1436 1241 1462 saepe
1252 1427 1382 1462 cognitos
1391 1427 1615 1461 suavitatemque,
1624 1435 1676 1461 qua
1689 1425 1821 1452 nemotibi
1829 1433 1876 1459 par

1081 1471 1130 1497 est,
1147 1465 1314 1492 adhibueris.
1350 1463 1427 1496 Quod
1438 1468 1467 1490 ut
1479 1463 1568 1494 facias,
1583 1469 1607 1490 te
1618 1463 1790 1490 vehementer
1800 1470 1874 1498 rogo.

1137 1537 1200 1558 XVI.
1216 1537 1244 1557 D.
1259 1539 1288 1560 (Iu
1298 1539 1416 1558 T··=c··tnnu‚
1425 1537 1516 1556 Antonin.
1525 1537 1624 1554 Dotatmltn
1635 1542 1681 1554 ιὀυ,
1693 1538 1748 1557 710.)

1191 1575 1359 1603 CICERO
1388 1575 1417 1602 C.
1448 1574 1703 1601 CUPIENNIO
1732 1574 1760 1602 S.

1139 1610 1246 1640 Patrem
1267 1618 1343 1640 tuum
1365 1612 1476 1647 plurimi
1497 1611 1561 1638 feci:
1580 1620 1676 1646 meque
1697 1611 1742 1638 ille
1762 1611 1876 1638 mirifice

1082 1656 1107 1678 et
1118 1651 1199 1678 coluit
1214 1656 1240 1677 et
1255 1651 1368 1677 amavit:
1385 1658 1434 1676 nec
1444 1648 1598 1675 mehercule
1610 1657 1739 1683 umquam
1751 1648 1877 1675 mihidu-

1082 1689 1159 1715 bium
1175 1688 1234 1718 fuit,
1249 1688 1316 1722 quin
1328 1696 1342 1713 a
1354 1692 1378 1713 te
1389 1686 1527 1721 diligerer.
1557 1686 1614 1721 Ego
1624 1685 1735 1720 quidem
1750 1685 1778 1712 id
1791 1685 1877 1712 lacere

1295 1723 1475 1756 Quamobrem
1491 1727 1552 1757 peto
1569 1731 1584 1748 a
1599 1727 1624 1749 te
1639 1723 1668 1748 in
1679 1723 1807 1749 maiorem
1819 1731 1877 1749 mo-

1082 1763 1158 1792 dum,
1172 1767 1200 1788 ut
1211 1762 1348 1788 civitatem
1360 1760 1525 1787 Buthrotiam
1537 1759 1675 1789 subleves,
1683 1759 1877 1795 decretumque

1081 1799 1238 1828 consulum,
1265 1798 1338 1833 quod
1361 1799 1381 1824 ii
1401 1796 1552 1823 secundum
1571 1797 1724 1823 Buthrotios
1745 1796 1873 1825 fecerunt.

1081 1845 1167 1871 quum
1183 1841 1208 1862 et
1225 1835 1296 1871 lege,
1319 1840 1345 1862 et
1361 1839 1471 1861 senatus
1481 1833 1604 1860 consulto
1614 1833 1749 1860 statuendi
1760 1839 1877 1868 potesta-

1059 1885 1061 1890 ,
1082 1879 1135 1900 tem
1151 1873 1293 1903 haherent,
1316 1872 1364 1898 des
1379 1880 1500 1906 operam,
1518 1876 1548 1897 ut
1562 1870 1676 1897 Plancus
1691 1875 1780 1897 noster
1794 1879 1876 1906 quam

1081 1911 1201 1945 primum
1220 1909 1360 1936 confirmet
1373 1914 1398 1935 et
1413 1908 1578 1943 comprobet.
1619 1908 1671 1934 lloc
1687 1913 1712 1935 te
1729 1908 1877 1935 vehemen-

1082 1953 1130 1979 ter,
1144 1948 1182 1974 mi
1196 1946 1339 1983 Cupienni,
1353 1947 1433 1973 etiam
1444 1951 1523 1980 atque
1533 1946 1614 1972 etiam
1628 1953 1701 1981 rogo.

1137 2017 1199 2037 XVI.
1217 2017 1240 2036 F..
1256 2016 1357 2039 (Antonio,
1368 2017 1467 2035 Dolabella
1478 2024 1526 2035 eon.
1537 2018 1593 2037 710.)

1161 2055 1305 2084 CICERO
1329 2055 1485 2083 PLANCO
1505 2055 1642 2082 PRAET.
1663 2054 1745 2081 DES.
1767 2054 1795 2081 S.

1139 2095 1161 2120 1.
1183 2089 1297 2129 Ignosce
1308 2093 1385 2123 mihi,
1397 2092 1479 2127 quod,
1492 2101 1578 2127 quum
1589 2096 1664 2119 antea
1675 2092 1875 2118 accuratissime

1082 2131 1115 2157 de
1135 2131 1282 2157 Buthrotiis
1298 2130 1331 2156 ad
1347 2135 1371 2156 te
1387 2130 1552 2165 scripserim,
1569 2129 1664 2156 eadem
1679 2128 1712 2155 de
1728 2137 1755 2154 re
1766 2130 1875 2163 saepius

1082 2168 1209 2194 scribam.
1250 2168 1307 2193 Non
1325 2167 1487 2197 mehercule,
1505 2167 1543 2193 mi
1554 2166 1660 2196 Plance,
1674 2165 1750 2196 facio,
1763 2173 1817 2200 quo
1827 2174 1876 2200 pa-

1083 2214 1142 2231 rum
1157 2204 1290 2231 confidam
1302 2209 1347 2230 aut
1359 2204 1513 2231 liberalitati
1524 2209 1594 2233 tuae.
1610 2208 1656 2229 aut
1666 2207 1769 2229 nostrae
1780 2203 1876 2229 amici-

1082 2243 1146 2275 tiae,
1177 2241 1224 2268 sed
1239 2250 1325 2276 quum
1341 2246 1411 2268 tanta
1427 2250 1469 2267 res
1485 2246 1578 2276 agatur
1589 2241 1670 2267 Attici
1684 2239 1780 2269 nostri.
1803 2248 1875 2266 nunc

1082 2288 1144 2305 vero
1159 2280 1239 2306 etiam
1255 2279 1433 2309 existimatio,
1450 2283 1479 2304 ut
1490 2278 1531 2309 id,
1549 2277 1622 2313 quod
1632 2276 1756 2312 probavit
1766 2276 1872 2306 Caesar,

1082 2316 1160 2342 nobis
1171 2316 1286 2342 testibus
1297 2321 1323 2342 et
1332 2315 1560 2351 obsignatoribus,
1573 2315 1621 2349 qui
1631 2319 1657 2340 et
1666 2313 1789 2341 decretis.
1797 2318 1822 2339 et
1833 2322 1875 2340 re-

1081 2354 1188 2388 sponsis
1200 2353 1320 2379 Caesaris
1332 2352 1549 2383 interfueramus,
1562 2351 1685 2377 videatur
1693 2350 1814 2376 obtinere
1826 2359 1875 2385 po-

1059 2413 1060 2416 ,
1081 2391 1165 2416 tuisse
1174 2411 1180 2421 ,
1198 2391 1355 2425 praesertim
1366 2398 1452 2424 quum
1465 2394 1518 2416 tota
1528 2393 1644 2423 potestas
1655 2388 1714 2413 eius
1725 2388 1762 2413 rei
1773 2393 1816 2413 tua
1827 2388 1871 2414 sit.

1058 2426 1060 2453 ἒ
1082 2433 1111 2454 ut
1124 2436 1167 2457 ea,
1190 2435 1260 2462 quae
1270 2426 1395 2453 consules
1405 2426 1582 2453 decreverunt
1591 2423 1740 2451 secundum
1752 2424 1874 2450 Caesaris

1058 2462 1060 2547 1

1057 2550 1059 2636 1

1081 2465 1186 2491 decreta
1201 2469 1227 2490 et
1237 2472 1378 2499 responsa,
1400 2472 1453 2490 non
1463 2463 1552 2489 dicam
1562 2461 1720 2496 comprobes
1728 2482 1734 2492 ,
1756 2461 1804 2487 sed
1815 2466 1874 2488 stu—

1080 2501 1155 2528 diose
1168 2501 1336 2536 libenterque
1346 2500 1514 2535 comprobes.
1535 2501 1560 2526 2.
1574 2498 1604 2524 Id
1616 2498 1683 2524 mihi
1697 2499 1736 2524 sic
1750 2499 1801 2524 erit
1811 2506 1874 2534 gra-

1081 2543 1138 2565 tum
1147 2559 1153 2569 ,
1170 2543 1201 2565 ut
1216 2538 1290 2564 nulla
1303 2547 1345 2564 res
1359 2538 1458 2573 gratior
1471 2544 1530 2563 esse
1543 2536 1638 2570 possit.
1678 2535 1734 2561 Etsi
1747 2536 1799 2561 iam
1810 2543 1874 2570 spe-

1081 2576 1182 2606 rabam,
1198 2584 1284 2610 quum
1299 2575 1347 2601 has
1359 2574 1459 2600 litteras
1470 2574 1629 2607 accepisses,
1643 2572 1707 2601 fore.
1717 2577 1745 2598 ut
1755 2581 1794 2601 ea,
1802 2580 1873 2607 quae

1080 2612 1266 2647 superioribus
1288 2612 1382 2638 litteris
1397 2619 1411 2637 a
1427 2616 1451 2637 te
1466 2611 1652 2644 petiissemus.
1675 2610 1814 2644 impetrata
1829 2617 1874 2635 es-

236 2647 353 2681 quisque
364 2647 444 2674 debet
455 2650 535 2674 tueri:
553 2644 690 2679 deinde,si
701 2657 742 2674 me
753 2657 835 2679 amaS,
849 2649 950 2683 (omitte
960 2650 1030 2676 Atti·
1056 2642 1059 2677 1
1079 2654 1151 2681 sent,
1175 2654 1263 2676 tamen
1279 2657 1331 2675 non
1346 2648 1442 2674 faciam
1458 2647 1539 2673 tinem
1555 2646 1675 2682 rogandi,
1692 2646 1780 2681 quoad
1793 2646 1872 2672 uobis
