1941 3052
223 138 270 161 ἨΖ
796 136 848 158 tuiz.
882 134 903 158 M
951 134 970 158 Ἰ’

222 207 252 232 rii
268 206 371 231 lilii-rto.
394 206 430 231 ᾹιΙ
444 210 581 232 enauit-¹¹11,
596 212 663 238 qum:
677 205 801 238 requiris.
817 204 891 229 brevi
905 212 1015 238 respou-

221 243 298 268 debo.
342 243 458 268 l‘rimuiu
478 241 648 267 vein-menter
668 250 708 266 mc
724 240 854 266 (limium.
871 240 1012 266 delectant.

221 281 272 305 sest
285 279 356 314 quod
369 280 484 312 quaeris,
503 278 568 312 qnid
581 278 749 303 urci-&sierint
761 277 959 312 tlhrysippunn
977 283 1015 302 ta-

222 318 317 343 bernae.
344 316 410 341 mihi
434 315 503 340 «luae
528 319 698 344 corruerunt,
732 314 905 349 reliquaeque
934 316 1014 340 rimas

220 359 311 386 agunt.
354 353 443 386 ltaque
455 361 505 377 non
519 352 605 376 solum
619 351 759 385 inquilini.
774 352 820 377 scd
834 360 923 377 mures
935 352 1014 377 etiam

221 392 413 423 migraverunt.

220 438 251 453 ne
275 425 472 452 incommodum
489 425 610 459 quidem.

221 465 283 490 viri!
303 472 450 497 numquam
469 463 545 488 vobis
561 464 672 497 gratiam
689 462 810 489 referam.

652 426 674 451 Ο
688 426 821 456 Socrate-S,
844 431 869 452 ct
888 426 1014 451 Socratici

852 464 891 489 Dii
905 464 1014 489 immor-

219 501 297 531 tales,
315 509 396 535 qnam
415 500 480 526 mihi
497 500 545 526 ista
558 509 605 534 pro
620 500 718 526 nihilo!
742 500 794 526 Sed
807 505 894 526 tamen
906 509 936 526 ea
949 500 1014 526 ratio
1036 506 1037 514 ¹

219 537 377 564 aedificandi
395 538 489 566 initur.
507 537 661 563 consiliario
677 537 787 571 quidem
803 542 829 564 et
844 542 949 563 auctore
964 537 1014 563 Vc·
1035 535 1037 567 l

852 577 876 601 Ξ.
899 575 945 600 llic
958 579 1014 600 tur-
1035 588 1036 594 ι

217 576 306 604 storio.
322 580 350 601 ut
362 575 410 600 hoc
421 574 550 600 damnum
561 579 754 608 quaestuosum
766 575 810 601 sit.

219 614 249 639 ba
264 621 358 645 magna
370 616 410 638 est
421 612 538 646 eritque,
557 616 585 637 ut
597 611 686 642 audio,
702 612 794 637 maior.
836 612 891 638 Duo
901 611 1012 646 quidem

217 650 295 685 quasi
307 649 440 685 designati
452 648 586 674 consules.
627 649 649 674 Ο
660 648 697 674 dii
711 649 786 674 boni!
802 649 869 675 vivit
882 649 1010 684 tyrannia

218 693 346 723 tyrannus
357 686 473 712 occidit?
494 686 558 712 Eius
571 685 700 712 interfecti
714 690 795 712 morte
808 685 949 717 laetamur,
965 694 1013 711 cu-

218 726 260 750 ius
273 724 338 750 facta
350 722 540 750 defendimus?
555 724 645 758 Itaque
656 732 737 758 quam
749 732 841 749 severe
849 733 896 749 nos
904 724 936 749 M.
945 724 1013 749 Cur-

218 762 270 788 tius
282 766 402 791 accusat,
421 765 449 786 ut
461 760 559 795 pudeat
574 761 678 786 vivere:
697 769 783 795 neque
796 761 903 787 iniuria.
945 761 1011 786 Nam

218 799 284 825 mori
301 798 400 824 millies
420 798 564 832 praestitit,
587 806 668 832 quam
685 798 749 824 haec
766 799 833 832 pati.
856 806 924 832 quae
944 798 1011 823 mihi

218 836 344 862 videntur
365 835 488 861 habitura
509 835 589 861 ctiam
611 840 779 862 vetustatem.
820 838 844 861 3.
867 836 899 861 Et
914 835 1012 861 Balbus

218 874 261 899 hic
273 878 312 899 est
326 872 497 907 multumque
509 881 628 898 mecum:
643 872 675 898 ad
687 881 768 907 quem
779 881 793 898 a
805 873 898 898 Vetere
912 872 1012 899 litterae

217 910 293 937 datae
311 910 397 944 pridie
417 910 474 936 Kal.
494 910 612 941 lanuar.;
636 918 720 944 quum
737 918 751 935 a
766 919 795 936 se
811 909 944 936 Caecilius
959 910 1013 935 cir-

216 948 419 974 cumsederetur
430 952 455 973 et
467 947 518 973 iam
531 951 676 976 teneretur,
695 948 800 973 venisse
811 956 872 973 cum
886 947 1012 973 maximis

217 979 302 1020 copiis
315 985 442 1011 Pacorum
455 984 595 1010 Parthum:
615 985 648 1011 ita
665 984 719 1010 sibi
734 993 792 1010 esse
804 993 866 1010 eum
878 989 1010 1019 ereptum,

218 1022 310 1048 multis
321 1022 379 1048 suis
391 1022 512 1048 amissis:
528 1022 618 1056 inqua
631 1030 657 1047 re
669 1027 776 1048 accusat
788 1022 947 1048 Volcatium.
976 1022 1012 1047 lta

219 1059 285 1086 mihi
303 1059 410 1086 videtur
425 1058 526 1085 bellum
544 1058 612 1084 illud
627 1059 734 1085 instare.
776 1059 828 1085 Sed
841 1058 974 1085 Dolabella
987 1063 1013 1085 et

218 1097 307 1123 Nicias
333 1096 460 1122 viderint.
501 1095 573 1121 Idem
598 1096 696 1122 Balbus
722 1096 830 1122 meliora
857 1096 890 1122 dc
914 1095 1011 1123 Gallia.

215 1142 275 1161 xm.
298 1133 341 1160 die
359 1133 459 1160 litteras
479 1133 606 1164 habcbat;
631 1134 779 1160 Germanos
795 1133 910 1168 illasque
928 1134 1013 1159 natio-

216 1179 273 1202 nes,
283 1180 309 1197 re
321 1170 411 1197 audita
422 1170 454 1196 de
461 1170 580 1200 Caesare,
592 1170 690 1205 legatos
703 1171 809 1196 misisse
822 1170 1011 1201 adAurelium,

216 1209 264 1243 qui
277 1213 316 1234 est
327 1208 496 1242 praepositus
508 1208 541 1234 ab
553 1208 650 1238 Hirtio,
663 1216 701 1238 se,
715 1208 786 1242 quod
799 1209 957 1242 imperatum
970 1216 1014 1233 es-

215 1251 265 1276 set,
278 1254 337 1272 esse
351 1244 475 1271 facturos.
510 1244 581 1276 Quid
593 1244 719 1279 quaeris?
729 1246 825 1272 Omnia
836 1245 915 1280 plena
926 1246 1010 1280 pacis,

216 1282 294 1310 aliter
304 1291 334 1309 ac
345 1281 413 1308 mihi
424 1281 539 1308 Calvena
551 1282 665 1308 dixerat.

269 1351 299 1372 Χ.
323 1353 352 1375 (ln
362 1352 472 1374 Puteolano,
484 1352 574 1374 Antonio,
584 1353 683 1371 Dolabella
694 1360 740 1371 coss.
753 1355 807 1375 710.)

399 1395 567 1422 CICERO
596 1395 764 1424 ATTICO
794 1395 822 1423 S.

273 1434 294 1459 l.
317 1428 392 1459 Itane
408 1432 488 1460 vero‘?
509 1434 561 1459 Iloc
578 1442 655 1460 meus
670 1438 695 1460 et
710 1438 773 1460 tuus
785 1434 882 1460 Brutus
898 1433 965 1469 egit,
983 1437 1013 1459 ut

216 1470 331 1496 Lanuvii
346 1469 434 1497 esset?
454 1475 482 1497 ut
498 1470 647 1497 Trebonius
663 1471 807 1497 itineribus
827 1471 916 1497 deviis
931 1470 1013 1505 profi—

215 1508 361 1533 cisceretur
373 1507 399 1533 in
410 1507 595 1542 provinciam?
606 1513 634 1534 ut
645 1509 734 1534 omnia
747 1507 827 1539 facta,
841 1508 953 1542 scripta,
970 1507 1013 1533 di-

215 1549 265 1574 cta,
277 1545 419 1578 promissa,
432 1545 546 1580 cogitata
553 1545 674 1571 Caesaris
685 1545 747 1580 plus
759 1546 887 1575 valerent,
895 1553 977 1580 quam
988 1545 1012 1571 si

215 1582 273 1615 ipse
286 1582 406 1608 viveret?
417 1582 599 1609 Meministine
611 1591 653 1608 me
664 1582 789 1613 clamare,
798 1583 844 1609 illo
856 1583 915 1617 ipso
925 1583 1012 1617 primo

215 1618 365 1653 Capitolino
380 1618 437 1650 die,
453 1624 576 1646 senatum
593 1620 620 1646 in
635 1619 797 1655 Capitolium
814 1629 828 1646 a
843 1619 1012 1655 praetoribus

217 1655 324 1682 voeari‘?
342 1656 384 1682 Dii
395 1656 572 1683 immortales!
591 1665 660 1692 quae
675 1662 730 1683 tum
744 1666 825 1692 opera
836 1657 906 1684 effici
918 1661 1013 1692 potue-

216 1697 286 1722 runt,
301 1692 461 1720 laetantibus
472 1694 600 1720 omnibus
611 1694 699 1725 bonis,
713 1695 793 1721 etiam
804 1699 844 1721 sat
855 1694 942 1725 bonis,
959 1693 1013 1720 fra-

215 1730 265 1756 ctis
278 1729 438 1757 latronibus!
462 1731 595 1758 Liberalia
607 1736 635 1758 tu
646 1740 766 1758 accusas.
804 1731 875 1764 Quid
887 1731 944 1758 sieri
955 1736 1012 1757 tum

216 1766 319 1801 potuit?
338 1768 392 1794 Iam
404 1768 510 1802 pridem
522 1769 698 1803 perieramus.
728 1769 911 1795 Meministine
922 1773 947 1794 te
957 1767 1013 1794 cla-

216 1812 297 1835 mare,
314 1812 437 1831 caussam
449 1806 572 1840 periisse,
584 1807 608 1832 si
620 1805 713 1832 funere
723 1805 810 1832 elatus
821 1804 909 1832 esset?
923 1805 957 1831 At
966 1804 1012 1831 illc

215 1842 296 1868 etiam
316 1842 343 1868 in
365 1841 420 1868 foro
435 1842 594 1869 combustus
611 1842 790 1878 laudatusque
805 1842 1009 1869 miserabiliter:

216 1879 343 1913 servique
359 1883 385 1905 et
402 1884 511 1914 egentes
532 1881 559 1906 in
575 1884 641 1906 tecta
658 1884 746 1906 nostra
761 1889 824 1906 cum
839 1879 944 1906 facibus
960 1879 1012 1905 im-

217 1916 304 1941 missi.
344 1915 417 1947 Quae
431 1916 548 1942 deinde‘?
563 1921 592 1943 ut
602 1916 718 1943 audeant
732 1917 834 1948 dicere,
853 1921 911 1943 tune
922 1921 1011 1943 contra

218 1952 338 1978 Caesaris
348 1952 456 1979 nutum?
477 1954 546 1979 Haec
556 1958 582 1980 et
592 1953 642 1980 alia
656 1953 723 1980 ferre
736 1963 787 1980 non
799 1962 920 1989 possum.
960 1954 1012 1980 Ita-

214 1997 268 2024 que
287 1991 336 2025 γῆν
356 1990 408 2025 πρὸ
426 1992 473 2025 γῆς
487 1991 584 2025 cogito.
625 1991 681 2017 Tua
696 1996 784 2017 tamen
799 1992 946 2026 ὑπηνέμιος,
985 1992 1010 2017 2.

214 2027 320 2053 Nausea
332 2027 421 2052 iamne
433 2027 511 2061 plane
521 2027 606 2054 abiit‘?
625 2028 693 2054 Mihi
708 2028 819 2063 quidem
830 2037 865 2055 ex
875 2029 929 2055 tuis
942 2027 1012 2054 litte-

215 2064 252 2090 ris
276 2064 436 2090 coniectanti
456 2065 491 2090 ita
513 2065 666 2092 videbatur.
706 2065 795 2092 Redeo
815 2065 848 2092 ad
867 2065 1008 2095 Tebassos,

215 2100 343 2132 Scaevas,
361 2101 523 2137 FrangoneS.
564 2102 616 2128 Hos
631 2107 659 2128 tu
675 2103 814 2129 existimas
834 2102 967 2129 confidere
983 2111 1011 2128 se

216 2137 261 2164 illa
273 2137 425 2169 habituros,
441 2139 575 2166 stantibus
587 2138 683 2166 nobis?
696 2140 724 2166 in
738 2140 840 2175 quibus
852 2140 914 2175 plus
926 2141 1012 2166 virtu-

215 2176 249 2202 tis
265 2180 405 2209 putarunt,
423 2185 505 2210 quam
521 2177 624 2211 experti
639 2182 712 2203 sunt.
752 2178 828 2204 Pacis
848 2178 892 2204 isti
907 2177 1012 2204 scilicet

215 2217 355 2243 amatores..
369 2218 395 2240 et
406 2222 457 2239 non
470 2213 601 2240 latrocinii
611 2213 750 2241 auctores?
760 2214 793 2241 At
803 2223 853 2250 ego
864 2223 950 2249 quum
962 2214 1012 2241 tibi

215 2249 248 2275 de
269 2249 381 2276 Curtilio
400 2251 497 2285 scripsi
518 2251 720 2287 Sextilianoque
738 2251 835 2283 fundo,
858 2252 957 2286 scripsi
978 2251 1011 2277 de

215 2287 374 2318 Censorino,
392 2287 425 2314 de
440 2288 576 2319 Messalla,
595 2288 628 2315 de
638 2289 749 2319 Planco,
767 2289 800 2315 de
810 2289 961 2319 Postumio,
977 2288 1011 2315 de

215 2332 312 2359 genere
324 2329 386 2351 tot0.
417 2325 514 2352 Melius
525 2325 575 2352 fuit
585 2326 699 2361 periisse
711 2325 757 2352 illo
769 2325 915 2357 interfecto,
928 2325 1011 2361 (quod

217 2362 318 2387 utinam
331 2361 498 2398 accidissetl)
518 2371 600 2397 quam
615 2363 682 2389 haec
693 2363 794 2390 videre.
835 2365 861 2390 3.
882 2363 1010 2390 Octavius

216 2398 356 2432 Neapolim
373 2400 513 2426 venitxw.
526 2400 586 2426 Kal.
627 2400 666 2426 Ibi
681 2409 744 2426 eum
755 2400 853 2427 Balbus
869 2409 947 2427 mane
962 2409 1012 2435 po-

215 2435 323 2467 stridie;
337 2436 486 2472 eodemque
497 2437 541 2463 die
554 2445 659 2464 mecum
671 2438 698 2464 in
705 2437 834 2468 Cumano,
843 2437 922 2464 illum
932 2438 1012 2464 here-

216 2471 326 2498 ditatem
341 2473 488 2500 aditurum.
530 2474 596 2505 Sed,
614 2479 643 2501 ut
656 2474 767 2505 scribiS,
786 2475 938 2511 ῥοιζόθεμιν
954 2483 1011 2501 ma-

216 2516 296 2543 gnam
317 2518 378 2536 cum
393 2511 516 2538 Antonio.
557 2511 694 2538 Buthrotia
709 2511 777 2538 mihi
792 2516 837 2538 tua
852 2520 894 2538 res
909 2517 964 2542 est,
982 2516 1012 2538 ut

217 2544 309 2573 debet.
326 2547 429 2581 eritque
440 2557 530 2574 curae.
570 2548 647 2580 Quod
658 2549 779 2583 quaeris,
803 2550 892 2576 iamne
903 2549 937 2576 ad
947 2557 1011 2575 cen-

217 2587 277 2607 tena
288 2582 463 2610 Cluvianum:
482 2585 626 2612 adventare
641 2585 762 2612 videtur:
780 2586 827 2612 sed
843 2587 931 2621 primo
942 2594 1011 2613 anno

216 2626 294 2644 cxxx
305 2618 475 2648 detersimus.
516 2623 539 2649 4.
562 2622 686 2658 anater
698 2622 732 2648 ad
743 2631 786 2649 me
796 2624 889 2658 gravia
900 2623 933 2650 de
944 2623 1008 2654 filio,

218 2656 335 2682 maxime
350 2657 422 2691 quod
439 2660 516 2685 matri
532 2668 603 2687 nunc
618 2660 770 2696 indulgeat,
792 2661 837 2687 cui
852 2665 928 2687 antea
942 2661 1011 2688 bene

456 389 526 414 llanc
541 390 620 414 ceteri
639 388 817 414 calamitatem
836 394 942 414 vocant:
965 398 1015 421 ego
1036 404 1037 409 =

1016 133 1289 158 uini-:noxis

1068 204 1178 228 merenti
1193 202 1272 228 fuerit
1285 211 1421 229 inimicus.
1462 205 1591 230 Ardentes
1605 213 1629 230 ιη
1641 212 1703 230 cum
1716 204 1814 230 litteras
1826 204 1858 229 ad

1068 249 1108 265 ine
1122 242 1203 265 inuit.
1247 239 1291 265 ΙΙΙι·
1306 244 1393 265 autem
1405 241 1471 274 quid
1484 247 1556 274 agat,
1575 242 1597 267 si
1611 242 1675 268 scis,
1696 250 1781 276 nequ«-
1794 241 1859 267 ,Ιιιιιι

1068 278 1146 302 ltnma
1161 286 1189 302 en
1206 276 1352 310 profectus.
1370 277 1472 303 scribas
1487 278 1519 304 ad
1537 287 1578 304 inc
1592 278 1685 304 velim.
1703 284 1727 304 et
1741 279 1857 306 tremule.

1066 315 1088 340 si
1100 314 1167 349 quid
1178 313 1262 340 aliud.
1305 313 1480 340 Vehementer
1490 315 1606 341 delector
1616 317 1669 342 tui:-
1681 316 1774 342 litteris

1120 383 1158 403 χΙ.
1188 385 1285 403 ¹vai-aiu.
1296 384 1386 402 Λιιιωιιι..
1398 384 1495 401 ssot-tnn-
1507 392 1553 401 ω...
1566 387 1620 406 Πομ)

1252 426 1417 453 CICERO
1449 426 1617 454 ATTICO
1645 429 1672 455 S.

1123 466 1144 490 i.
1158 458 1271 490 Nudius
1284 465 1377 490 tertius
1388 463 1450 490 dedi
1463 464 1494 490 ad
1507 469 1530 490 te
1542 465 1682 499 epistolam
1696 465 1856 501 longiorem:

1067 510 1137 527 nunc
1149 501 1180 527 ad
1193 510 1232 532 ca,
1245 510 1314 536 quae
1326 502 1458 536 proxime.
1501 501 1585 527 Velim
1599 503 1763 532 mehercule.
1778 505 1859 530 Astu-

1067 548 1108 564 rae
1121 539 1227 565 Brutus.
1261 539 1410 565 ’,ιικιιληιιιίιν
1423 539 1533 564 istorum
1545 539 1652 566 scribis.
1679 541 1718 566 An
1729 541 1859 567 censebas

1065 575 1158 602 aliter?
1170 575 1302 610 Equidem
1315 576 1394 601 etiam
1408 576 1505 601 maiora
1517 581 1653 611 exspecto.
1679 577 1768 609 Quum
1780 579 1859 613 equi-

1065 613 1126 639 dem
1142 614 1296 639 concionem
1316 612 1386 647 lcgn.
1410 622 1444 638 nr.
1465 623 1556 639 uno
1578 623 1658 643 vino,
1682 623 1716 640 ni:
1737 624 1859 641 cenis-

1064 660 1131 676 sruo
1151 659 1225 681 civi,
1248 649 1315 676 ferre
1332 659 1382 676 non
1399 658 1481 684 quem
1503 651 1553 676 etsi
1573 651 1621 676 ista
1640 652 1691 677 iam
1708 651 1740 677 ad
1762 653 1857 679 risum.

1064 687 1115 713 Sed
1128 693 1273 714 memento:
1291 688 1330 713 sic
1347 687 1428 713 alitur
1443 688 1609 714 consuetudo
1620 688 1784 722 perditarum
1795 698 1859 716 con·

1063 726 1185 754 cionum;
1202 730 1229 751 ut
1241 725 1322 751 nostri
1336 724 1383 753 illi.
1398 733 1449 751 non
1462 725 1568 752 heroes.
1582 725 1629 751 sed
1640 725 1688 755 dii.
1703 725 1785 752 futuri
1797 727 1859 760 qui-

1064 762 1124 788 dem
1143 763 1168 788 in
1182 762 1266 797 gloria
1283 762 1444 796 sempiterna
1461 762 1527 792 sint.
1545 762 1592 788 sed
1609 771 1659 789 non
1674 764 1732 789 sine
1745 764 1857 793 invidia,

1065 808 1096 825 nc
1112 800 1170 825 sine
1187 799 1306 834 periculo
1317 799 1439 834 quidem.
1481 799 1578 825 Verum
1592 799 1646 826 illis
1658 809 1753 835 magna
1764 809 1860 827 conso-

1065 836 1138 866 latio.
1159 837 1321 863 conscientia
1344 836 1455 862 maximi
1477 842 1502 862 et
1516 836 1660 863 clarissimi
1683 837 1757 863 facti:
1782 838 1859 864 nobis

1063 873 1150 908 quae‘?
1160 875 1216 909 qui,
1227 873 1364 900 interfecto
1376 882 1447 909 rege,
1457 873 1534 900 liberi
1546 883 1598 900 non
1609 876 1722 900 sumus?
1731 875 1782 901 Sed
1795 875 1860 901 haec

1065 911 1168 937 fortuna
1186 911 1296 939 viderit,
1313 912 1440 945 quoniam
1453 911 1519 937 ratio
1530 920 1580 937 non
1593 911 1734 947 gubernat.
1777 914 1800 938 Ξ.
1824 913 1859 938 Dc

1063 948 1199 979 Cicerone,
1213 957 1281 983 quae
1292 948 1399 978 scribis,
1414 948 1530 974 iucunda
1543 949 1610 974 mihi
1622 955 1697 975 sunt:
1713 949 1793 975 velim
1805 950 1859 976 sint

1064 994 1200 1021 prospera.
1221 985 1296 1017 Quod
1310 994 1372 1011 vcro
1383 994 1462 1011 curae
1474 986 1522 1011 tibi
1535 991 1583 1014 est,
1598 991 1626 1012 ut
1636 987 1660 1012 ei
1672 988 1860 1021 suppeditetur

1064 1023 1096 1049 ad
1110 1032 1188 1049 usum
1200 1028 1225 1049 et
1236 1022 1340 1049 cultum
1351 1024 1471 1057 copiose,
1490 1032 1537 1057 per
1550 1023 1617 1049 mihi
1629 1029 1733 1058 gratum
1746 1029 1798 1055 est,
1818 1024 1860 1050 id-

1064 1069 1116 1095 que
1128 1059 1258 1089 atracias.
1274 1065 1297 1086 te
1309 1060 1388 1086 etiam
1402 1068 1474 1092 rogo.
1510 1060 1544 1085 De
1556 1060 1702 1087 Buthrotiis
1713 1067 1738 1087 et
1750 1066 1777 1087 tu
1790 1067 1859 1087 recte

1064 1098 1165 1133 cogitas
1177 1102 1202 1123 et
1216 1106 1265 1132 ego
1281 1106 1332 1123 non
1348 1097 1454 1123 dimitto
1472 1098 1548 1123 istam
1563 1106 1666 1123 curam.
1707 1098 1858 1133 Suscipiam

1064 1143 1170 1161 omnem
1182 1135 1261 1160 etiam
1274 1134 1418 1165 actionem
1436 1143 1518 1169 quam
1535 1134 1614 1161 video
1624 1135 1745 1170 quotidie
1757 1135 1860 1162 facilio-

1065 1180 1131 1198 rem.
1172 1172 1207 1198 De
1217 1171 1357 1202 Cluviano,
1373 1173 1501 1206 quoniam
1514 1172 1540 1197 in
1554 1180 1580 1197 re
1593 1180 1650 1197 mea
1662 1173 1805 1207 meipsum
1817 1172 1860 1199 di-

1066 1209 1175 1245 ligentia
1188 1209 1284 1238 vincis,
1298 1217 1340 1234 res
1352 1208 1384 1234 ad
1395 1213 1505 1235 centena
1517 1209 1685 1244 perducitur.
1705 1210 1791 1236 Ruina
1803 1218 1859 1236 rem

1065 1255 1117 1273 non
1129 1245 1192 1284 fecit
1202 1245 1370 1275 deteriorem,
1380 1245 1451 1272 haud
1466 1247 1521 1272 scio
1532 1254 1565 1273 an
1577 1247 1630 1272 iam
1644 1245 1857 1274 fructuosiorem.

1064 1284 1112 1310 Hic
1124 1292 1230 1310 mecum
1242 1282 1349 1314 Balbus,
1362 1283 1472 1314 Hirtius,
1487 1283 1582 1310 Pansa.
1609 1283 1686 1310 Modo
1698 1284 1771 1311 venit
1781 1284 1860 1311 Octa-

1065 1321 1141 1352 vius,
1162 1325 1187 1347 et
1202 1320 1314 1356 quidem
1330 1321 1358 1347 in
1370 1321 1520 1355 proximam
1533 1320 1626 1347 villam
1640 1321 1774 1356 Philippi,
1792 1321 1860 1348 mihi

1065 1363 1135 1385 totus
1146 1357 1265 1385 deditus.
1285 1357 1548 1393 LentulusSpintber
1558 1357 1638 1385 hodie
1648 1359 1720 1394 apud
1732 1367 1787 1391 me;
1800 1367 1860 1386 cras

1065 1404 1143 1422 mane
1155 1395 1238 1422 vadit.

1118 1465 1170 1485 ΧΠ.
1203 1465 1301 1488 (Puteolis,
1310 1466 1400 1486 Antoni-1.
1413 1466 1512 1484 Dnlnbrlla
1523 1472 1569 1483 cm«.
1581 1468 1635 1486 ῗΙιι.)

1251 1508 1419 1536 CICERO
1451 1508 1617 1536 ATTICO
1645 1508 1673 1535 S.

1120 1548 1143 1573 t.
1165 1541 1194 1573 Ο
1209 1547 1246 1572 mi
1258 1546 1356 1577 Attice,
1373 1554 1479 1577 vereor,
1494 1554 1527 1573 ne
1539 1546 1616 1573 nobis
1629 1546 1691 1572 Idus
1702 1546 1777 1572 Mart.
1791 1546 1859 1572 nibil

1063 1583 1187 1610 dederint
1203 1589 1307 1618 praeter
1323 1583 1450 1610 laetitiam
1466 1588 1491 1610 et
1505 1583 1562 1610 odii
1576 1591 1689 1618 poenam
1704 1592 1734 1610 ac
1747 1583 1857 1610 doloris.

1063 1621 1136 1653 Quae
1149 1620 1216 1647 mihi
1229 1621 1301 1647 istim
1313 1620 1472 1647 afferuntur!
1495 1629 1564 1655 quae
1580 1621 1624 1647 bic
1636 1620 1727 1647 video!
1746 1620 1779 1646 Ὧ
1790 1620 1857 1656 πρά-

1063 1660 1128 1689 ξεως
1139 1659 1217 1692 καλῆς
1226 1659 1282 1693 μὲν,
1293 1657 1401 1688 ἀτελοῦς
1412 1658 1446 1684 δέ.
1483 1657 1552 1688 Scis,
1564 1666 1646 1692 quam
1657 1657 1770 1693 diligam
1781 1657 1860 1684 Sicu·-

1064 1694 1112 1726 los,
1121 1699 1233 1730 etquam
1246 1694 1319 1721 illam
1330 1694 1482 1721 clientelam
1494 1694 1632 1721 honestam
1644 1694 1773 1721 iudicem.
1788 1694 1860 1721 Mul—

1064 1737 1088 1758 ta
1104 1731 1160 1758 illis
1175 1732 1284 1763 Caesar,
1307 1740 1394 1766 neque
1413 1740 1456 1758 me
1471 1732 1569 1758 invito:
1595 1732 1644 1758 etsi
1661 1732 1789 1758 Latinitas
1803 1737 1861 1759 erat

1064 1777 1115 1795 non
1128 1768 1249 1801 ferenda3
1264 1774 1449 1795 verumtamen
1459 1784 1506 1794 -—.
1534 1769 1603 1795 Ecce
1614 1773 1704 1795 autem
1715 1769 1856 1799 Antonius.

1063 1811 1170 1841 accepta
1180 1805 1276 1842 grandi
1287 1807 1412 1840 pecunia,
1426 1806 1484 1832 fixit
1495 1805 1594 1841 legem.
1611 1814 1626 1832 a
1635 1805 1762 1832 dictatore
1773 1807 1859 1833 comi-

1063 1844 1108 1870 tiis
1125 1843 1218 1874 latam,
1235 1852 1287 1878 qua
1299 1843 1384 1869 Siculi
1399 1843 1473 1869 cives
1485 1843 1610 1869 Romani:
1631 1844 1710 1869 cuius
1725 1844 1777 1874 rei,
1797 1844 1859 1870 vivo

1063 1880 1122 1911 illo.
1140 1881 1240 1907 mentio
1251 1879 1335 1907 nulla.
1375 1879 1464 1912 Quid‘?
1478 1880 1592 1907 Deiotari
1607 1881 1691 1907 nostri
1701 1888 1795 1907 caussa
1806 1889 1858 1907 non

1062 1917 1180 1944 similis‘.>
1199 1918 1302 1953 Dignus
1314 1917 1359 1944 ille
1370 1917 1482 1953 quidem
1492 1918 1566 1944 omni
1577 1926 1672 1953 regno,
1689 1917 1737 1944 sed
1749 1926 1800 1944 non
1812 1926 1860 1953 per

1063 1955 1198 1982 Fulviam.
1240 1955 1370 1981 Sexcenta
1391 1954 1502 1981 similia.
1542 1955 1643 1981 Verum
1663 1954 1728 1981 illuc
1744 1954 1856 1982 referor:

1064 1997 1116 2019 tam
1127 1992 1236 2022 claram,
1246 1997 1353 2027 tamque
1365 1996 1486 2019 testatam
1497 2000 1562 2023 rem,
1571 1997 1678 2027 tamque
1690 1992 1797 2023 iustam,
1806 1992 1859 2019 Bu-

1064 2030 1202 2060 throtiam,
1221 2037 1273 2056 non
1289 2029 1442 2056 tenebimus
1457 2029 1546 2064 aliqua
1562 2037 1596 2055 ex
1611 2028 1702 2064 parte?
1715 2034 1741 2056 et
1754 2038 1785 2056 eo
1795 2030 1858 2065 qui-

1063 2067 1124 2093 dem
1137 2067 1237 2102 magis,
1249 2075 1304 2101 quo
1316 2067 1365 2093 iste
1376 2065 1472 2101 plura'?
1500 2068 1525 2093 2.
1548 2066 1696 2093 Nobiscum
1707 2066 1751 2093 hic
1761 2067 1858 2101 perho—

1063 2104 1172 2131 norifice
1187 2109 1212 2130 et
1227 2104 1312 2130 amice
1323 2103 1466 2130 Octavius:
1488 2112 1569 2139 quem
1584 2103 1696 2139 quidem
1706 2104 1750 2130 sui
1761 2104 1858 2130 Caesa-

1063 2150 1119 2167 rem
1133 2140 1299 2171 salutabant,
1322 2140 1467 2176 Philippus
1486 2149 1552 2167 non:
1574 2141 1665 2176 itaque
1680 2148 1713 2167 ne
1728 2149 1776 2167 nos
1794 2141 1859 2176 qui-

1061 2179 1137 2205 dem:
1155 2187 1237 2213 quem
1252 2187 1320 2213 nego
1334 2187 1413 2213 posse
1429 2178 1530 2205 bonum
1545 2178 1647 2204 civem:
1665 2178 1700 2205 ita
1715 2177 1794 2204 multi
1804 2178 1858 2204 cir-

1061 2221 1210 2247 cumstant,
1235 2216 1284 2250 qui
1304 2215 1416 2250 quidem
1437 2216 1535 2242 nostris
1555 2220 1667 2242 mortem
1687 2216 1855 2241 minitantur.

1062 2254 1166 2289 Negant
1178 2253 1242 2279 haec
1255 2252 1317 2279 ferri
1328 2261 1417 2287 posse.
1450 2252 1523 2285 Quid
1533 2260 1636 2283 censes,
1649 2260 1734 2287 quum
1747 2252 1856 2278 Romam

1062 2299 1130 2326 puer
1139 2291 1256 2321 venerit,
1274 2289 1322 2316 ubi
1339 2290 1422 2316 nostri
1433 2289 1589 2317 liberatores
1599 2290 1650 2316 tuti
1660 2297 1719 2315 esse
1731 2297 1781 2315 non
1794 2297 1857 2324 pos-

1062 2327 1144 2354 sunt‘?
1153 2328 1202 2362 qui
1213 2326 1325 2362 quidem
1336 2335 1444 2362 semper
1453 2332 1532 2353 erunt
1542 2326 1622 2353 clari:
1633 2327 1797 2353 conscientia
1809 2335 1857 2352 ve—

1062 2373 1090 2391 ro
1103 2365 1164 2391 facti
1175 2365 1219 2391 sui
1230 2365 1311 2391 etiam
1322 2364 1403 2391 beati.
1442 2364 1496 2391 Sed
1507 2372 1564 2395 nos,
1577 2364 1630 2390 nisi
1641 2370 1683 2389 me
1695 2362 1772 2393 fallit,
1785 2364 1857 2390 iace—

1063 2403 1164 2429 bimus.
1204 2402 1296 2436 Itaque
1306 2402 1380 2428 exire
1391 2409 1466 2432 aveo,

1168 2454 1205 2458 —
1216 2441 1258 2464 ubi
1268 2447 1314 2465 nec
1325 2439 1502 2472 Pelopidarum
1512 2453 1549 2457 —
1557 2452 1595 2456 -
1604 2452 1641 2456 —

1062 2474 1161 2511 inquit.
1201 2475 1278 2502 Haud
1289 2484 1349 2502 amo
1358 2475 1402 2502 vel
1413 2475 1462 2502 hos
1471 2475 1638 2510 designatos,
1655 2475 1704 2509 qui
1718 2475 1798 2501 etiam
1809 2474 1857 2501 de-

1061 2511 1176 2540 clamare
1191 2521 1234 2539 me
1249 2517 1406 2548 coegerunt:
1424 2517 1454 2539 ut
1469 2520 1501 2538 ne
1511 2511 1584 2546 apud
1595 2520 1678 2546 aquas
1689 2511 1801 2547 quidem
1811 2520 1856 2538 ac-

1061 2551 1202 2585 quiescere
1218 2549 1319 2576 liceret.
1358 2549 1411 2576 Sed
1431 2549 1482 2575 hoc
1501 2556 1575 2575 meae
1590 2549 1690 2575 nimiae
1707 2548 1853 2576 facilitatis,

1062 2588 1129 2613 Nam
1144 2587 1173 2613 id
1187 2592 1243 2614 erat
1257 2586 1394 2622 quondam
1408 2586 1487 2621 quasi
1501 2593 1625 2618 necesse3
1643 2594 1728 2617 nunc,
1745 2594 1855 2621 quoquo

1063 2624 1141 2651 modo
1157 2633 1186 2650 se
1203 2633 1245 2650 res
1258 2624 1351 2654 babet,
1368 2632 1420 2650 non
1435 2627 1476 2649 est
1490 2623 1565 2649 item.
1605 2624 1630 2649 3.
1651 2622 1738 2655 Quam
1749 2623 1854 2649 dudum

1062 2661 1131 2689 nihil
1146 2661 1245 2693 habeo,
1262 2660 1336 2696 quod
1351 2660 1385 2687 ad
1395 2660 1561 2688 tescribam!
1583 2659 1672 2687 scribo
1683 2664 1785 2692 tamen,
1801 2668 1853 2687 non
