1941 3052
215 133 264 159 602

215 202 333 229 minibus
347 202 552 228 dominationem
566 205 773 236 potestatemque
783 202 904 227 omnium
917 210 1004 227 reruni
1026 206 1028 211 “

213 240 315 274 quaeri.
331 249 416 274 ‘l¹¹¹¹¹¹¹
434 240 552 268 videatis,
570 247 640 267 1-11111,
656 247 736 272 «μυ-111
751 239 888 264 custodem
905 243 1006 264 vestrae

216 276 343 303 libertatis
360 276 412 302 sort·
428 276 540 304 videant.
558 280 691 309 expertem
708 276 763 301 lit-ri
778 276 935 308 dignitatis?

270 316 310 341 26.
334 314 487 346 Cogno-wit«-
503 322 581 341 1111111·,
597 321 665 346 (fuae
681 317 793 346 potestas
808 312 967 338 decemviris
981 317 1007 339 et

213 356 310 386 quantu
325 351 411 376 detur.
435 351 551 375 l‘ritnutn
568 349 625 380 lege
635 350 734 375 curiata
746 349 910 375 ‹leceuiviros
920 354 1004 375 ornat.

215 389 267 415 111111
283 389 331 414 boc
347 388 505 416 1111111111111111,
522 392 546 412 et
562 386 638 420 plane
654 395 762 416 novum,
781 387 818 412 uti
833 387 932 413 curiata
949 387 1006 421 lege

214 426 384 459 magistratus
399 425 488 454 ‹li-tur,
509 424 554 458 qui
571 423 652 449 nullis
666 424 781 449 comitiis
795 429 854 450 ante
868 424 1004 450 sudatus.

213 463 277 488 Eam
303 462 385 495 legem
409 462 441 486 ab
464 470 494 486 eo
513 465 642 494 praetore,
668 461 714 495 qui
733 462 767 486 sit
787 462 890 496 primus
910 461 1004 492 sactus,

214 499 274 525 ferri
294 499 376 524 iubet.
419 498 449 523 At
467 497 618 533 quomodo?
645 498 676 524 Ut
695 498 711 524 11
731 498 939 524 decemviratum
960 499 1006 524 ba-

214 537 304 564 beant.
325 545 393 570 quos
408 535 483 569 plebs
497 535 687 569 designaverit.
727 536 834 561 Oblitus
848 541 900 566 cst,
918 536 1006 562 nullos

213 574 246 599 ab
260 573 337 607 plebe
352 573 495 607 tlt-signari.
518 573 549 598 Et
565 574 586 598 is
600 573 690 599 orbem
707 577 834 599 terrarum
849 574 1006 608 constringit

214 611 289 636 novis
305 610 418 643 legibus,
434 610 490 644 qui,
507 609 596 645 quod·
613 611 638 636 111
653 611 771 637 secundo
780 611 866 645 capite
876 612 1005 645 scriptum

213 652 264 677 est.
290 656 341 673 non
361 648 481 673 meminit
501 647 526 673 in
547 647 641 674 tertio‘?
666 648 752 682 Atque
772 648 815 674 bic
833 649 1004 682 perspicuum

213 689 265 715 ost,
285 684 352 719 quid
367 685 433 710 iuris
447 694 461 711 n
477 685 622 711 maioribus
637 686 805 720 acceperitis,
826 686 891 720 quid
908 686 941 711 ab
958 685 1006 711 boc

214 722 320 748 tribuno
342 722 427 756 plebis
452 723 527 748 vobis
551 722 726 757 relinquatur.
768 723 814 748 xl.
839 723 950 749 Maiores
973 722 1005 748 de

212 759 338 785 omnibus
357 759 557 795 magistratibus
577 760 618 786 bis
637 769 683 786 vos
701 761 859 786 sententiam
879 760 945 786 serre
961 769 1006 786 vo-

214 796 328 823 luerunt.
368 797 434 823 Nam
452 806 536 832 quum
551 798 696 823 centuriata
712 797 754 824 lex
767 798 924 823 censoribus
939 797 1006 823 t'ere-

212 833 302 865 batur,
323 843 408 869 quum
426 835 525 860 curiata
544 836 638 860 ceteris
658 835 775 869 patriciis
791 835 1003 870 magistratibus:
1028 847 1029 850 ¹

213 875 269 898 tum
285 872 380 897 iterum
395 872 428 897 de
441 872 541 898 eisdem
555 872 729 903 imticatiutnr.
747 877 775 898 ut
785 878 854 898 esset
864 873 1006 907 repre-ben·
1028 895 1029 898 ,

211 908 292 935 dendi
308 913 436 943 potestas,
457 910 478 935 si
499 909 627 944 populum
647 910 768 936 benelicii
788 910 829 935 sui
850 911 1004 944 poeniteret.
1028 938 1029 942 ¹

207 947 254 974 ,27-
271 946 361 977 Nunc,
381 947 443 981 quia
460 947 543 981 prima
558 947 602 973 illa
616 948 721 973 comitia
737 949 844 978 tenetis,
860 948 1005 973 centuriata
1028 952 1029 958 ¹

211 988 237 1010 et
251 984 362 1011 tributa.
378 985 476 1010 curiata
493 989 593 1010 tantum
605 985 785 1019 auspiciorum
797 994 890 1010 caussa
902 994 1006 1010 reman-

211 1026 314 1047 serunt.
345 1022 391 1047 llic
405 1026 492 1047 autem
509 1022 633 1048 tribunus
648 1022 744 1056 plebiS,
760 1023 823 1057 quia
839 1022 944 1048 videbat
959 1030 1006 1056 po-

211 1062 332 1085 testatem
348 1059 480 1085 neminem
497 1059 601 1085 iniussu
617 1059 707 1094 populi
718 1064 763 1086 aut
774 1059 860 1094 piebis
871 1068 947 1094 posse
959 1059 1007 1085 ba-
1027 1066 1028 1069 ’

211 1095 288 1127 bere,
308 1097 417 1122 curiatis
431 1106 460 1122 ea
474 1097 603 1127 comitiis,
619 1105 687 1132 quae
703 1106 748 1123 vos
764 1106 814 1123 non
829 1098 926 1128 sinitis.
943 1105 1006 1122 con·
1026 1091 1028 1112 ⁴*

956 1134 1003 1164 lta,
1026 1131 1028 1139 ¹

211 1179 297 1205 quum
317 1171 429 1197 maiores
444 1171 514 1197 binis
528 1172 643 1198 comitiis
657 1171 789 1198 voluerint
803 1181 850 1198 vos
864 1172 897 1198 de
911 1172 1006 1206 singu·
1026 1173 1028 1185 ²

212 1133 340 1160 firmavit:
366 1134 477 1164 tributa.
497 1142 566 1169 quae
584 1139 670 1160 vestra
689 1139 775 1165 erant,
796 1134 916 1161 sustulit.

213 1207 245 1234 lis
264 1209 464 1244 magistratibus
488 1209 618 1235 iudicare:
644 1209 687 1235 bic-
711 1209 789 1235 bomo
812 1209 949 1244 popularis
972 1217 1005 1235 ne

211 1254 292 1272 unam
306 1246 415 1280 quidem
432 1246 530 1281 populo
541 1247 708 1272 comitiorum
720 1251 874 1281 potestatem
886 1246 1003 1281 reliquit.

211 1284 253 1310 28.
277 1283 329 1309 Sed
353 1283 440 1309 videte
464 1284 578 1310 bominis
602 1283 756 1319 religionem
779 1289 804 1310 et
826 1284 1003 1319 diligentiam.
1026 1299 1027 1306 .

211 1320 283 1346 Vidit
301 1325 326 1346 et
344 1321 492 1355 perspexit,
513 1322 571 1347 sine
588 1322 688 1347 curiata
709 1321 765 1357 lege
778 1321 944 1348 decemviros
959 1321 1006 1347 ba-

212 1357 273 1384 bere
287 1362 442 1392 potestatem
458 1367 509 1385 non
522 1367 614 1393 posse,
636 1360 763 1393 quoniam
783 1367 830 1393 per
848 1367 943 1385 novem
959 1359 1006 1384 tri-
1026 1379 1027 1383 ,

566 1396 642 1422 Iubet
661 1396 727 1423 serre
745 1397 778 1423 de
797 1397 839 1422 bis
859 1396 944 1432 legem
958 1404 1006 1422 cu-
1026 1412 1027 1419 .

211 1395 262 1421 bus
276 1400 365 1421 essent
379 1396 525 1422 constituti.

210 1433 318 1459 riatam:
339 1434 452 1467 praetori
466 1434 588 1468 imperat.

210 1469 277 1496 nihil
296 1469 329 1496 ad
348 1479 390 1496 me
408 1471 509 1497 attinet.

210 1516 341 1534 1111111011
364 1517 487 1539 merus,

209 1553 256 1570 sis
275 1553 299 1570 ts
316 1554 411 1571 renni:
430 1555 483 1571 son
500 1555 610 1577 rossir,
635 1555 683 1577 oni
706 1555 874 1573 rosrneuus
895 1555 952 1573 sir:
975 1550 1006 1572 ut

209 1585 255 1608 aut
274 1581 370 1608 lusisse
386 1583 414 1608 in
432 1584 511 1609 tantis
531 1583 623 1615 rebus,
647 1588 693 1610 aut
706 1583 822 1618 profecto
837 1584 925 1610 nescio
939 1583 1005 1618 quid

210 1624 344 1654 spectasse
358 1619 489 1646 videatur.
515 1621 613 1647 Verum
628 1621 686 1652 hoc,
702 1621 775 1656 quod
788 1626 828 1648 est
841 1626 886 1647 aut
900 1622 934 1647 ita
945 1629 1006 1655 per-

210 1665 332 1688 versum,
349 1662 378 1683 ut
392 1657 550 1689 ridiculum,
567 1662 612 1684 aut
626 1659 661 1684 ita
675 1658 848 1690 malitiosum,
865 1663 895 1685 ut
907 1658 1006 1685 obscu-

210 1702 270 1720 rum
284 1694 331 1726 sit,
348 1694 546 1729 relinquamus:
567 1695 599 1722 ad
613 1695 768 1731 religionem
784 1696 901 1722 hominis
915 1704 1006 1722 rever-

210 1735 306 1757 tamur.
339 1731 417 1758 Videt
434 1733 492 1758 sine
511 1732 568 1768 lege
586 1733 685 1759 curiata
700 1733 766 1759 nihil
781 1734 823 1769 agi
839 1742 886 1768 per
899 1733 1005 1759 decem-

209 1768 281 1795 viros
296 1776 384 1803 posse.
409 1770 451 1795 29.
466 1769 537 1802 Quid
551 1774 650 1804 postea,
666 1771 690 1796 si
704 1778 733 1796 ea
747 1770 798 1796 lata
811 1779 863 1797 non
878 1769 945 1797 erit?
958 1770 1005 1796 At-

210 1805 310 1832 tendite
320 1806 467 1841 ingenium.
487 1816 544 1834 τυ11
559 1816 579 1833 11
593 1816 774 1839 neceuvtnt,
791 1808 888 1843 inquit,
905 1817 1003 1834 sonex

210 1851 278 1870 1111111
297 1852 374 1874 Stsr,
394 1853 449 1874 Quo
466 1853 515 1874 Qui
533 1853 639 1871 ornus
658 1853 743 1871 LEGE.
778 1844 806 1871 Si
823 1845 870 1871 boc
885 1845 941 1871 fieri
956 1853 1004 1880 po-

209 1884 273 1911 test,
290 1884 320 1906 ut
332 1881 360 1906 in
374 1880 423 1907 hac
436 1881 555 1912 civitate.
571 1890 640 1917 quae
655 1881 732 1917 longe
745 1882 804 1908 iure
819 1882 947 1908 libertatis
961 1891 1004 1908 ce-

210 1917 272 1944 teris
286 1918 440 1944 civitatibus
455 1918 600 1950 antecellit,
622 1920 767 1954 quisquam
787 1919 869 1946 nullis
888 1920 1004 1946 comitiis

209 1954 353 1989 imperium
371 1960 416 1981 aut
434 1961 588 1990 potestatem
607 1957 715 1991 assequi
733 1958 829 1991 possit:
854 1957 920 1992 quid
943 1957 1005 1983 atti-

209 1996 266 2022 net,
284 1993 360 2018 tertio
372 1993 457 2027 capite
472 1993 556 2029 legem
572 1994 699 2020 curiatam
714 1993 782 2020 ferre
796 1994 901 2025 iubere,
917 2003 1003 2029 quum

209 2033 304 2063 quarto
317 2030 468 2064 permittas,
489 2035 519 2057 ut
531 2031 589 2057 sine
605 2031 662 2065 lege
675 2032 775 2058 curiata
790 2031 860 2058 idem
875 2033 942 2058 iuris
957 2032 1003 2058 ha-

209 2066 296 2096 beant,
312 2067 384 2101 quod
399 2067 534 2099 haberent,
550 2068 573 2094 si
587 2070 686 2103 optima
702 2068 759 2105 lege
773 2078 786 2095 a
801 2069 901 2104 populo
914 2074 1004 2095 essent

630 1433 715 1466 Quam
730 1434 757 1460 id
771 1435 863 1469 ipsum
877 1433 1002 1465 absurde,

550 1471 626 1497 Iubet
648 1472 734 1502 enim,
763 1481 811 1502 011¹
835 1481 940 1498 antuus
962 1480 1006 1497 ειτ

516 1517 573 1535 suu
597 1517 693 1535 ιεοειι
716 1518 866 1536 cuntium
893 1517 1003 1535 renus:

208 2103 306 2130 creatI‘?
319 2104 403 2140 Reges
417 2106 625 2137 constituuntur,
641 2114 692 2132 non
704 2106 858 2138 decemviri,
875 2107 1001 2139 Quirites,
1025 2099 1026 2106 ¹

208 2141 298 2176 itaque
316 2141 349 2167 ab
368 2142 411 2168 his
428 2143 512 2169 initiis
531 2142 767 2179 fundamentisque
790 2149 950 2175 nascuntur,
974 2149 1004 2170 ut

209 2186 260 2205 non
279 2178 358 2205 modo
375 2188 460 2214 quum
478 2188 569 2216 gerere
586 2182 733 2215 coeperint,
754 2181 801 2207 sed
820 2182 898 2208 etiam
916 2190 1002 2217 quum

207 2216 415 2248 constituentur,
431 2225 510 2244 omne
523 2222 642 2244 vestrum
657 2219 714 2249 ius,
730 2223 858 2253 potestas,
881 2219 1003 2246 libertas-

207 2261 261 2287 que
275 2252 391 2280 tollatur.
417 2254 476 2281 XII.
493 2256 534 2281 30.
551 2255 584 2281 At
598 2255 694 2287 videte,
710 2264 792 2291 quam
805 2256 948 2292 diligenter
962 2265 1004 2283 re-

209 2290 290 2316 tineat
308 2291 350 2317 ius
369 2291 526 2318 tribuniciae
544 2294 692 2327 potestatis.
733 2293 898 2320 Consulibus
916 2293 1003 2330 legem

208 2327 335 2354 curiatam
354 2327 515 2360 serentibus,
535 2338 549 2356 a
568 2330 683 2356 tribunis
701 2330 788 2365 plebis
806 2340 886 2366 saepe
904 2336 944 2358 est
961 2332 1004 2358 in—

208 2368 363 2392 tercessum.
385 2366 477 2401 Neque
492 2371 579 2393 tamen
593 2376 642 2394 nos
655 2368 683 2394 id
696 2369 844 2403 querimur,
861 2377 921 2395 esse
935 2369 1003 2395 hanc

208 2401 376 2429 tribunorum
390 2403 477 2438 plebis
491 2409 660 2439 potestatem:
681 2409 784 2432 tantum
799 2406 886 2437 modo,
903 2407 927 2432 si
939 2407 1002 2441 quis

208 2445 239 2463 ea
251 2443 378 2472 potestate
392 2445 489 2467 temere
503 2446 543 2468 est
558 2451 637 2473 usus,
657 2443 854 2470 existimamus.
894 2444 942 2470 Hic
957 2444 1004 2469 tri-

208 2473 298 2501 bunus
312 2476 399 2510 plebis
414 2477 471 2514 lege
485 2479 594 2511 curiata,
609 2488 691 2514 quam
703 2486 808 2514 praetor
818 2480 892 2511 ferat,
909 2480 1003 2507 adimit

209 2511 389 2540 intercedendi
407 2520 571 2549 potestatem.
610 2517 698 2552 Atque
713 2517 762 2544 hoc
775 2526 861 2552 quum
875 2518 903 2544 in
917 2526 948 2544 eo
961 2526 1004 2544 re—

209 2548 428 2590 prehendendum
442 2557 494 2584 est,
516 2553 589 2588 quod
602 2562 649 2588 per
663 2554 801 2580 tribunum
816 2554 902 2589 plebis
917 2555 1004 2581 tribu-

209 2593 278 2611 mela
293 2591 407 2628 potestas
421 2590 559 2622 minuitur,
576 2595 633 2617 tum
647 2591 675 2617 in
686 2600 716 2618 eo
727 2591 913 2623 deridendum,
929 2592 1003 2627 quod

209 2623 326 2665 consult.
346 2625 370 2650 si
384 2624 468 2661 legem
482 2628 610 2654 curiatam
624 2636 676 2654 non
690 2628 784 2660 habet,
804 2629 933 2664 attingere
947 2638 1002 2656 rem

209 2659 351 2688 militarem
364 2670 415 2688 non
431 2663 504 2690 lieet:
524 2664 600 2697 huic,
620 2665 664 2692 cui
679 2670 749 2692 vetat
766 2666 907 2698 intercedi,
927 2671 1003 2701 pote-

785 134 825 158 29.
861 133 895 158 M.
929 134 959 159 T.
993 132 1270 160 CICERONIS

1057 206 1164 232 statem,
1180 202 1282 228 etiarnsi
1298 202 1471 229 intercessum
1487 203 1534 233 sit.
1550 208 1637 230 tamen
1651 203 1772 230 eamdem
1786 212 1851 231 eon-

1057 239 1157 268 stituit.
1181 248 1276 273 (quain.
1301 239 1322 264 si
1343 238 1393 265 lata
1411 244 1481 265 esset
1500 240 1555 266 lex:
1581 245 1675 267 utnon
1690 241 1848 276 intettignm.

1057 285 1138 310 quare
1153 281 1197 301 aut
1212 276 1254 302 liic
1269 280 1338 302 vetet
1353 276 1522 307 intercedere.
1538 283 1582 303 aut
1592 287 1756 313 qut-mquam
1769 280 1851 305 inter—

1057 321 1197 339 ccssurum
1218 318 1305 347 putet:
1329 322 1413 348 quum
1434 314 1588 341 intercessio
1604 315 1745 342 stultitiam
1769 316 1851 343 inter·

1057 351 1169 376 ccssoris
1183 350 1364 385 significatura
1378 351 1421 381 sit,
1438 360 1489 378 non
1503 361 1558 378 rem
1573 352 1742 387 impeditura.

1112 389 1154 413 31.
1174 388 1233 414 Sint
1252 388 1333 421 igitur
1351 387 1509 418 decemviri.
1530 398 1616 423 neque
1635 391 1704 416 veris
1722 391 1848 421 comitiis.

1059 424 1107 450 boc
1125 430 1164 450 est
1183 425 1275 459 populi
1294 424 1440 461 suffragiis.
1461 434 1548 460 neque
1566 426 1620 452 illis
1633 427 1666 453 ad
1680 428 1796 462 speciem
1811 433 1851 454 at-

1057 470 1110 496 que
1124 462 1156 488 1111
1172 462 1373 496 usurpationem
1389 464 1526 489 vetustatis
1542 472 1588 498 per
1602 471 1659 489 m
1677 464 1789 493 lictores.
1802 473 1851 491 nu-

1057 499 1203 533 spiciorum
1230 508 1338 530 caussa.
1372 499 1538 527 adumbratis
1564 501 1712 528 constituti.
1758 502 1851 528 videte

1058 545 1142 566 nunc,
1167 545 1225 567 eos.
1250 538 1297 571 qui
1316 546 1329 563 a
1349 537 1425 564 vobis
1444 538 1510 564 nihil
1531 538 1667 572 potestatis
1690 540 1848 574 acceperint.

1057 579 1157 608 quanto
1176 575 1321 600 maioribus
1339 575 1501 601 ornamentis
1519 575 1628 605 afliciat.
1653 584 1734 610 quam
1757 585 1850 603 omnes

1059 620 1106 637 nos
1121 611 1204 638 affecti
1219 621 1323 642 sumus,
1339 612 1440 647 quibus
1455 621 1501 639 vos
1515 612 1697 647 amplissimas
1708 618 1850 648 potestates

1057 648 1178 675 dedistis.
1219 649 1294 675 lubet
1316 650 1429 684 auspicii
1451 649 1614 676 coloniarum
1633 650 1850 678 deducendarum

1057 694 1151 712 caussa
1170 686 1335 713 decemviros
1354 687 1450 713 babere
1473 687 1611 722 pullarios.
1645 696 1742 714 ιουῑι
1765 696 1848 719 tons,

1057 724 1158 758 inquit,
1181 733 1236 754 ouo
1255 733 1428 751 :iuuenum
1446 734 1481 750 ιιι
1501 734 1561 751 vini
1580 733 1653 751 1.an
1672 734 1849 752 stur-osu.

1058 760 1148 787 Audes
1162 762 1251 792 etiam,
1268 761 1354 792 Itulle=
1371 762 1532 788 mentionem
1548 761 1632 789 [acere
1648 762 1714 798 tegis
1725 762 1851 797 Sempro-

1058 798 1134 824 niae‘?
1160 807 1207 825 nec
1231 804 1255 825 te
1277 808 1306 825 ea
1331 799 1374 825 lex
1391 800 1448 834 ipsa
1466 804 1629 830 commonet,
1655 808 1681 825 ιιι
1701 801 1772 826 viros
1790 799 1850 827 illos

1058 844 1131 861 xxxv
1148 836 1267 863 tribuum
1282 836 1407 871 suffragio
1421 845 1479 863 esse
1493 836 1612 863 creatos?
1636 837 1677 867 Et,
1693 845 1778 872 quum
1794 841 1822 864 tu
1835 846 1850 864 ι

1057 873 1096 899 Τ1.
1113 873 1225 900 Gracchi
1244 875 1376 908 aequitate
1394 883 1423 900 ac
1443 874 1543 909 pudore
1563 874 1717 910 longissime
1732 879 1850 901 remotus

1057 910 1108 941 sis,
1130 910 1166 942 id,
1181 911 1254 946 quod
1268 911 1450 937 dissimillima
1465 913 1564 938 ratione
1580 912 1677 938 sactum
1692 912 1739 942 sit.
1756 912 1849 938 eodem

1057 948 1113 973 iure
1128 953 1205 982 putas
1219 957 1278 974 esse
1292 948 1429 983 oportere?
1452 949 1521 975 Xlll.
1538 951 1579 976 32.
1595 950 1642 975 Dat
1657 954 1788 984 praeterea
1803 958 1851 984 po-

1057 989 1186 1016 testatem,
1203 986 1284 1012 verbo
1298 986 1463 1020 praetoriam,
1479 995 1505 1012 re
1520 995 1580 1013 vera
1591 987 1704 1022 regiam:
1719 986 1812 1013 definit
1823 987 1851 1014 in

1057 1023 1283 1057 quinquennium,
1301 1023 1361 1050 t'acit
1375 1024 1575 1058 sempiternam.
1597 1024 1688 1050 Tantis
1702 1025 1773 1050 enim
1787 1032 1851 1051 con·

1058 1060 1144 1086 firmat
1161 1061 1259 1095 opibus
1277 1065 1302 1087 ct
1319 1061 1416 1095 copiiS,
1443 1066 1471 1087 ut
1489 1061 1581 1087 invitis
1599 1061 1665 1095 eripi
1685 1061 1759 1087 nullo
1773 1060 1851 1088 modo

1057 1098 1150 1131 possit.
1181 1098 1280 1124 Deinde
1294 1103 1367 1124 ornat
1381 1099 1586 1133 apparitoribus,
1601 1099 1706 1129 scribis,
1724 1098 1848 1129 librariis,

1057 1135 1242 1169 praeconibus,
1258 1135 1422 1162 architectis:
1440 1141 1572 1170 praeterea
1587 1136 1677 1166 mulis.
1694 1135 1851 1162 tabernacu-

1058 1172 1104 1203 lis,
1120 1173 1261 1203 centuriis,
1277 1173 1452 1207 supellectili:
1476 1179 1615 1208 sumptum
1631 1173 1718 1199 baurit
1731 1181 1765 1199 ex
1778 1181 1851 1200 aera—

1057 1210 1104 1240 rio,
1121 1210 1276 1245 suppeditat
1287 1219 1300 1236 3
1311 1210 1404 1236 sociis:
1421 1210 1538 1237 finitores
1551 1219 1584 1238 ex
1597 1211 1714 1245 equestri
1730 1209 1786 1237 loco
1799 1209 1851 1237 du-

1055 1252 1146 1274 centos
1164 1248 1190 1274 in
1209 1256 1292 1274 annos
1310 1248 1432 1283 singulos
1450 1248 1590 1282 stipatores
1611 1248 1729 1282 corporis
1751 1248 1850 1274 consti-

1057 1285 1118 1315 tuit,
1140 1285 1247 1311 eosdem
1267 1286 1402 1312 ministros
1417 1290 1442 1311 et
1455 1285 1584 1312 satellites
1599 1285 1746 1320 potestatis.
1787 1285 1851 1312 For-

1056 1330 1126 1348 mam
1141 1322 1228 1349 adbuc
1242 1322 1359 1353 habetis,
1379 1322 1509 1355 Quirites,
1529 1327 1556 1349 et
1572 1323 1689 1357 speciem
1708 1323 1794 1357 ipsam
1809 1327 1852 1358 ty-

1056 1367 1213 1386 rannorum:
1230 1360 1345 1396 insignia
1359 1360 1456 1386 videtis
1470 1361 1617 1395 potestatis,
1633 1360 1751 1387 nondum
1763 1361 1850 1394 ipsam

1057 1401 1222 1431 potestatem.
1245 1398 1345 1424 Dixerit
1358 1398 1429 1424 enim
1442 1397 1552 1424 sortasse
1561 1398 1712 1433 quispiam:
1727 1397 1798 1430 Quid
1808 1405 1851 1424 me

1056 1435 1106 1461 ista
1122 1434 1237 1466 laedunt,
1253 1435 1348 1465 scriba,
1366 1434 1450 1466 lictor,
1466 1443 1568 1470 praeco,
1585 1434 1735 1470 pullarius?
1754 1434 1850 1462 Omnia

1057 1476 1120 1498 sunt
1135 1472 1199 1498 baec
1212 1472 1377 1503 huiusmodi,
1393 1472 1519 1505 Quirites,
1536 1477 1565 1499 ut
1579 1481 1608 1499 ea
1621 1473 1669 1507 qui
1683 1472 1779 1499 habeat
1791 1472 1851 1499 sine

1057 1510 1153 1536 vestris
1166 1509 1314 1545 suffragiis,
1330 1514 1375 1536 aut
1388 1518 1436 1537 rex
1449 1519 1501 1537 non
1515 1509 1654 1541 serendus,
1670 1514 1716 1536 aut
1728 1509 1850 1545 privatus

1057 1546 1175 1573 furiosus
1190 1555 1249 1573 esse
1263 1547 1394 1574 videatur.

1112 1586 1154 1611 33.
1177 1584 1334 1619 Perspiche,
1349 1589 1448 1620 quanta
1462 1588 1579 1620 potestas
1592 1584 1774 1619 permittatur:
1798 1592 1850 1611 non

1056 1621 1220 1656 privatorum
1239 1623 1384 1653 insaniam,
1404 1622 1453 1648 sed
1470 1621 1665 1648 intolerantiam
1683 1629 1777 1657 regum
1790 1629 1850 1647 esse

1056 1659 1159 1685 dicetis.
1200 1659 1319 1685 Primum
1338 1659 1500 1693 permittitur
1518 1659 1620 1685 infinita
1640 1663 1755 1693 potestas
1768 1658 1850 1685 innu-

1056 1695 1193 1722 merabilis
1211 1696 1340 1730 pecuniae
1356 1696 1536 1723 conficiendae
1555 1695 1588 1722 de
1602 1696 1698 1722 vestris
1712 1695 1850 1731 vectigali-

1055 1733 1120 1764 bus,
1137 1742 1189 1760 non
1206 1733 1339 1764 fruendis,
1355 1733 1402 1760 sed
1416 1733 1577 1760 alienandis:
1601 1732 1698 1759 deinde
1711 1733 1784 1760 orbis
1799 1737 1850 1759 ter-

1056 1779 1144 1797 rarum
1162 1771 1338 1807 gentiumque
1355 1771 1476 1797 omnium
1494 1771 1572 1797 datur
1585 1771 1701 1806 cognitio
1715 1771 1774 1796 sine
1787 1778 1851 1797 con-

1055 1808 1125 1839 silio,
1141 1817 1225 1843 poena
1238 1809 1296 1834 sine
1310 1809 1504 1843 provocatione,
1520 1808 1716 1834 animadversio
1730 1808 1788 1834 sine
1801 1816 1851 1834 au-

1056 1845 1130 1872 xilio.
1157 1846 1197 1872 34.
1214 1845 1333 1872 Iudicare
1347 1854 1395 1880 per
1407 1846 1633 1881 quinquennium,
1651 1844 1693 1871 vel
1706 1844 1739 1871 de
1752 1853 1850 1872 consu-

1057 1883 1142 1914 libus,
1158 1882 1201 1909 vel
1214 1882 1247 1909 de
1261 1883 1328 1918 ipsis
1342 1883 1458 1910 tribunis
1471 1883 1558 1918 plebis
1571 1887 1705 1917 poterunt.
1745 1882 1781 1908 De
1794 1882 1850 1908 illis

1055 1921 1154 1946 interea
1169 1928 1246 1946 nemo
1259 1920 1398 1947 iudicabit.
1438 1921 1609 1956 Magistratus
1627 1919 1670 1946 his
1684 1924 1773 1954 petere
1787 1918 1851 1946 lio&

1055 1957 1108 1984 bit:
1124 1966 1247 1984 caussam
1261 1958 1348 1984 dicere
1362 1966 1415 1984 non
1429 1957 1529 1984 licebit.
1550 1957 1645 1984 Emere
1659 1965 1744 1992 agros,
1760 1964 1774 1983 a
1787 1956 1850 1991 qui-

1055 1995 1106 2021 bus
1129 1995 1231 2026 volent,
1256 1995 1298 2021 vel
1316 2004 1385 2030 quos
1403 1994 1507 2026 volent.
1529 2003 1612 2030 quam
1635 1993 1724 2021 volent
1740 2001 1847 2030 magno,

1054 2037 1192 2067 poterunt:
1212 2032 1329 2059 colonias
1343 2032 1474 2059 deducere
1488 2040 1580 2063 novas,
1596 2039 1722 2058 renovare
1735 2035 1848 2062 veteres.

1055 2075 1135 2096 totam
1154 2069 1256 2096 Italiam
1275 2071 1333 2096 suis
1350 2070 1462 2097 coloniis
1480 2074 1511 2096 ut
1527 2069 1661 2104 complere
1679 2068 1768 2099 liceat,
1788 2076 1850 2103 per-

1055 2108 1183 2134 mittitur:
1206 2115 1299 2134 omnes
1312 2108 1465 2143 provincias
1477 2107 1608 2138 obeundi,
1625 2106 1722 2132 liberos
1736 2104 1850 2140 populos

1055 2145 1126 2181 agris
1150 2144 1311 2176 mulctandi,
1335 2153 1478 2181 regnorum
1491 2144 1534 2171 vel
1552 2143 1700 2170 dandorum
1721 2141 1774 2179 [vet
1791 2141 1850 2169 adi-

1054 2180 1225 2218 mendorum]
1242 2191 1349 2209 summa
1364 2187 1480 2217 potestas
1491 2181 1578 2212 datur,
1590 2189 1676 2216 quum
1686 2180 1782 2206 velint:
1797 2179 1850 2206 Ro—

1054 2228 1113 2246 mae
1126 2228 1198 2251 esse,
1214 2228 1299 2254 quum
1313 2219 1484 2246 commodum
1498 2219 1546 2245 sit:
1570 2225 1742 2253 quacumque
1755 2216 1847 2248 velint,

1054 2265 1161 2283 summo
1179 2265 1241 2283 cum
1259 2257 1372 2292 imperio
1389 2257 1543 2291 iudicioque
1559 2255 1680 2282 omnium
1698 2262 1788 2281 rerum
1803 2262 1850 2280 va-

1053 2294 1112 2330 gari
1125 2299 1155 2321 ut
1169 2293 1254 2326 liceat,
1269 2294 1433 2321 conceditur.
1474 2294 1574 2320 Interea
1587 2291 1735 2319 dissolvant
1748 2290 1849 2318 iudicia

1053 2331 1175 2366 publica:
1200 2331 1234 2358 de
1247 2331 1367 2358 consiliis
1380 2331 1527 2362 abducant,
1542 2338 1611 2365 quos
1624 2329 1721 2371 velint:
1745 2327 1849 2365 singuli

1053 2369 1087 2396 de
1110 2369 1236 2395 maximis
1259 2369 1340 2396 rebus
1363 2369 1495 2395 iudicent:
1521 2371 1656 2403 quaestori
1678 2367 1846 2401 permittant:

1054 2406 1187 2433 finitorem
1200 2407 1320 2433 mittant:
1340 2410 1429 2433 ratum
1442 2406 1490 2436 sit.
1510 2404 1582 2440 quod
1596 2403 1684 2430 finitor
1698 2404 1746 2430 uni
1758 2402 1813 2435 illi,
1832 2411 1848 2430 a

1053 2452 1108 2478 quo
1121 2444 1222 2470 missus
1236 2444 1295 2476 erit,
1309 2443 1510 2470 renuntiaverit.
1530 2441 1600 2468 XIV.
1612 2443 1654 2468 35.
1668 2441 1787 2467 Verbum
1797 2440 1850 2467 mi-

1054 2481 1082 2507 hi
1095 2480 1178 2512 deest,
1195 2480 1322 2513 Quirites,
1336 2489 1423 2516 quum
1435 2488 1486 2515 ego
1499 2479 1567 2505 hanc
1579 2483 1737 2513 potestatem
1746 2478 1847 2513 regiam

1053 2518 1172 2553 appello.
1193 2518 1242 2544 sed
1259 2518 1377 2553 profecto
1392 2517 1477 2543 maior
1493 2520 1535 2543 est
1551 2515 1694 2551 quaedam.
1734 2514 1847 2541 Nullum

1053 2556 1124 2581 euim
1139 2563 1252 2591 regnum
1266 2555 1318 2582 t'uit
1330 2562 1469 2589 umquam,
1484 2553 1557 2588 quod
1571 2562 1632 2584 non,
1647 2553 1671 2579 si
1685 2553 1776 2579 minus
1789 2552 1848 2578 iure

1053 2592 1152 2627 aliquo.
1168 2597 1194 2619 at
1206 2592 1362 2628 regionibus
1376 2596 1464 2618 tamen
1477 2591 1564 2622 certis,
1580 2591 1769 2617 contineretur.
1793 2589 1848 2615 Hoc

1052 2637 1116 2656 vero
1128 2629 1265 2656 infinitum
1278 2634 1332 2660 est,
1351 2637 1406 2664 quo
1419 2632 1444 2654 et
1461 2636 1543 2663 regna
1560 2628 1663 2658 omnia,
1683 2631 1709 2653 et
1726 2630 1846 2653 vestrum

1051 2666 1212 2701 imperium,
1231 2666 1304 2702 quod
1318 2666 1447 2693 latissime
1459 2669 1544 2700 patet,
1563 2669 1590 2692 et
1603 2673 1646 2696 ea.
1665 2672 1735 2700 quae
1748 2663 1846 2699 partim
