1941 3052
221 165 269 190 :ita
795 162 834 188 25.
870 161 903 188 M.

220 235 326 261 iudiciis
342 235 480 267 indiguum
497 235 612 269 putauit,
633 238 676 259 nint
692 234 718 263 ii.
735 234 791 268 qui.
808 237 914 267 propter
927 233 1009 258 otti-n-

219 273 321 298 »σῶοι-ιιι
337 273 508 301 iudiciorum,
525 272 556 297 ‹la-
573 272 704 296 veteribus
720 271 854 296 iudicibus
871 270 927 302 leue
942 278 1008 295 nova

220 311 280 336 novi
297 310 396 335 iudici-fl
411 314 486 335 eruut
504 309 648 334 «muniunt.
691 307 772 333 Lxx.
791 308 847 332 179,
869 307 933 332 Mihi
949 315 1008 341 por-

220 356 260 376 ro,
281 352 309 372 ut
328 356 376 379 ego
395 356 444 372 non
459 346 557 374 «livam,
579 346 640 379 quis
655 345 774 370 omnium
790 344 940 370 mortalium
957 353 1007 370 non

220 383 356 416 intelligit,
377 392 455 417 quintii
477 383 551 413 longe
571 381 692 415 progredi
711 382 746 407 sit
765 381 891 407 necesse?
917 381 1008 407 potero

218 420 309 450 silc-re,
332 420 469 446 liaris-nsi?
495 424 583 453 potero
601 418 784 448 dissimulare,
805 427 889 453 quum
905 423 1006 444 tantum

218 457 367 491 respublica
384 457 481 482 vulnus
496 456 636 490 acceperit,
659 460 687 481 ut
700 455 830 490 expilatae
846 456 1005 490 provinciae,

219 495 304 520 vexati
324 495 401 524 μοι-ἦ,
425 493 460 519 dii
482 492 642 518 immortales
661 493 780 527 spoliati,
805 493 877 518 cives
898 493 1006 519 Romani

217 531 324 556 cruciati
344 535 368 556 et
387 530 469 556 necati
489 530 599 564 impune
618 538 660 556 me
678 535 763 556 actore
778 538 836 556 csse
851 529 1008 556 videantur?

217 572 305 602 pots-ro
325 567 372 593 boc
390 576 438 601 ego
451 576 519 593 onus
535 572 635 593 tantum
650 572 695 593 aut
709 567 734 593 in
750 567 799 593 boc
814 567 912 594 iudicio
926 567 1008 602 ‹lepo-
1035 598 1036 602 Ἰ

218 614 277 631 nere
291 609 335 630 aut
350 605 444 630 tacitus
459 604 609 630 sustinere?
622 605 679 630 Non
691 604 812 640 agitanda
824 614 864 630 res
875 604 941 631 erit‘?
956 613 1006 630 non

216 643 242 667 in
259 641 375 667 medium
392 641 564 676 proferenda?
578 650 629 668 non
645 642 736 676 populi
752 643 861 668 Romani
877 642 942 668 fides
957 642 1008 668 im-

216 678 359 713 ploranda?
373 688 422 704 non
438 688 539 709 omnes,
555 679 602 714 qui
619 684 688 705 tanto
702 688 730 705 se
745 679 843 706 scelere
857 679 1008 706 obstrinxe-

215 716 279 745 rint,
301 720 329 741 ut
347 720 392 741 aut
411 716 488 742 iidem
503 725 579 742 suam
594 717 727 751 corrumpi
743 721 893 752 paterentur
907 722 952 743 aut
966 717 1007 743 iu-

214 752 314 778 dicium
329 758 540 788 corrumperent.
558 754 584 780 in
598 753 741 780 discrimen
756 759 801 780 aut
816 754 946 780 iudicium
961 762 1007 780 vo-

214 790 309 816 candi‘?
330 792 385 816 480.
397 791 618 826 Quaeretaliquis
633 791 756 818 sortasse:
774 796 910 818 tantumne
925 792 1006 827 igitur

215 827 340 858 laborem,
358 832 441 854 tantas
457 828 610 854 inimicitias
625 833 660 855 tot
675 829 814 855 bominum
829 834 1005 864 suscepturus

213 864 260 891 es‘?
274 865 330 891 Non
345 865 433 891 studio
447 865 556 899 quidem
573 865 678 892 hercule
693 866 748 892 ullo
759 875 844 901 neque
856 866 1003 893 voluntate:
1026 888 1028 890 .

213 901 259 928 scd
276 911 326 928 non
342 902 411 928 idem
427 903 492 928 mibi
509 903 581 934 licet,
597 903 669 938 quod
685 904 730 934 iis,
751 905 797 938 qui
813 904 896 930 nobili
910 912 1005 939 genere

213 940 266 965 nati
282 944 357 971 sunt;
373 940 474 974 quibus
483 941 571 966 omnia
582 940 674 975 populi
685 941 794 967 Romani
807 941 933 967 beneficia
945 941 1006 967 dor-

213 977 359 1003 mientibus
377 976 546 1003 deseruntur:
576 977 652 1012 longe
670 978 721 1004 alia
741 978 806 1005 mibi
827 978 884 1014 lege
907 979 933 1005 in
958 978 1005 1004 bac

212 1014 317 1040 civitate
332 1018 356 1040 et
369 1014 519 1041 conditione
534 1015 678 1041 vivendum
693 1020 742 1042 est.
764 1016 840 1042 Venit
853 1016 924 1042 enim
939 1016 1004 1042 milii
1033 1011 1035 1044 ἶ

208 1051 238 1086 ,in
254 1056 369 1078 mentem
385 1052 419 1077 M.
436 1052 555 1083 Catonis,
576 1052 692 1079 bominis
710 1054 902 1088 sapientissimi
921 1058 946 1080 et
965 1054 1005 1079 vi-

213 1126 237 1152 lo
246 1126 364 1152 Romano
377 1126 555 1153 commendari
571 1132 683 1162 putaret,
699 1137 784 1163 quum
799 1129 857 1163 ipse
871 1129 913 1154 sui
923 1136 1005 1163 gene-

211 1163 248 1189 ris
267 1163 373 1190 initium
392 1172 422 1190 ac
440 1165 555 1190 nominis
575 1165 607 1190 ab
625 1174 654 1191 sc
667 1165 741 1201 gigni
756 1170 781 1192 et
795 1166 932 1200 propagari
948 1164 1005 1191 vel-

212 1200 260 1231 let,
285 1200 424 1227 bominum
444 1202 690 1236 potentissimorum
709 1203 828 1238 suscepit
850 1203 1004 1229 inimicitias

211 1242 236 1264 et
255 1238 380 1264 maximis
395 1239 421 1265 in
437 1238 572 1265 laboribus
586 1248 672 1274 usque
685 1239 718 1266 ad
732 1248 866 1266 summam
880 1244 1004 1266 senectu-

211 1279 263 1301 tem
278 1284 382 1302 summa
397 1285 457 1302 cum
472 1275 555 1311 gloria
571 1277 646 1303 vixit.
689 1279 745 1304 ⁴81.
773 1277 865 1303 Postea
879 1277 910 1310 Q.
926 1278 1004 1304 Pom-

210 1313 297 1347 peius,
314 1312 410 1339 humili
425 1318 504 1348 atque
517 1314 631 1340 obscuro
646 1313 701 1341 loco
715 1319 801 1345 natus,
818 1323 904 1341 nonne
918 1315 1004 1350 pluri-

210 1350 262 1376 mis
281 1350 428 1376 inimicitiis
447 1351 626 1386 maximisque
645 1352 702 1378 suis
722 1351 848 1387 periculis
863 1360 892 1378 ac
907 1352 1004 1378 labori-

209 1387 261 1414 bus
275 1387 456 1422 amplissimos
471 1388 582 1415 honores
596 1393 636 1414 est
650 1388 781 1423 adeptus?
794 1389 871 1416 Modo
885 1389 913 1416 C.
930 1389 1004 1417 Fim-
1030 1409 1033 1419 .

209 1424 308 1456 briam,
329 1425 358 1452 C.
374 1426 500 1458 Marium,
522 1426 550 1453 C.
567 1425 686 1453 Caelium
702 1427 820 1454 vidimus
834 1435 886 1454 non
901 1427 1003 1455 medio-

208 1462 299 1489 cribus
313 1463 461 1489 inimicitiis
475 1473 504 1490 ac
519 1463 654 1491 laboribus
668 1465 835 1496 contendere,
851 1469 880 1492 ut
891 1465 923 1492 ad
937 1466 1001 1492 istos

209 1499 321 1527 honores
339 1501 521 1534 pervenirent,
542 1501 575 1528 ad
593 1510 661 1537 quos
680 1511 727 1529 vos
746 1511 793 1537 per
808 1502 901 1529 ludum
916 1507 941 1529 et
955 1511 1002 1538 per

208 1537 397 1574 negligentiam
418 1539 587 1572 pervenistis.
628 1539 696 1566 Haec
720 1540 811 1566 eadem
835 1545 875 1566 est
898 1545 1001 1567 nostrae

207 1576 316 1602 rationis
330 1576 402 1611 regio
416 1580 442 1602 et
455 1577 511 1602 via:
528 1576 623 1603 borum
638 1586 685 1603 nos
701 1577 839 1604 bominum
853 1582 950 1604 sectam
963 1582 1002 1604 at-

206 1621 259 1648 que
274 1613 394 1639 instituta
409 1614 606 1648 persequimur.
638 1614 732 1641 LXXI.
748 1614 885 1646 Videmus=
902 1620 1001 1650 quanta

206 1651 242 1676 sit
260 1650 287 1676 in
305 1650 420 1681 invidia,
440 1655 594 1686 quantoque
607 1652 634 1677 in
648 1651 709 1677 odio
723 1652 794 1686 apud
808 1652 938 1687 quosdam
953 1652 1002 1679 ho-

207 1687 293 1714 mines
307 1687 410 1714 nobiles
425 1696 554 1714 novorum
569 1688 708 1715 hominum
721 1690 807 1715 virtus
817 1694 841 1716 et
852 1689 998 1716 industria:

206 1725 230 1751 si
253 1724 386 1751 tantulum
409 1724 500 1751 oculos
522 1725 713 1757 deiecerimus,
739 1731 844 1761 praesto
861 1735 920 1753 esse
934 1727 1001 1754 insi-

206 1761 278 1788 dias:
295 1762 318 1788 si
333 1761 419 1788 ullum
436 1761 522 1788 locum
536 1763 721 1797 aperuerimus
735 1764 883 1798 suspicioni
893 1768 938 1790 aut
947 1765 1000 1791 cri-

207 1799 286 1829 mini,
311 1799 496 1833 accipiendum
515 1808 573 1826 esse
591 1801 680 1826 statim
698 1800 813 1833 vulnus;
839 1810 898 1828 esse
921 1802 999 1828 nobis

205 1844 312 1870 semper
330 1835 512 1871 vigilandum.
540 1845 646 1872 semper
669 1837 842 1864 laborandum
865 1839 998 1865 videmus.

207 1875 265 1900 ⁴82.
275 1873 432 1899 Inimicitiae
442 1873 523 1900 sunt‘?
535 1875 696 1901 subeuntur:
714 1875 836 1902 labores?
848 1877 999 1911 suscipian-

206 1915 258 1937 tur.
298 1910 403 1937 Etenim
419 1912 510 1938 tacitae
525 1913 610 1947 magis
625 1917 650 1939 et
663 1912 780 1939 occultae
795 1913 950 1940 inimicitiae
965 1914 999 1940 ti-

207 1947 317 1974 mendae
335 1952 412 1979 sunt,
432 1957 513 1983 quam
532 1949 646 1976 indictae
661 1954 739 1984 atque
753 1955 867 1984 apertae.
907 1951 999 1977 Homi-

205 1993 270 2011 num
290 1985 420 2011 nobilium
440 1995 491 2012 non
506 1985 560 2012 sere
573 1987 718 2022 quisquam
733 1992 836 2014 nostrae
851 1987 998 2015 industriae

205 2021 288 2048 favet:
305 2022 387 2049 nullis
403 2024 498 2049 nostris
509 2023 604 2050 officiis
615 2024 827 2051 benevolentiam
838 2025 945 2052 illorum
960 2025 999 2052 al-

204 2058 284 2086 licere
306 2068 465 2094 possumus:
493 2061 571 2096 quasi
594 2066 686 2088 natura
710 2066 735 2088 et
756 2070 852 2098 genere
870 2062 998 2089 disiuncti

203 2097 266 2127 sint.
282 2097 318 2123 ita
332 2097 464 2124 dissident
477 2106 492 2124 a
506 2098 583 2124 nobis
597 2099 686 2125 animo
699 2103 725 2125 et
739 2099 884 2126 voluntate.
910 2100 996 2132 Quare

203 2133 270 2169 quid
285 2134 383 2160 babent
396 2143 487 2161 eorum
502 2136 659 2162 inimicitiae
673 2136 794 2171 periculi,
811 2146 925 2172 quorum
939 2138 998 2164 ani-
1026 2161 1027 2170 ,

203 2179 261 2198 mos
275 2171 327 2197 iam
342 2176 402 2198 ante
416 2172 541 2199 habueris
556 2173 678 2200 inimicos
693 2178 718 2200 et
731 2174 846 2205 invidos,
861 2183 943 2210 quam
955 2175 998 2201 ul-

204 2207 242 2234 las
261 2209 415 2235 inimicitias
434 2209 605 2244 susceperis?
636 2212 691 2237 ⁴83.
715 2211 894 2243 Quamobrem
917 2213 994 2243 milii,

201 2245 314 2277 iudices,
331 2251 449 2281 optatum
464 2251 504 2273 est
518 2247 597 2278 illud,
613 2248 641 2274 in
656 2248 705 2275 hoc
719 2257 763 2275 reo
776 2248 856 2275 finem
869 2258 997 2276 accusan—

202 2282 229 2309 di
245 2282 337 2314 faeere,
354 2292 439 2319 quum
450 2289 474 2310 et
485 2285 584 2319 populo
594 2286 711 2312 Romano
725 2285 900 2318 satisfactum,
916 2292 941 2313 et
955 2296 997 2313 re-

202 2324 308 2354 ceptum
323 2320 441 2348 officium
456 2321 564 2353 Siculis,
581 2324 738 2350 necessariis
753 2325 830 2355 meis,
846 2325 895 2350 erit
905 2333 996 2359 perso-

204 2356 300 2384 lutum.
341 2358 520 2386 Deliberatum
543 2364 583 2386 est
606 2365 707 2392 autem,
736 2361 759 2387 si
782 2369 824 2387 res
842 2362 994 2396 opinionem

202 2402 297 2426 meam,
313 2404 394 2430 quam
409 2396 441 2422 de
453 2397 529 2423 vobis
541 2396 633 2429 haheo,
650 2397 782 2430 fefellerit,
798 2407 850 2425 non
862 2399 940 2426 modo
950 2407 995 2425 eos

203 2433 340 2467 persequi,
366 2433 399 2460 ad
421 2442 489 2468 quos
512 2435 628 2461 maxime
649 2435 729 2470 culpa
750 2436 868 2470 corrupti
890 2436 992 2467 iudicii,

203 2468 249 2494 sed
263 2470 340 2495 etiam
356 2469 428 2501 illos,
449 2471 482 2497 ad
500 2480 569 2506 quos
587 2473 764 2499 conscientiae
777 2473 899 2509 contagio
912 2474 996 2508 perti-

203 2505 285 2531 nebit.
308 2507 419 2533 Proinde
432 2508 455 2534 si
469 2509 517 2543 qui
531 2513 603 2540 sunt,
619 2510 666 2544 qui
680 2510 707 2536 in
722 2509 772 2536 hoc
786 2519 830 2536 reo
843 2515 887 2537 aut
902 2515 995 2545 poten-

203 2546 242 2567 tes
260 2547 305 2568 aut
323 2544 436 2570 audaces
450 2550 495 2572 aut
508 2546 621 2572 artifices
635 2546 667 2572 ad
682 2547 909 2581 corrumpendum
923 2548 995 2574 iudi-

202 2579 275 2605 cium
291 2579 372 2606 velint
385 2590 457 2612 esse.
473 2583 508 2608 ita
521 2583 575 2609 sint
589 2584 685 2618 parati,
707 2588 747 2614 ut.
768 2584 932 2619 disceptante
946 2593 994 2620 po—

202 2615 267 2650 pulo
279 2616 404 2648 Romano,
421 2627 527 2646 mecum
541 2620 594 2646 sibi
609 2629 663 2647 rem
679 2621 787 2647 videant
801 2621 932 2654 suturam;
957 2626 990 2653 et,

201 2652 225 2678 si
243 2661 286 2679 me
303 2653 331 2680 in
351 2654 399 2681 boc
413 2663 465 2686 reo,
481 2665 562 2691 quem
576 2658 644 2684 mihi
658 2658 799 2684 inimicum
813 2658 898 2685 Siculi
911 2659 994 2685 dede-

201 2694 276 2720 runt.
296 2691 361 2717 satis
377 2691 574 2725 vehementem,
594 2695 658 2721 satis
678 2699 906 2729 perseverantem,
927 2697 992 2723 satis

939 161 967 188 T.
999 160 1272 189 etet-:noxis

1061 232 1215 265 vigilantem
1234 240 1292 258 ease
1310 239 1470 268 cognorunt:
1491 235 1644 262 existiment
1663 236 1688 262 in
1708 236 1750 262 his
1765 236 1853 264 bomi-

1061 270 1150 299 nibus,
1166 278 1280 304 quorum
1296 279 1345 305 ego
1358 272 1511 298 inimicitias
1526 273 1616 307 populi
1632 273 1741 300 llomani
1756 274 1851 301 salutis

1036 315 1037 319 ¹
1059 315 1152 332 caussa
1171 315 1327 341 suscepero,
1353 308 1437 334 multo
1457 310 1606 344 graviorem
1625 315 1705 345 atque
1723 312 1850 338 acriorem

1060 343 1190 370 futurum.

1116 381 1222 407 Lxxu.
1241 382 1294 408 ⁴8⁸.
1315 382 1390 408 Nunc
1409 387 1446 412 te.
1468 383 1586 418 luppiter
1603 384 1710 419 Optime
1725 385 1849 415 Maxime.

1059 419 1136 444 cuiun
1156 419 1204 444 iste
1223 418 1321 444 donum
1347 419 1446 454 regale,
1470 420 1582 455 dignum
1605 426 1650 448 tuo
1672 421 1852 456 pulcherrimo

1060 455 1171 489 templo,
1197 455 1312 489 dignuin
1332 456 1462 491 Capitolio
1479 462 1558 492 atque
1577 459 1625 484 ista
1649 468 1707 484 arce
1729 460 1850 486 omnium

1060 493 1209 522 nationum.
1230 494 1342 527 dignum
1359 495 1430 527 regio
1444 503 1566 524 munere.
1587 496 1635 522 tibi
1651 495 1747 522 lactum
1762 496 1796 522 ab
1810 504 1851 523 re-

1058 530 1152 563 gibus,
1174 530 1220 556 tibi
1239 530 1356 556 dicatum
1371 536 1450 566 atque
1464 532 1639 566 promissum,
1660 541 1706 567 per
1719 533 1850 560 nefarium

1059 567 1146 593 scelus
1160 567 1193 593 de
1207 568 1289 603 regiis
1304 568 1427 594 manibus
1446 570 1568 598 extorsit;
1588 571 1721 605 cuiusque
1739 571 1852 597 sanctis-

1059 605 1158 631 simum
1177 610 1202 631 et
1221 605 1431 639 pulcherrimum
1446 606 1620 633 simulacrum
1635 607 1775 634 Svraeusiu
1788 616 1852 634 sus-

1035 642 1036 646 ’
1059 642 1132 668 tulit:
1158 647 1249 677 teque,
1271 643 1335 669 luno
1349 644 1452 676 regina,
1471 644 1550 670 cuius
1563 644 1617 670 duo
1631 637 1689 671 l'aiia
1702 644 1808 671 duabus
1824 646 1850 672 in

1035 691 1036 694 ¹
1059 679 1156 705 insulis
1171 680 1255 714 posita
1269 681 1410 709 sociorum.
1428 681 1530 707 Melitae
1545 686 1569 707 et
1583 681 1665 712 Sami,
1681 683 1850 708 sanctissima

1058 721 1083 743 et
1096 718 1292 752 antiquissima.
1309 718 1391 744 simili
1407 718 1504 744 scelere
1519 718 1589 745 idem
1605 719 1653 745 iste
1666 719 1793 746 omnibus
1802 719 1852 746 do-

1034 760 1035 778 }
1059 755 1099 780 nis
1117 756 1334 789 ornamentisque
1353 755 1477 782 nudavit:
1504 760 1595 791 teque,
1616 756 1747 786 Minerva.
1767 765 1849 792 quam

1059 792 1120 818 item
1135 793 1184 818 iste
1198 792 1304 818 duobus
1319 793 1344 818 in
1357 792 1514 819 clarissimis
1526 798 1550 819 et
1561 793 1772 829 religiosissimis
1783 799 1850 820 tem-

1058 828 1109 863 plis
1127 829 1269 864 expilavit.
1291 830 1415 860 Athenis,
1435 839 1520 865 quum
1539 831 1596 857 auri
1614 831 1714 866 grande
1728 831 1847 866 pondun

1057 866 1211 901 Syracusis,
1236 875 1320 901 quum
1343 868 1430 894 onmia
1456 872 1558 902 praeter
1576 873 1674 894 tectum
1693 873 1718 894 et
1737 869 1850 903 parietes

1057 903 1180 930 abstulit:
1204 906 1259 930 ⁴85.
1276 909 1363 939 teque,
1380 905 1475 931 Latona
1491 910 1516 931 et
1529 905 1624 940 Apollo
1637 910 1662 931 et
1676 906 1765 935 Diana,
1781 914 1850 940 quo-

1033 943 1035 964 ἐ
1056 950 1115 967 rum
1131 941 1180 967 iste
1194 941 1249 967 Deli
1264 950 1315 968 non
1331 941 1435 972 sanum.
1452 942 1508 972 sed,
1525 948 1553 968 ut
1568 943 1706 969 hominum
1721 943 1810 977 opinio
1824 947 1850 969 et

1033 977 1035 986 ¹
1056 978 1149 1014 religio
1164 978 1222 1009 fert,
1238 979 1328 1005 sedem
1343 980 1479 1014 antiquam
1493 979 1670 1015 divinumque
1681 980 1848 1006 domicilium

1057 1021 1186 1042 nocturno
1204 1016 1340 1042 latrocinio
1358 1021 1437 1051 atque
1455 1018 1557 1051 impetu
1571 1017 1740 1051 compilavit:
1768 1017 1847 1043 etiam

1033 1063 1035 1069 ⁴
1057 1058 1094 1084 te,
1111 1053 1218 1088 Apollo,
1237 1062 1319 1088 quem
1334 1054 1383 1080 iste
1398 1054 1463 1080 Chio
1476 1054 1599 1080 sustulit:
1624 1059 1703 1089 teque
1716 1055 1795 1080 etiam
1809 1059 1849 1080 at-

211 1088 397 1123 gilantissimi:
413 1090 460 1124 qui
475 1098 559 1124 quum
571 1099 599 1116 se
611 1091 716 1122 virtute,
734 1100 784 1117 non
797 1099 902 1125 genere,
919 1099 1005 1125 popu-
1056 1099 1108 1126 que
1123 1091 1216 1121 etiam,
1237 1091 1331 1122 Diana,
1351 1099 1432 1126 quam
1448 1092 1546 1127 Pergae
1559 1091 1697 1126 spoliavit,
1717 1092 1796 1118 cuius
1811 1092 1849 1118 si-

1056 1127 1204 1154 mulacrum
1220 1129 1421 1155 sanctissimum
1436 1128 1569 1165 Segestae,
1587 1129 1628 1155 bis
1642 1129 1713 1164 apud
1727 1129 1849 1164 Segesta-

1056 1174 1104 1192 nos
1117 1170 1310 1197 consecratum.
1325 1165 1407 1192 semel
1423 1167 1542 1201 ipsorum
1558 1166 1693 1201 religione,
1709 1167 1805 1192 iterum
1817 1166 1847 1194 P.

1055 1202 1172 1229 Africani
1184 1203 1301 1234 victoria,
1318 1203 1464 1230 tollendum
1475 1204 1719 1239 asportandumque
1728 1203 1845 1230 curavit:

1056 1244 1147 1275 teque,
1168 1241 1295 1271 Mercuri.
1315 1249 1396 1275 quem
1411 1241 1504 1267 Verres
1523 1242 1549 1267 in
1567 1241 1647 1267 domo
1664 1246 1689 1267 et
1704 1241 1730 1267 in
1744 1241 1847 1276 privata

1055 1277 1144 1312 aliqua
1163 1277 1292 1313 palaestra
1311 1278 1412 1313 posuit.
1434 1278 1462 1304 P.
1478 1278 1619 1304 Africanus
1637 1279 1664 1304 in
1683 1278 1748 1304 urbe
1761 1278 1848 1305 socio-

1055 1323 1112 1341 rum
1132 1320 1158 1341 et
1176 1316 1202 1341 in
1217 1316 1358 1351 gymnasio
1371 1315 1610 1351 Tyndaritanorum
1625 1315 1774 1342 iuventutis
1787 1315 1848 1342 illo-

1054 1361 1113 1378 rum
1128 1352 1265 1380 custodem
1280 1361 1309 1379 ac
1323 1352 1472 1388 praesidem
1487 1352 1572 1380 voluit
1585 1361 1658 1380 esse:
1684 1354 1740 1379 ⁴86.
1757 1357 1845 1388 teque,

1054 1389 1189 1422 Hercules,
1205 1398 1286 1426 quem
1301 1390 1350 1417 iste
1360 1390 1507 1427 Agrigenti,
1524 1395 1598 1418 nocte
1612 1391 1779 1426 intempesta,
1791 1397 1848 1417 ser-

1054 1437 1148 1455 vorum
1167 1429 1296 1455 instructa
1314 1433 1339 1455 et
1356 1433 1505 1463 comparata
1523 1437 1617 1460 manu,
1641 1427 1790 1455 convellere
1813 1435 1847 1454 ex

1053 1467 1110 1492 suis
1125 1465 1236 1492 sedibus
1250 1470 1329 1500 atque
1347 1465 1450 1492 auferre
1467 1470 1578 1492 conatus
1595 1470 1648 1492 est:
1673 1470 1764 1501 teque,
1784 1473 1847 1492 san-

1053 1504 1172 1530 ctissima
1187 1507 1269 1530 mater
1282 1503 1368 1534 Idaea,
1384 1512 1464 1538 quam
1479 1503 1551 1538 apud
1561 1503 1699 1539 Enguinos
1709 1503 1847 1539 augustis-

1052 1549 1121 1568 simo
1139 1545 1165 1567 et
1181 1540 1386 1576 religiosissimo
1404 1540 1503 1576 templo
1520 1541 1559 1567 sic
1571 1540 1710 1575 spoliatam
1725 1540 1843 1576 reliquit,

1053 1583 1083 1605 ut
1097 1586 1168 1605 nunc
1182 1586 1278 1605 nomen
1293 1577 1372 1605 modo
1381 1577 1498 1604 Africani
1511 1582 1537 1604 et
1551 1578 1663 1614 vestigia
1678 1577 1790 1604 violatae
1804 1585 1846 1604 re-

1053 1615 1160 1651 ligionis
1175 1619 1306 1646 maneant,
1323 1620 1493 1642 monumenta
1508 1615 1632 1642 victoriae
1646 1615 1755 1650 fanique
1767 1623 1846 1641 orna-

1052 1657 1140 1679 menta
1159 1661 1211 1679 non
1230 1657 1347 1679 exstent:
1373 1661 1486 1688 vosque,
1511 1653 1632 1679 omnium
1651 1660 1739 1678 rerum
1757 1651 1846 1678 foren-

1051 1690 1137 1720 sium,
1157 1689 1330 1716 consiliorum
1349 1690 1542 1720 maximorum.
1564 1689 1653 1725 legum
1669 1689 1844 1716 iudiciorum—

1051 1735 1104 1762 que
1119 1727 1211 1753 arbitri
1226 1732 1251 1753 et
1265 1731 1346 1753 testes
1360 1726 1534 1753 celeberrimo
1547 1727 1573 1753 in
1589 1727 1646 1753 loco
1658 1726 1751 1761 populi
1765 1726 1842 1753 Rom.

1053 1764 1141 1795 locati,
1162 1764 1254 1791 Castor
1266 1769 1291 1790 et
1306 1764 1414 1795 Pollux,
1431 1773 1545 1799 quorum
1559 1773 1574 1790 e
1588 1763 1688 1799 templo
1700 1768 1844 1799 quaestum

1051 1802 1100 1828 iste
1126 1802 1179 1828 sibi
1205 1806 1231 1828 et
1257 1801 1381 1836 praedam
1409 1802 1636 1836 improbissimam
1663 1801 1842 1836 comparavit:

1050 1847 1197 1874 omnesque
1211 1839 1259 1867 dii.
1275 1840 1322 1874 qui
1337 1838 1468 1865 vehiculis
1483 1843 1618 1865 tensarum
1629 1838 1774 1865 sollemnes
1783 1846 1845 1865 coe-

1051 1881 1094 1902 tus
1113 1876 1237 1903 ludorum
1255 1877 1343 1907 initis,
1363 1885 1479 1911 quorum
1493 1877 1542 1902 iter
1556 1876 1606 1902 iste
1619 1875 1652 1902 ad
1666 1884 1747 1902 suum
1760 1883 1845 1911 quae-

1026 1912 1028 1916 ’
1050 1918 1132 1944 stum,
1153 1922 1204 1940 non
1223 1913 1256 1940 ad
1275 1913 1434 1949 religionum
1448 1913 1605 1949 dignitatem
1620 1913 1772 1940 faciendum
1785 1913 1844 1940 exi-

1049 1951 1223 1987 gendumque
1233 1952 1349 1978 curavit:
1367 1952 1424 1977 ⁴87.
1436 1955 1524 1986 teque.
1537 1950 1616 1978 Ceres
1625 1955 1651 1977 et
1660 1950 1763 1981 Libera,
1775 1958 1844 1986 qua-

1050 1997 1110 2015 rum
1124 1997 1205 2019 sacra,
1221 1989 1291 2015 sicut
1303 1989 1443 2023 opiniones
1457 1988 1597 2015 hominum
1611 1997 1641 2014 ac
1650 1987 1793 2024 religiones
1803 1987 1843 2014 fe-

1049 2030 1124 2056 runt,
1147 2026 1223 2062 longe
1236 2026 1362 2052 maximis
1376 2030 1456 2061 atque
1468 2024 1660 2052 occultissimis
1672 2025 1842 2052 caerimoniis

1049 2064 1230 2094 continentur,
1250 2072 1264 2089 a
1278 2063 1380 2098 quibus
1394 2063 1469 2090 initia
1483 2063 1552 2089 vitae
1565 2067 1645 2098 atque
1658 2062 1759 2093 victus.
1783 2070 1843 2089 mo-

1050 2109 1122 2131 rum,
1141 2100 1240 2136 legum,
1257 2101 1482 2131 mansuetudinis,
1498 2100 1672 2126 humanitatis
1685 2099 1842 2126 hominihus

1048 2143 1073 2164 et
1090 2138 1246 2164 civitatibus
1263 2138 1323 2164 data
1341 2146 1371 2164 ac
1388 2138 1526 2173 dispertita
1543 2146 1602 2164 esse
1615 2137 1755 2170 dicuntur;
1774 2145 1843 2172 qua-

1048 2184 1107 2202 rum
1122 2184 1195 2202 sacra
1209 2175 1327 2210 populus
1338 2175 1473 2202 Romanus
1488 2183 1502 2201 a
1513 2174 1622 2202 Graecis
1635 2174 1715 2201 ascita
1728 2178 1755 2200 et
1767 2181 1842 2200 aoce-

1048 2217 1091 2247 pta
1106 2217 1176 2239 tanta
1191 2213 1319 2248 religione
1332 2217 1358 2239 et
1371 2212 1479 2247 publice
1492 2217 1518 2238 et
1531 2212 1655 2247 privatim
1669 2215 1771 2242 tuetur,
1787 2219 1840 2238 non

1048 2254 1078 2276 ut
1090 2249 1123 2276 ab
1137 2249 1198 2276 aliis
1212 2249 1265 2276 buc
1278 2249 1366 2280 allata,
1382 2249 1430 2276 sed
1445 2254 1474 2276 ut
1487 2249 1582 2276 ceteris
1596 2249 1659 2275 hinc
1672 2247 1767 2274 tradita
1780 2256 1841 2275 esse

1047 2287 1201 2319 videantur;
1229 2295 1298 2322 quae
1320 2287 1354 2314 ab
1376 2288 1427 2314 isto
1449 2295 1503 2313 uno
1525 2287 1564 2313 sic
1581 2285 1682 2321 polluta
1699 2289 1726 2311 et
1743 2284 1840 2312 violata

1047 2329 1119 2355 sunt,
1135 2329 1165 2351 ut
1179 2324 1354 2351 simulacrum
1369 2324 1472 2351 Cereris
1486 2332 1584 2354 unum,
1599 2322 1673 2358 quod
1686 2330 1700 2348 a
1715 2323 1772 2349 viro
1784 2331 1839 2349 non

1047 2362 1125 2388 modo
1139 2362 1224 2397 tangi,
1241 2361 1289 2388 sed
1302 2370 1335 2388 ne
1349 2361 1432 2397 aspici
1445 2360 1555 2396 quidem
1569 2359 1608 2386 fas
1623 2359 1681 2389 fuit.
1697 2367 1712 2385 e
1724 2359 1840 2386 sacrario

1047 2399 1153 2426 Catinae
1166 2398 1372 2425 convellendum
1386 2397 1614 2432 avertendumque
1627 2397 1772 2428 curaverit,
1799 2396 1840 2423 al-

1046 2440 1132 2462 terum
1150 2440 1239 2462 autem
1252 2436 1328 2462 Enna
1346 2445 1379 2462 ex
1397 2444 1445 2462 sua
1462 2434 1526 2461 sede
1543 2443 1573 2461 ac
1589 2434 1670 2461 domo
1682 2433 1836 2467 sustulerit3

1045 2473 1118 2508 quod
1128 2478 1183 2500 erat
1193 2473 1252 2504 tale,
1269 2478 1298 2500 ut
1308 2473 1438 2503 homines.
1454 2481 1539 2507 quum
1550 2471 1679 2502 viderent,
1695 2475 1741 2497 aut
1750 2471 1838 2506 ipsam

1046 2510 1136 2537 videre
1149 2519 1178 2537 se
1192 2510 1323 2542 Cererem,
1339 2514 1385 2536 aut
1397 2509 1514 2545 effigiem
1525 2509 1636 2539 Cereris.
1653 2517 1706 2535 non
1720 2507 1837 2534 humana

1046 2556 1127 2574 manu
1141 2547 1245 2579 factam,
1261 2547 1309 2574 sed
1322 2546 1394 2574 caelo
1408 2546 1544 2581 delapsam
1556 2545 1760 2572 arbitrarentur:
1776 2546 1835 2571 ⁴88.

1045 2593 1092 2611 vos
1106 2585 1186 2611 etiam
1199 2589 1279 2620 atque
1292 2585 1372 2611 etiam
1385 2583 1499 2618 imploro
1515 2588 1542 2610 et
1559 2582 1677 2618 appello,
1696 2582 1837 2608 sanctissi-

1044 2630 1103 2648 mae
1116 2621 1189 2652 deae,
1205 2630 1274 2657 quae
1284 2621 1344 2648 illos
1354 2621 1493 2647 Ennenses
1508 2620 1582 2647 lacus
1596 2620 1724 2654 lucosque
1736 2618 1834 2650 colitis,

1044 2663 1209 2694 cunctaeque
1227 2658 1347 2689 Siciliae,
1370 2666 1439 2693 quae
1462 2657 1529 2684 mihi
1551 2656 1718 2684 defendenda
1739 2655 1836 2683 tradita

1043 2700 1092 2727 est,
1107 2695 1279 2731 praesidetis;
1294 2704 1309 2722 a
1322 2695 1433 2731 quibus,
1449 2695 1566 2721 inventis
1580 2693 1704 2730 frugibus
1717 2697 1743 2720 et
1754 2693 1783 2720 in
1792 2701 1836 2720 or-

1911 1606 1917 1617 ι

1913 1655 1917 1676 l

1911 1678 1915 1689 ι’

1909 1724 1916 1737 Q

1907 1742 1915 1766 {-

1908 1770 1916 1780 Ι

1905 1782 1915 1818 l

1909 1821 1913 1854 l

1902 1949 1912 1985 -s-
1905 1911 1911 1931 -
