1941 3052
321 120 373 144 137.
401 119 435 145 M.
463 119 492 144 T.
519 118 731 145 CICERON.
762 119 812 144 DE
843 118 1049 145 OFFlCllS
1081 120 1160 146 LlB.
1185 120 1219 146 ll.

68 199 146 225 posse
157 189 266 224 deponi,
279 189 303 215 si
315 197 357 215 me
369 189 401 215 ad
414 189 612 224 philosophiam
626 189 789 215 retulissem.
816 189 865 216 Cui

68 236 154 263 quum
176 226 291 253 multum
312 226 468 253 adolescens
486 227 608 253 discendi
627 235 722 253 caussa
739 227 866 261 temporis

68 265 239 296 tribuissem,
263 268 353 299 postea
371 272 453 298 quam
469 264 617 290 honoribus
634 265 764 290 inservire
778 265 863 298 coepi,

69 311 166 337 meque
177 306 260 330 totum
273 301 438 336 reipublicae
450 301 556 332 tradidi,
566 306 667 327 tantum
680 306 735 328 erat
747 301 867 336 philoso-

68 340 149 375 phiae
160 339 224 370 loci,
247 343 379 374 quantum
395 338 564 373 superfuerat
575 339 723 365 amicorum
735 343 760 365 et
774 339 867 373 reipu-

68 377 155 404 blicae
167 376 344 411 temporibus
385 376 415 402 ld
429 381 518 402 autem
529 384 608 402 omne
619 376 828 402 consumebatur
839 376 866 402 in

69 414 196 450 legendo,
215 413 353 440 scribendi
368 414 452 440 otium
470 422 520 440 non
534 418 598 439 erat.
640 414 671 440 11.
693 415 718 440 5.
740 414 866 440 Maximis

68 453 153 488 igitur
164 452 191 478 in
202 451 282 478 malis
294 451 344 477 hoc
355 455 443 477 tamen
456 451 519 477 boni
531 451 647 477 assecuti
658 451 793 481 videmur,
802 455 867 476 utea

68 489 164 516 litteris
175 488 375 519 mandaremus,
385 497 453 524 quae
465 497 513 514 nec
525 489 589 514 satis
600 493 674 514 erant
685 493 744 514 nota
758 489 864 518 nostris,

67 532 94 554 et
108 531 183 553 erant
197 527 349 561 cognitione
365 525 537 561 dignissima.
578 525 649 557 Quid
661 530 701 552 est
716 526 802 555 enim,
820 534 867 560 per

68 564 145 591 deos!
167 563 314 598 optabilius
330 562 481 598 sapientia?
500 562 567 598 quid
582 562 780 597 praestantius?
799 562 867 597 quid

68 602 172 628 homini
184 600 300 627 melius?
311 601 378 635 quid
389 600 498 627 homine
510 599 640 636 dignius?
652 600 866 635 Hancigiturqui

67 643 206 674 expetunt,
217 640 361 672 philosophi
372 639 557 669 nominantur,
572 646 620 663 nec
630 637 779 672 quidquam
793 637 867 663 aliud

68 681 108 703 est
121 678 294 710 philosophia,
311 676 335 702 si
351 675 519 711 interpretari
536 674 617 706 velis,
638 680 742 710 praeter
755 677 867 701 studium

67 716 216 748 sapientiae.
256 713 390 746 Sapientia
404 718 494 740 autem
509 718 549 739 est
566 712 606 747 (ut
621 722 635 739 a
651 713 788 739 veteribus
804 712 867 746 phi-

68 751 189 786 losophis
200 750 341 777 definitum
353 751 401 786 est)
407 760 493 777 rerum
499 753 647 776 divinarum
658 755 680 776 et
695 752 867 776 humanarum

68 798 277 822 caussarumque,
290 790 381 822 quibus
392 797 436 815 eae
445 797 487 815 res
498 791 667 817 continentur,
678 789 799 813 scientia:
819 795 867 812 cu-

67 827 111 853 ius
122 826 244 853 studium
256 827 304 861 qui
315 826 459 860 vituperat,
473 825 545 851 haud
557 834 621 852 sane
633 824 768 859 intelligo,
785 824 867 859 quid-

68 873 129 890 nam
141 864 189 894 sit,
206 863 279 898 quod
291 863 456 890 laudandum
467 868 553 898 putet.
593 865 618 889 6.
642 863 708 888 Nam
722 863 781 888 sive
791 861 867 888 oble-

67 902 147 928 ctatio
157 901 297 936 quaeritur
306 901 390 927 animi
405 901 567 935 requiesque
573 909 714 926 curarum:
728 908 797 934 quae
803 908 867 925 con-

68 938 130 965 ferri
146 947 208 964 cum
225 947 317 964 eorum
334 938 432 964 studiis
449 943 548 972 potest,
571 938 619 972 qui
639 946 747 972 semper
762 936 866 971 aliquid

68 976 228 1011 anquirunt,
252 975 324 1010 quod
345 980 448 1010 spectet
462 980 488 1002 et
502 974 590 1002 valeat
604 975 637 1002 ad
653 975 721 1001 bene
736 974 866 1009 beateque

67 1012 235 1040 vivendum?
245 1014 303 1039 sive
315 1014 381 1040 ratio
392 1013 556 1040 constantiae
568 1013 731 1047 virtutisque
743 1012 864 1038 ducitur:

67 1056 113 1078 aut
123 1051 189 1078 haec
199 1060 242 1078 ars
253 1055 294 1077 est
304 1055 350 1077 aut
361 1050 434 1077 nulla
445 1051 569 1080 omnino,
586 1059 633 1085 per
644 1059 725 1085 quam
737 1058 781 1075 eas
793 1057 867 1075 asse-

66 1097 192 1124 quamur.
234 1088 342 1114 Nullam
363 1088 452 1115 dicere
473 1089 654 1114 maximarum
675 1096 764 1113 rerum
784 1091 866 1112 artem

67 1135 140 1157 esse,
152 1134 238 1160 quum
251 1126 426 1152 minimarum
438 1126 497 1152 sine
508 1130 562 1151 arte
573 1125 647 1151 nulla
659 1126 706 1156 sit,
725 1124 866 1151 hominum

67 1168 107 1190 est
122 1172 217 1198 parum
233 1163 400 1190 considerate
416 1163 583 1198 loquentium
600 1167 679 1197 atque
695 1163 722 1188 in
739 1162 866 1188 maximis

67 1201 148 1228 rebus
160 1201 317 1227 errantium.
358 1201 387 1227 Si
399 1206 488 1227 autem
500 1205 541 1227 est
551 1200 641 1235 aliqua
654 1199 799 1234 disciplina
811 1199 867 1225 vir-

66 1239 140 1269 tutis,
155 1238 202 1264 ubi
214 1247 244 1264 ea
255 1243 412 1273 quaeretur,
428 1247 514 1273 quum
526 1238 559 1264 ab
572 1238 622 1264 hoc
633 1237 756 1264 discendi
767 1244 866 1272 genere

65 1275 243 1302 discesseris?
262 1275 315 1302 Sed
330 1275 404 1307 haec,
418 1284 503 1311 quum
515 1275 548 1302 ad
559 1275 761 1310 philosophiam
772 1274 867 1300 cohor—

66 1318 163 1344 tamur,
176 1314 328 1340 accuratius
339 1313 473 1348 disputari
484 1312 584 1339 solent:
600 1312 673 1348 quod
685 1312 737 1339 alio
748 1311 866 1347 quodam

67 1350 136 1377 libro
147 1350 272 1377 fecimus.
313 1351 366 1377 Hoc
381 1355 471 1377 autem
483 1355 602 1385 tempore
614 1355 716 1377 tantum
728 1349 806 1376 nobis
818 1348 867 1374 de·-

65 1387 223 1414 clarandum
236 1387 295 1419 fuit,
308 1397 365 1420 cur,
379 1388 465 1414 orbati
476 1388 641 1422 reipublicae
654 1387 825 1417 muneribus,
834 1385 867 1412 ad

66 1425 116 1452 hoc
127 1434 175 1452 nos
187 1425 309 1452 studium
322 1426 495 1460 potissimum
506 1425 728 1452 contulissemus.
767 1425 794 1450 7.
816 1424 868 1449 Oc·-

65 1463 183 1489 curritur
196 1467 284 1489 autem
301 1463 392 1494 nobis,
415 1468 442 1490 et
455 1463 567 1498 quidem
586 1471 600 1489 a
615 1462 701 1489 doctis
716 1466 741 1488 et
752 1461 867 1488 eruditis

65 1500 268 1535 quaerentibus,
277 1501 377 1527 satisne
387 1504 539 1527 constanter
550 1499 635 1526 facere
648 1499 798 1529 videamur,
808 1499 864 1533 qui,

65 1546 150 1573 quum
162 1538 266 1572 percipi
278 1537 346 1564 nihil
363 1546 442 1572 posse
457 1537 594 1569 dicamus,
612 1542 700 1564 tamen
717 1541 743 1563 et
757 1536 819 1563 aliis
833 1535 867 1562 de

65 1575 147 1601 rebus
158 1575 291 1601 disserere
308 1575 457 1606 soleamus,
476 1579 501 1602 et
517 1575 567 1601 hoc
583 1575 642 1610 ipso
657 1579 775 1609 tempore
790 1581 867 1608 prae-

64 1617 140 1647 cepta
155 1612 239 1639 officii
254 1621 460 1648 persequamur.
501 1612 608 1645 Quibus
628 1612 726 1639 vellem
742 1612 807 1638 satis
822 1619 868 1637 co-

63 1650 138 1686 gnita
150 1654 221 1676 esset
235 1655 323 1677 nostra
334 1651 480 1677 sentential
494 1650 552 1676 Non
564 1651 637 1676 enim
648 1658 745 1676 sumus
757 1650 785 1680 ii,
798 1656 867 1684 quo-

64 1695 125 1714 rum
137 1691 250 1723 vagetur
260 1688 369 1714 animus
380 1696 477 1719 errore,
486 1696 536 1714 nec
548 1687 790 1722 habeatumquam‚
798 1685 867 1721 quid

63 1729 203 1760 sequatur.
243 1724 318 1757 Quae
333 1725 406 1751 enim
422 1730 493 1752 esset
504 1725 553 1752 ista
566 1734 655 1756 mens,
675 1724 716 1751 vel
728 1732 797 1759 quae
813 1724 866 1750 vita

64 1763 164 1797 potius,
178 1770 230 1789 nou
242 1762 321 1789 modo
332 1762 501 1797 disputandi,
510 1762 557 1789 sed
564 1762 675 1789 vivendi
687 1762 789 1788 ratione
800 1761 867 1788 sub-

65 1799 134 1826 lata‘?
153 1800 207 1826 Nos
219 1804 321 1832 autem,
335 1804 366 1826 ut
375 1801 456 1827 ceteri
468 1800 520 1827 alia
531 1804 601 1827 certa
610 1821 616 1832 ,
632 1799 684 1826 alia
696 1800 794 1826 incerta
807 1806 866 1825 esse

64 1836 168 1868 dicunt,
181 1837 221 1864 sic
233 1837 267 1864 ab
279 1837 322 1864 his
334 1837 525 1864 dissentientes
535 1839 591 1864 alia
598 1839 758 1871 probabilia,
777 1841 867 1863 contra

64 1876 119 1900 alia
132 1873 211 1910 [esse]
223 1874 353 1901 dicimus.
388 1877 414 1902 8.
434 1874 506 1907 Quid
518 1879 559 1902 est
569 1875 661 1911 igitur,
675 1873 748 1909 quod
760 1882 802 1900 me
815 1874 867 1900 im-

65 1911 168 1946 pediat,
185 1919 229 1943 ea,
251 1920 321 1946 quae
340 1911 490 1946 probabilia
507 1912 575 1938 mihi
592 1912 748 1943 videantur,
771 1912 863 1946 sequi,

64 1957 134 1984 quae
144 1953 245 1978 contra.
254 1949 416 1984 improbare,
430 1954 510 1984 atque
521 1949 674 1976 affirmandi
686 1949 865 1984 arrogantiam

64 1987 208 2018 vitantem,
223 1985 317 2022 fugere
329 1987 519 2018 temeritatem,
532 1995 602 2021 quae
613 1995 628 2012 a
639 1987 770 2021 sapientia
783 1986 867 2012 dissi-

63 2023 109 2051 det
123 2023 292 2059 plurimum‘?
306 2024 403 2051 Contra
419 2028 508 2050 autem
524 2025 614 2050 omnia
625 2023 781 2058 disputetur
791 2032 805 2049 a
818 2032 866 2050 no-

64 2061 141 2093 stris,
163 2061 236 2096 quod
253 2061 303 2088 hoc
319 2062 409 2096 ipsum
426 2061 566 2096 probabile
581 2061 687 2087 elucere
705 2070 756 2087 non
768 2061 863 2095 possit,

64 2099 118 2126 nisi
130 2107 165 2125 ex
176 2103 289 2134 utraque
300 2103 374 2134 parte
388 2107 546 2125 caussarum
557 2102 628 2125 esset
643 2098 709 2125 factu
721 2098 864 2124 contentio.

65 2135 118 2163 Sed
130 2135 196 2163 haec
206 2135 347 2171 explanata
362 2141 426 2163 sunt
436 2136 463 2162 in
475 2138 634 2162 Academicis
644 2136 743 2162 nostris
754 2136 828 2165 satis,
838 2140 867 2161 ut

65 2173 187 2204 arbitror,
205 2173 360 2210 diligenter.
401 2173 463 2200 Tibi
477 2178 580 2204 autem,
601 2173 755 2203 miCiccro.
768 2181 866 2207 quum-
887 2177 888 2198 1

63 2219 146 2246 quam
167 2211 195 2237 in
219 2211 410 2246 antiquissima
434 2210 661 2246 nobilissimaque
681 2210 864 2246 philosophia,
887 2214 889 2244 ᾖ,

65 2249 191 2283 Cratippo
201 2252 317 2280 auctore,
326 2249 452 2279 versaris,
462 2248 496 2275 iis
507 2248 714 2283 simillimo,qui
727 2249 776 2274 ista
789 2256 866 2282 pree·
887 2261 888 2267 κ

64 2285 135 2313 clara
145 2290 316 2320 pepererunt,
330 2290 418 2313 tamen
431 2285 496 2312 haec
507 2290 610 2316 nostra.
628 2285 741 2313 finitima
756 2286 862 2316 vestris,

64 2324 155 2359 ignota
166 2331 226 2350 esse
238 2323 322 2350 nolui.
363 2323 416 2349 Sed
429 2323 482 2349 iam
494 2323 527 2349 ad
539 2323 660 2350 instituta
672 2331 828 2358 pergemus.

118 2361 162 2388 111.
184 2362 209 2387 9.
234 2361 351 2394 Quinque
366 2361 449 2396 igitur
466 2362 611 2387 rationibus
630 2361 775 2395 propositis
787 2362 865 2394 officii
886 2366 887 2370 ¹

62 2400 238 2432 persequendi,
250 2406 366 2433 quarum
377 2398 447 2425 duae
458 2397 491 2424 ad
503 2400 580 2424 decus
589 2399 792 2431 honestatemque
803 2405 865 2432 per-
885 2399 893 2433 ξ’

63 2436 188 2467 tinerent,
201 2435 271 2462 duae
285 2435 318 2462 ad
331 2438 460 2462 commoda
473 2438 548 2466 vitae,
561 2437 655 2468 copias.
668 2443 734 2468 opes.
749 2436 864 2468 [acutiu—
885 2440 886 2458 l

65 2477 114 2499 tes:
125 2473 220 2507 quinta
231 2472 264 2499 ad
275 2475 384 2507 eliyendi
394 2475 527 2503 iudicium,
539 2474 675 2506 siquando
687 2481 726 2502 ea,
741 2480 810 2506 quae
821 2471 864 2498 (li-
885 2464 887 2500 l

64 2509 102 2541 xi,
113 2518 230 2543 pugnare
241 2513 308 2537 inter
317 2519 344 2537 se
358 2512 520 2537 viderentur:
538 2509 684 2536 honestatis
699 2517 761 2544 pars
772 2509 864 2535 confe-
885 2511 886 2534 l

63 2550 105 2573 cta
124 2551 178 2579 est,
199 2555 283 2582 quam
302 2547 413 2583 quidem
435 2547 484 2573 tibi
505 2547 586 2582 cupio
601 2555 661 2573 esso
682 2547 861 2573 notissimum.
885 2566 886 2584 ἢ

63 2583 118 2611 Hoc
129 2588 232 2616 autem,
245 2585 279 2612 de
290 2593 345 2621 quo
356 2593 428 2612 nunc
439 2584 560 2620 agimus,
579 2583 606 2610 id
618 2584 708 2619 ipsum
720 2588 773 2614 est,
790 2583 862 2619 quod
884 2599 886 2618 ,=

64 2623 126 2648 utile
137 2621 298 2657 appellatur.
338 2623 367 2649 ln
383 2630 437 2658 quo
449 2622 522 2657 lapsa
533 2621 700 2648 consuetudo
711 2620 819 2648 deflexit
830 2621 863 2647 do
884 2632 886 2644 ι

64 2659 284 2696 via.sensimque
294 2668 325 2687 eo
336 2659 451 2688 deducta
461 2664 510 2691 est,
518 2663 557 2690 ut,
566 2658 731 2686 honestatem
743 2658 778 2686 ab
789 2658 863 2686 utili-
884 2678 885 2683 ,

1252 120 1342 146 CAP.
1369 123 1471 147 l-—4.
1653 126 1714 149 ¹239

919 194 969 216 tate
980 198 1131 221 secernens,
1143 195 1168 217 et
1179 192 1359 218 constitueret.
1375 200 1433 217 esse
1446 192 1586 218 honestum
1599 193 1712 227 aliquid.

918 227 988 261 quod
1003 227 1066 253 utile
1079 236 1130 254 non
1143 228 1416 264 esset,etutile,quod
1429 238 1480 255 non
1494 229 1648 256 honestum:
1662 240 1714 264 qua

919 264 991 290 nulla
1013 266 1146 299 pernicies
1166 266 1250 291 maior
1270 266 1411 292 hominum
1428 267 1497 292 vitae
1515 268 1599 301 potuit
1616 268 1713 294 afferri.

922 303 959 327 10.
992 302 1103 328 Summa
1126 303 1236 337 quidem
1267 305 1421 330 auctoritate
1447 304 1602 339 philosophi
1622 314 1714 331 severe

918 347 981 364 sane
994 344 1072 374 atque
1085 340 1194 366 honeste
1207 340 1271 366 haec
1283 342 1345 366 tria.
1362 350 1460 375 genere
1471 341 1595 371 confusa,
1614 344 1715 375 cogita-

919 377 988 402 tione
1000 376 1181 412 distinguunt.
1199 377 1337 412 Quidquid
1350 379 1422 404 enim
1434 379 1535 404 iustum
1547 380 1590 409 sit,
1600 379 1626 405 id
1634 374 1714 406 etiam

919 413 983 439 utile
996 422 1054 440 esse
1065 420 1188 440 censent:
1205 417 1322 449 itemque
1334 415 1405 449 quod
1419 416 1559 442 honestum
1569 437 1574 447 ,
1588 416 1659 442 idem
1673 419 1714 443 iu-

919 455 1000 478 stum.
1023 452 1063 477 Ex
1074 460 1128 486 quo
1138 452 1262 482 efficitur,
1277 458 1313 482 ut,
1327 455 1451 486 qiziaelquitl
1463 455 1589 479 honestum
1601 457 1715 483 stantem

918 491 950 513 sil
964 490 1033 514 utile.
1075 489 1150 520 Quod
1162 491 1209 524 qui
1222 498 1315 523 parum
1328 491 1503 524 perspiciunt,
1522 492 1538 516 ii
1552 500 1639 525 saepe.
1655 500 1714 518 ver-

919 530 992 551 sutos
1004 526 1127 552 homines
1137 531 1162 552 et
1172 526 1282 553 callidos
1289 527 1460 557 admirantes,
1471 528 1598 554 malitiam
1607 530 1714 563 sapien-

919 563 982 589 tiam
995 563 1124 590 iudicant.
1165 564 1283 595 Quorum
1295 573 1366 589 error
1377 565 1532 598 eripiendus
1544 571 1592 595 est,
1608 567 1714 600 opinio-

919 609 971 634 que
985 602 1072 627 omnis
1085 601 1116 627 ad
1129 610 1186 627 eam
1199 610 1274 635 spem
1286 602 1462 632 traducenda,
1481 608 1509 628 ut
1521 603 1638 629 honestis
1650 613 1714 630 con-

919 637 989 663 siliis
1002 639 1134 673 iustisque
1147 638 1235 669 factis,
1255 647 1306 664 non
1319 638 1412 665 fraude
1424 644 1449 665 et
1461 639 1560 666 malitia
1573 650 1601 665 se
1615 641 1714 667 intelli-

918 680 982 709 gant
992 684 1032 706 ea,
1045 684 1114 710 quae
1126 676 1223 707 velint,
1236 677 1364 710 consequi
1377 685 1464 711 posse.
1510 679 1544 702 11.
1566 678 1638 709 Quae
1651 688 1714 710 ers-'0

918 715 952 738 (td
963 715 1040 738 vitam
1051 715 1177 739 hominum
1190 716 1307 740 tuendum
1317 716 1455 746 pertinent,
1472 715 1567 748 partim
1582 721 1645 741 sunt
1657 712 1714 741 1⁴11]-

919 753 1000 780 nima,
1017 755 1166 781 utaurum,
1184 756 1337 786 argentum,
1355 756 1383 777 ut
1394 759 1436 777 ea.
1455 760 1523 786 quae
1537 753 1686 787 gignuntur
1700 762 1713 778 e

920 792 1000 817 terra,
1015 788 1105 814 utalia
1116 789 1223 823 generis
1234 788 1369 814 eiusdem:
1384 789 1480 822 partim
1493 792 1630 818 animatia.
1645 799 1713 824 quae

920 824 1018 851 habent
1031 834 1094 851 suos
1107 826 1223 860 impetus
1234 830 1259 851 et
1271 834 1360 851 rerum
1372 827 1516 860 appetitus,
1557 827 1655 852 Eorum
1666 836 1714 853 au-

919 867 971 888 tem
992 862 1043 888 alia
1060 865 1169 889 rationis
1189 866 1306 896 emperli'a
1325 868 1401 892 sunt,
1423 862 1474 889 alia
1492 866 1590 889 ratione
1607 868 1711 890 utentia.

919 899 1049 934 Expertes
1061 900 1170 926 rationis
1185 900 1258 934 equi,
1272 899 1363 929 boves
1373 899 1492 935 reliquae
1503 900 1629 934 pecudes.
1639 910 1712 935 apes,

918 945 1033 971 quarum
1049 946 1129 972 opere
1145 937 1261 963 efficitur
1272 937 1374 972 aliquid
1387 938 1419 963 ad
1432 946 1511 963 usum
1525 937 1663 964 hominum
1676 945 1715 964 at-

918 983 971 1009 que
983 975 1076 1001 vitam.
1116 975 1226 1001 Ratione
1242 979 1331 1001 autem
1347 975 1480 1001 utentium
1495 975 1548 1001 duo
1559 984 1654 1011 genera
1667 985 1714 1010 po-

918 1016 999 1038 nunt:
1012 1014 1115 1038 deorum
1128 1021 1222 1042 unum,
1236 1012 1349 1038 alterum
1360 1014 1496 1038 hominum.
1524 1013 1587 1038 Deos
1599 1013 1714 1048 placatos

918 1050 1003 1084 pietas
1014 1049 1113 1076 efficiet
1126 1054 1151 1076 et
1161 1050 1301 1076 sanctitas:
1316 1052 1435 1082 proxime
1446 1055 1533 1076 autem
1546 1056 1567 1075 et
1578 1053 1714 1077 scrinulum

918 1089 976 1113 deos
987 1089 1098 1114 homines
1108 1089 1250 1113 hominibus
1261 1089 1373 1113 nmoeime
1384 1089 1458 1113 utiles
1472 1097 1522 1113 esse
1535 1093 1649 1120 possunt.
1676 1089 1712 1113 12.

918 1124 1072 1159 Earumque
1083 1133 1182 1154 rerum,
1197 1133 1263 1158 quae
1273 1129 1379 1150 noceant
1391 1129 1413 1150 et
1428 1127 1520 1154 obsint,
1537 1125 1628 1150 eadem
1644 1125 1715 1150 ‹liri-

918 1162 958 1188 sio
972 1167 1019 1188 est.
1059 1162 1112 1188 Sed
1128 1162 1192 1197 quia
1202 1162 1266 1188 deos
1278 1170 1372 1188 nocere
1384 1170 1435 1188 non
1452 1167 1558 1196 putant,
1579 1162 1621 1188 his
1637 1171 1715 1188 exce-

918 1200 985 1233 ptis,
1007 1201 1118 1225 hanzines
1132 1201 1274 1225 hominibus
1291 1201 1373 1225 obesse
1386 1200 1525 1232 plurimum
1542 1200 1714 1226 arbitrantur.

918 1237 955 1262 Ea
967 1237 1040 1263 enim
1055 1237 1126 1271 ipsa,
1145 1245 1214 1271 quae
1227 1237 1344 1263 inanima
1356 1236 1492 1267 diximus,
1511 1236 1638 1271 pleraque
1653 1242 1715 1262 sunt

919 1274 1059 1300 hominum
1080 1275 1169 1309 operis
1188 1273 1292 1304 effecta,
1315 1282 1383 1309 quae
1400 1282 1447 1300 nec
1464 1274 1638 1304 haberemus,
1663 1276 1714 1300 nisi

919 1320 1015 1338 manus
1027 1316 1052 1338 et
1063 1320 1104 1337 ars
1116 1312 1306 1342 accessissent,
1331 1320 1377 1338 nec
1394 1312 1427 1337 iis
1442 1312 1500 1337 sine
1516 1312 1655 1337 hominum
1668 1312 1716 1337 ad-

919 1349 1114 1376 ministratione
1127 1354 1273 1375 uteremur.
1305 1349 1397 1383 Neque
1409 1350 1480 1374 enim
1494 1349 1656 1375 valetudinis
1667 1357 1715 1374 cu—

919 1387 994 1416 ratio.
1009 1395 1096 1421 neque
1111 1387 1259 1422 navigatio,
1274 1395 1361 1421 neque
1373 1386 1546 1421 agricultura,
1561 1395 1646 1420 neque
1660 1385 1715 1411 fru-

918 1432 984 1459 gum
1000 1423 1192 1458 fructuumque
1207 1423 1372 1458 reliquorum
1390 1424 1525 1458 perceptio
1537 1428 1561 1449 et
1572 1432 1716 1449 conserva-

919 1462 955 1488 tio
966 1462 1024 1488 sine
1036 1461 1176 1488 hominum
1188 1465 1266 1496 opera
1280 1460 1333 1487 ulla
1346 1469 1404 1487 esse
1416 1462 1555 1495 potuisset.
1604 1463 1640 1486 13.
1661 1461 1714 1487 lam

919 1507 982 1525 vero
996 1504 1021 1525 et
1031 1507 1123 1525 earum
1136 1507 1234 1529 rerum,
1246 1498 1349 1533 quibus
1361 1498 1575 1528 abundaremus,
1591 1503 1715 1532 exporta-

919 1537 955 1563 tio
970 1541 996 1563 et
1011 1545 1117 1567 earum,
1135 1536 1237 1571 quibus
1252 1544 1407 1571 egeremus,
1425 1536 1539 1562 invectio
1555 1540 1624 1561 certe
1642 1535 1714 1561 nulla

918 1578 997 1603 esset,
1011 1574 1064 1600 nisi
1077 1574 1119 1600 his
1131 1573 1290 1600 muneribus
1303 1573 1425 1599 homines
1438 1572 1622 1608 fungerentur.
1664 1573 1715 1598 Ea-

919 1611 1036 1646 demque
1052 1612 1152 1638 ratione
1169 1619 1217 1637 nec
1237 1610 1340 1645 lapides
1355 1619 1369 1636 e
1386 1616 1452 1637 terra
1474 1610 1662 1637 exciderentur
1682 1609 1714 1635 ad

919 1657 999 1675 usum
1013 1654 1132 1676 nostrum
1145 1649 1304 1675 necessarii:
1319 1656 1366 1674 nec

955 1701 991 1706 —
1005 1701 1037 1706 —
1046 1683 1152 1720 sermm»,
1164 1695 1215 1716 aes,
1227 1695 1330 1716 aurum,
1345 1690 1478 1718 arqentum
1489 1684 1656 1715 effoderetur,
1671 1694 1715 1717 pt·-

1328 1726 1396 1749 nitus
1409 1724 1532 1748 tibilitum.

918 1761 976 1787 sine
989 1760 1129 1787 hominum
1143 1760 1232 1786 labore
1243 1764 1269 1786 et
1280 1768 1371 1787 manu.
1413 1760 1455 1786 lV.
1478 1760 1556 1785 Tecta
1569 1768 1639 1785 vcro.
1653 1760 1715 1793 qui-

919 1798 970 1824 bus
982 1802 1007 1824 et
1022 1797 1152 1833 frigorum
1170 1798 1211 1824 vis
1227 1797 1384 1832 pelleretur,
1403 1802 1428 1823 et
1443 1797 1562 1823 calorum
1578 1796 1715 1822 molestiae

918 1835 1088 1866 sedarentur,
1114 1835 1185 1862 unde
1201 1840 1245 1861 nut
1262 1835 1338 1861 initio
1353 1835 1445 1869 generi
1463 1834 1580 1860 humano
1595 1833 1651 1859 «lari
1668 1842 1714 1868 po-

918 1873 1046 1905 tuissent,
1064 1878 1110 1899 aut
1124 1878 1214 1908 postea
1231 1872 1385 1903 subveniri,
1408 1872 1430 1898 si
1443 1876 1487 1897 aut
1500 1872 1526 1897 vi
1539 1871 1714 1905 tempestatis,

918 1915 964 1937 aut
975 1915 1058 1937 terrae
1070 1915 1157 1941 motu,
1176 1914 1221 1936 aut
1237 1914 1367 1936 vetustate
1383 1909 1557 1939 cecidissent,
1576 1909 1627 1934 nisi
1642 1917 1715 1933 coni-

919 1949 1010 1975 munis
1025 1948 1079 1975 vite
1091 1948 1124 1974 ab
1138 1947 1294 1974 hominibus
1307 1947 1401 1973 herum
1414 1955 1502 1972 rerum
1514 1946 1615 1972 auxilia
1627 1951 1715 1980 petere

917 1985 1077 2012 didicisset?
1108 1986 1147 2012 tt.
1170 1985 1245 2011 Adde
1259 1984 1357 2011 ductus
1373 1992 1518 2019 aqtiarum,
1535 1983 1715 2009 derivationes

918 2022 1072 2054 fluminum,
1085 2031 1210 2059 agrorum
1223 2022 1406 2057 irrigationes.
1424 2021 1506 2047 moles
1517 2021 1654 2056 oppositas
1667 2019 1715 2045 llu—

917 2060 1021 2091 ctibus,
1038 2065 1130 2095 portus
1147 2069 1227 2086 manu
1244 2059 1408 2095 factoszqune
1422 2058 1492 2085 unde
1503 2059 1562 2084 sinc
1575 2058 1714 2084 hominum

917 2106 997 2132 opere
1019 2097 1117 2123 hebere
1139 2096 1298 2132 possemus?
1319 2097 1358 2123 Ex
1373 2096 1476 2131 quibus
1492 2095 1639 2129 multisque
1655 2094 1715 2120 aliis

918 2134 1093 2169 perspicuum
1105 2139 1154 2164 est,
1168 2135 1215 2169 qui
1228 2133 1340 2164 fructus,
1354 2142 1477 2168 quaeque
1490 2133 1617 2159 utilitates
1629 2140 1660 2157 ex
1674 2140 1714 2156 re-

918 2172 969 2198 bus
986 2172 1033 2202 iis,
1056 2180 1125 2206 quae
1140 2176 1203 2197 sunt
1220 2171 1366 2201 inanimae,
1389 2171 1584 2205 percipiuntur.
1607 2178 1651 2194 ens
1668 2177 1714 2193 nos

918 2208 992 2235 nullo
1008 2208 1088 2235 modo
1102 2208 1160 2234 sinc
1178 2208 1317 2234 hominum
1335 2216 1415 2234 manu
1431 2213 1466 2233 ut(
1479 2216 1510 2233 ue
1526 2216 1604 2241 opera
1620 2214 1714 2239 capere

918 2247 1048 2280 potuisse.
1088 2246 1140 2278 Qui
1161 2245 1278 2280 deniqui¹
1299 2253 1333 2271 ex
1353 2245 1447 2271 bestiis
1465 2216 1566 2271 lructus
1582 2248 1626 2268 aut
1645 2251 1713 2276 quac

893 2282 894 2285 ’
917 2282 1102 2313 commoditas,
1119 2283 1171 2309 nisi
1185 2282 1307 2308 homines
1318 2281 1486 2310 adiuvarent.
1496 2282 1596 2316 percipi
1609 2281 1715 2314 posset?

886 2329 894 2345 ἰ
918 2321 984 2347 Nam
1000 2325 1025 2347 et
1039 2321 1088 2355 qui
1105 2321 1241 2355 principes
1259 2319 1416 2345 inveniendi
1433 2318 1553 2348 fuerunt,
1576 2325 1656 2352 quem
1680 2325 1714 2343 ex

916 2366 1025 2393 qunque
1038 2357 1126 2384 bellun
1139 2366 1218 2383 usum
1232 2356 1329 2383 habere
1341 2365 1496 2391 possemus,
1511 2355 1633 2381 homines
1643 2359 1714 2380 certo

918 2395 1038 2422 fuerunt:
1062 2403 1110 2421 nec
1134 2394 1182 2420 hoc
1203 2399 1320 2428 tempore
1342 2394 1400 2419 sinc
1418 2393 1556 2419 hominum
1573 2400 1652 2426 opere
1668 2396 1714 2418 aut

917 2441 1025 2467 pascere
1041 2441 1085 2458 cus
1099 2437 1145 2459 eut
1158 2431 1266 2458 douiuro
1278 2436 1323 2457 aut
1335 2431 1402 2457 tueri
1414 2436 1459 2456 uut
1471 2430 1645 2463 tempestivos
1657 2428 1713 2454 fru-

915 2475 975 2496 ctus
990 2478 1024 2496 ex
1041 2470 1074 2496 iis
1089 2478 1183 2504 capere
1203 2477 1356 2504 possemus:
1380 2467 1413 2494 nb
1433 2466 1591 2501 eisdemque
1610 2472 1636 2493 et
1655 2474 1710 2496 ene,

915 2515 984 2542 quae
996 2511 1100 2538 nocent,
1114 2506 1312 2534 interficiuntur
1322 2510 1356 2534 et.
1365 2513 1434 2540 queo
1445 2505 1506 2531 usui
1519 2508 1631 2538 possunt
1642 2511 1710 2531 esse.

915 2545 1068 2579 cupiuntur.
1112 2545 1151 2570 ⁴5.
1174 2543 1245 2576 Quid
1266 2551 1421 2569 enumerem
1443 2542 1539 2568 artium
1560 2540 1713 2567 multitudi-

916 2591 991 2612 ncm,
1013 2582 1072 2608 sino
1087 2581 1189 2617 quibus
1206 2581 1259 2607 vite
1275 2581 1385 2607 omnino
1401 2579 1473 2606 nulla
1489 2587 1548 2605 esse
1565 2578 1714 2613 potuisset?

914 2620 966 2652 Qui
982 2619 1055 2646 enim
1070 2620 1159 2655 aegris
1174 2618 1379 2647 subveniretur,
1401 2625 1470 2652 quae
1486 2620 1556 2643 osset
1571 2615 1713 2643 oblectatio

916 2656 1074 2686 velentium.
1088 2657 1136 2692 qui
1148 2657 1236 2683 victus
1246 2660 1291 2683 aut
1301 2655 1405 2685 cultus,
1424 2655 1476 2682 nisi
1488 2658 1540 2682 uim
1553 2652 1652 2681 multae
1665 2662 1711 2679 nu-
