1941 3052
225 129 286 153 ttoz
795 127 849 150 ⁴21.
883 124 915 149 M.
949 124 977 149 Τ.

221 199 351 224 maiorum
366 197 493 223 inntitutia
505 204 670 229 acceptum&
685 199 839 229 quaectper
850 203 878 219 sc
890 200 950 219 sunt
964 194 1012 220 sal·
1033 195 1035 219 ¹,

220 245 247 260 ,ua
271 236 410 269 perspicue
431 239 455 258 et
478 234 543 258 inter
564 242 621 256 sese
639 232 809 256 v‹·tn·m··nu·r
825 236 1010 265 repugnantia.
1034 228 1035 242 ³

221 274 261 298 at.
285 273 369 305 Atqui·
381 272 459 295 etiam
474 269 619 302 Xenophon
633 269 805 302 paucioribus
818 269 907 294 verbis
919 268 1011 294 endem

222 309 274 334 lei-1·
288 313 390 342 pet-entv
410 307 469 331 facit
481 315 551 331 enim
566 307 590 331 in
605 306 650 334 iis,
664 314 732 339 quim
744 314 757 330 a
770 305 876 331 Socrate
888 305 958 331 «licta
971 315 1012 331 re·
1034 319 1035 325 π

221 346 293 373 tulit,
312 347 444 370 Socratem
457 343 652 376 disputantem,
677 342 786 368 formam
800 342 842 368 (lei
855 344 946 377 quaeri
961 352 1011 368 non
1034 337 1035 362 i

219 388 351 417 oportere:
375 380 553 414 eumdemque
569 385 593 405 ct
609 379 690 405 solem
708 385 733 405 et
744 380 864 405 animum
877 380 957 405 deum
970 380 1012 405 ‹li-

219 428 290 445 vere:
315 423 338 443 et
356 418 432 443 modu
450 425 546 445 unum.
565 421 620 442 tum
637 422 724 442 utitem
742 417 832 451 plures
848 417 924 442 dens:
944 426 1011 451 quae

220 461 279 481 sunt
294 455 388 480 iisdem
403 455 427 479 in
439 455 532 479 erratis
546 454 607 482 sere,
621 454 722 488 quibus
734 463 772 483 ea,
786 463 854 488 quac
865 454 898 479 de
907 454 1012 480 Platone

219 493 348 518 diximus.
391 491 459 517 Xttt.
482 493 522 517 32.
546 492 631 525 Atque
649 491 728 516 etiam
746 492 918 517 Antisthenes
940 492 964 517 in
981 500 1012 517 eo

221 530 300 558 libro,
319 529 364 563 qui
383 528 512 563 physicus
526 528 694 558 inscribitur,
713 528 854 562 populares
866 528 929 554 deos
942 529 1012 554 mul-

219 573 271 594 tos,
292 566 438 592 naturalem
456 574 538 591 unum
555 574 613 591 esse
627 565 733 595 dicens,
753 565 819 591 tollit
832 566 922 591 viiuct
934 570 1012 591 natu-

219 613 272 629 ram
285 603 406 629 deorum.
431 603 482 628 Nee
495 602 578 629 multo
589 611 668 629 secus
680 602 859 637 Speusippus,
877 603 1010 629 Platonem

217 640 382 667 avunculum
395 640 565 675 subsequens
577 645 602 666 et
614 640 668 666 vim
681 640 825 674 quamdam
836 640 928 666 dicens
938 661 943 670 ,
958 649 1010 675 qua

216 679 304 704 onmia
319 682 456 711 regantur,
474 685 588 711 eamque
604 677 760 708 animalem,
779 677 894 703 evellere
908 686 941 703 ex
953 678 1011 703 ani—

218 716 268 741 mis
289 720 399 741 conatur
419 715 598 749 cognitionem
624 714 745 740 deorum.
787 717 829 740 33.
856 714 1011 740 Aristoteles

216 761 324 787 quoque
342 753 367 778 in
386 753 461 777 tertio
475 751 507 777 dc
520 751 690 786 philosophia
705 751 772 777 libro
783 751 865 778 multa
878 752 979 781 turbat,
997 762 1010 777 a

218 790 344 823 magistro
357 789 461 815 l'latone
477 798 527 815 non
543 789 715 815 dissentiens.
756 789 833 815 Modo
844 790 915 815 enim
929 790 1010 815 menti

217 827 311 853 tribuit
330 835 436 852 omnem
457 826 641 852 divinitatem:
668 826 746 852 modo
767 826 898 852 mundum
921 827 1009 861 ipsum

216 864 297 890 deum
310 863 375 890 dicit
386 872 457 889 csse:
473 863 550 889 modo
560 863 704 898 quemdam
712 863 794 890 alium
803 864 921 898 praeficit
932 872 1011 889 mun—

216 901 264 931 do.
285 901 363 935 cique
379 909 424 926 eas
440 905 527 935 partes
543 901 649 929 tribuit.
669 906 696 927 ut
711 901 882 935 replicatione
893 901 1009 936 quadam

217 938 311 964 mundi
325 942 425 964 motum
438 943 510 973 regat
521 943 599 973 atquc
612 943 729 970 tueatur3
743 943 799 964 tum
811 938 877 964 caeli
889 938 1010 964 ardorem

215 975 456 1005 deumdicitesse.
476 984 526 1001 non
540 975 706 1010 intelligens,
724 975 828 1001 caeluni
846 975 940 1002 mundi
952 984 1011 1001 esse

217 1017 332 1047 partem,
349 1020 430 1047 quem
445 1012 497 1038 alio
510 1012 565 1038 loco
577 1013 634 1047 ipse
648 1012 796 1048 designarit
807 1013 898 1039 (lcum.

216 1092 240 1114 ta
252 1088 404 1113 conservari
421 1086 523 1121 potest?
544 1087 590 1113 ubi
602 1087 699 1113 deinde
712 1087 750 1113 illi
763 1092 799 1113 tot
809 1087 861 1118 dii,
879 1089 902 1113 si
915 1096 1011 1113 nume-

216 1133 306 1150 ramus
319 1125 398 1150 etiam
410 1124 514 1150 caelum
526 1124 625 1151 timim?
635 1126 724 1157 anm
737 1130 825 1151 autem
837 1126 1010 1160 sinecorpore

216 1162 287 1188 idem
299 1162 358 1188 vult
369 1170 427 1187 esse
438 1162 529 1191 deum,
542 1164 615 1188 omni
628 1162 705 1188 illum
717 1171 798 1189 sensu
811 1164 898 1197 privat
909 1168 934 1189 et
946 1172 1006 1198 pru-
1032 1183 1033 1193 ,

215 1199 314 1225 dentia.
355 1200 412 1230 Quo
429 1208 505 1233 porro
522 1199 600 1225 modo
621 1200 752 1226 mundum
773 1209 894 1231 movere,
917 1210 1010 1227 carens

214 1244 337 1270 corpore,
353 1241 397 1262 aut
408 1236 551 1270 quomodo,
563 1245 670 1271 semper
681 1246 709 1263 se
721 1246 845 1268 movens,
862 1246 921 1264 esse
932 1239 1010 1272 quie-

215 1278 257 1300 tus
269 1278 294 1299 et
306 1273 399 1299 beatus
412 1272 515 1307 potest?
552 1274 593 1299 34.
616 1274 669 1300 Nec
685 1283 748 1300 vero
763 1275 822 1301 eius
836 1275 1010 1310 condiscipu-

215 1310 257 1336 lus
268 1310 429 1336 Xenocrates
443 1311 468 1336 in
482 1310 530 1337 hoc
542 1319 639 1346 genere
650 1311 820 1346 prudentior:
843 1313 870 1338 in
886 1313 965 1338 cuius
978 1312 1011 1338 li—

215 1348 279 1377 bris,
293 1349 340 1381 qui
352 1352 415 1374 sunt
426 1347 458 1373 de
470 1353 562 1374 natura
576 1348 701 1379 deorum,
716 1349 789 1375 nulla
801 1350 905 1384 species
916 1349 1008 1376 divina

214 1385 386 1411 describitur.
426 1385 492 1411 Deos
503 1385 575 1411 enim
586 1390 644 1412 octo
654 1394 713 1412 esse
724 1386 803 1413 dicit:
819 1387 941 1422 quinque
953 1396 1007 1418 eos,

213 1422 260 1456 qui
273 1423 298 1448 in
311 1421 397 1448 stellis
409 1423 485 1458 vagis
495 1423 680 1455 nominantur3
698 1432 797 1455 unum,
815 1425 864 1459 qui
877 1433 911 1451 ex
921 1425 1010 1451 omni-

213 1459 265 1485 hus
279 1458 430 1490 sideribus,
453 1468 522 1494 quae
543 1460 625 1487 infixa
642 1460 715 1487 caelo
730 1466 806 1492 sunt,
828 1470 863 1488 ex
877 1461 1010 1497 dispersis

213 1497 291 1531 quasi
303 1496 432 1523 membris
443 1496 561 1531 simplex
572 1498 607 1524 sit
620 1498 757 1532 putandus
767 1498 849 1525 deus:
863 1500 1008 1534 septimum

212 1533 300 1560 Solem
313 1534 449 1569 adiungit:
472 1539 647 1570 octavamque
660 1536 777 1562 Lunam:
799 1537 848 1571 qui
863 1545 917 1571 quo
927 1545 1009 1562 sensu

939 1014 1008 1045 Quo·
1032 1014 1034 1027 '

217 1049 294 1076 modo
305 1055 393 1075 autem
405 1050 471 1075 caeli
484 1049 595 1076 divinus
609 1049 653 1075 ille
665 1058 761 1076 sensus
773 1051 799 1076 in
812 1050 945 1076 celeritate
953 1055 1011 1076 tan-
1032 1069 1034 1080 ζ

212 1570 283 1597 beati
298 1579 356 1597 esse
372 1572 489 1606 possint,
512 1571 628 1607 intelligi
650 1581 701 1598 non
722 1578 818 1608 potest.
859 1573 900 1600 Ex
915 1573 1009 1600 eadem

212 1608 329 1635 Platonis
344 1608 435 1635 schola
447 1609 573 1635 Ponticus
580 1609 733 1636 Heraclides
744 1610 897 1645 puerilibus
910 1610 1009 1637 sabulis

212 1644 317 1672 refersit
329 1645 419 1676 libros,
433 1651 459 1672 et
469 1651 526 1672 tum
538 1647 680 1678 mundum,
690 1652 746 1674 tum
759 1653 876 1674 mentem
887 1648 1008 1675 divinam

211 1690 271 1709 esse
292 1687 379 1717 putat:
402 1683 555 1710 errantibus
575 1685 655 1710 etiam
670 1684 757 1710 stellis
774 1685 946 1712 divinitatem
961 1686 1010 1712 tri-

212 1719 272 1746 buit
281 1728 416 1755 sensuque
427 1720 509 1747 deum
521 1721 610 1756 privat
619 1726 646 1748 et
654 1722 713 1748 eius
725 1721 837 1749 formam
849 1723 1008 1749 mutabilem

211 1765 270 1783 esse
283 1757 353 1783 vult:
374 1757 522 1793 eodemque
534 1759 561 1784 in
574 1757 642 1786 libro
654 1767 748 1785 rursus
759 1764 855 1786 terram
867 1764 893 1786 et
903 1759 1008 1786 caelum

211 1793 291 1820 refert
302 1795 329 1820 in
340 1794 414 1821 deos.
455 1797 497 1822 35.
519 1795 573 1822 Nec
587 1805 651 1822 vero
661 1796 838 1831 Theophrasti
855 1798 1009 1824 inconstan—

211 1832 247 1858 tia
269 1831 376 1858 l'erenda
397 1837 450 1858 est:
473 1832 552 1859 modo
571 1834 644 1860 enim
665 1835 748 1860 menti
766 1834 892 1861 divinum
914 1835 1009 1861 tribuit

211 1869 407 1903 principatum,
425 1870 504 1897 modo
519 1870 606 1902 caelo,
628 1875 685 1897 tum
701 1875 789 1897 autem
805 1872 892 1907 signis
910 1871 1009 1898 sideri—

212 1906 317 1941 busque
329 1906 501 1934 caelestibus.
521 1908 575 1934 Nec
586 1908 738 1934 audiendus
750 1909 809 1935 eius
820 1909 926 1935 auditor
935 1909 1008 1935 Stra-

211 1947 250 1974 to,
268 1944 290 1969 is
305 1944 351 1978 qui
364 1944 495 1980 physicus
506 1944 670 1980 appellatur:
692 1947 740 1980 qui
751 1954 859 1972 omnem
869 1947 926 1972 vim
935 1945 1008 1972 divi-

212 1988 273 2006 nam
286 1981 311 2006 in
324 1986 416 2007 natura
427 1982 506 2008 sitam
518 1990 577 2008 esse
588 1987 687 2014 censet,
696 1991 765 2018 quae
771 1991 881 2010 caussas
892 1984 1008 2019 gignen-

211 2016 248 2047 di,
263 2019 388 2053 augendi,
403 2019 545 2046 minuendi
557 2019 666 2051 habeat,
683 2020 730 2046 sed
742 2021 913 2047 careatomni
925 2029 1006 2047 sensu

211 2059 237 2080 et
249 2054 342 2090 ligura.
383 2056 453 2083 XIV.
476 2058 517 2083 36.
539 2057 609 2083 Zeno
624 2061 713 2084 autem
728 2057 768 2092 (ut
782 2058 836 2084 iam
847 2058 880 2084 ad
892 2063 1005 2089 vestros,

210 2091 305 2123 Balbe,
323 2094 440 2128 veniam)
455 2093 602 2120 naturalem
615 2094 702 2130 legem
713 2094 835 2121 divinam
847 2104 906 2121 esse
917 2100 1008 2122 censet

211 2136 324 2164 eamque
336 2131 391 2156 vim
401 2131 522 2157 obtinere
534 2136 603 2158 recta
615 2132 792 2167 imperantem
803 2133 1007 2167 prohibentem-

210 2173 263 2200 que
286 2169 427 2194 contraria.
468 2168 554 2200 Quam
576 2168 662 2204 legem
684 2169 819 2204 quomodo
834 2169 934 2196 efficiat
947 2170 1007 2196 ani-

211 2208 337 2234 mantem,
351 2204 500 2240 intelligere
512 2214 563 2232 non
575 2214 731 2241 possumus,
752 2207 837 2233 Deum
847 2212 936 2233 autem
947 2208 1007 2234 ani—

212 2244 327 2266 mantem
338 2246 408 2268 certe
420 2242 545 2269 volumus
556 2251 626 2269 esse.
666 2244 753 2278 Atque
764 2243 809 2270 hic
820 2244 893 2270 idem
904 2244 956 2271 alio
967 2244 1007 2271 lo-

211 2284 242 2303 co
252 2277 357 2304 aethera
369 2278 449 2304 deum
461 2279 534 2307 dicit.
546 2280 570 2306 si
581 2280 697 2316 intelligi
708 2286 795 2316 potest
806 2281 876 2307 nihil
887 2282 1006 2308 sentiens

210 2313 287 2344 deus,
295 2315 343 2349 qui
354 2324 502 2350 numquam
515 2317 593 2343 nobis
602 2318 719 2344 occurrit
729 2327 816 2353 neque
828 2319 855 2344 in
866 2319 1004 2353 precibuS,

211 2358 297 2385 neque
318 2352 346 2378 in
361 2354 458 2386 optatis
473 2362 560 2388 neque
576 2355 602 2380 in
619 2355 698 2381 votis.
738 2355 808 2382 Aliis
822 2361 913 2382 autem
928 2355 1006 2382 libris

211 2389 338 2414 rationem
349 2389 504 2424 quamdam,
512 2399 560 2425 per
569 2399 677 2417 onmem
689 2397 811 2418 naturam
822 2401 912 2419 rerum
922 2393 1008 2428 perti-

212 2429 331 2455 nentem,
354 2426 381 2452 vi
397 2426 489 2453 divina
504 2436 564 2454 esse
579 2428 699 2455 affectam
714 2434 798 2463 putat.
838 2430 914 2456 Idem
924 2431 1005 2457 astris

212 2459 261 2486 hoc
272 2461 343 2487 idem
353 2463 459 2494 tribuit,
473 2469 530 2490 tum
541 2466 632 2496 annis,
646 2466 801 2497 mensibus,
818 2475 1006 2502 annorumque

212 2499 414 2526 mutationibus.
444 2500 534 2533 Quum
545 2510 608 2528 vero
619 2503 728 2529 Hesiodi
739 2503 910 2539 theogoniam
922 2505 1006 2531 inter-

213 2538 337 2566 pretatur,
351 2536 418 2563 tollit
427 2539 536 2565 omnino
547 2540 641 2566 insitas
653 2545 863 2576 praeceptasque
873 2542 1006 2577 cognitio—

212 2577 259 2595 nes
274 2570 394 2598 deorum.
435 2575 526 2609 Neque
546 2577 619 2602 enim
634 2577 739 2608 Iovem,
762 2586 850 2612 neque
865 2579 1004 2609 lunonem,

212 2614 300 2647 neque
310 2608 415 2635 Vestam
427 2619 513 2646 neque
527 2621 706 2649 quemquam,
728 2615 776 2649 qui
792 2615 827 2641 ita
843 2615 1002 2650 appellatur,

213 2651 240 2669 in
256 2643 366 2671 deorum
383 2645 463 2674 habet
478 2657 602 2677 numero:
624 2651 672 2677 sed
689 2651 770 2678 rebus
786 2652 914 2679 inanimis
924 2658 1005 2688 atque

1013 124 1283 151 tlttjtittoxts·

1065 196 1145 220 mutis
1159 204 1204 228 per
1215 195 1360 230 quamdam
1373 196 1594 229 significationem
1607 197 1671 223 haec
1682 197 1758 224 «locet
1770 198 1856 225 tribu-

1065 237 1087 257 ta
1101 233 1217 257 nortun-¹1.
1259 233 1299 258 37.
1322 234 1407 258 Cuiun
1417 233 1545 268 discipuli
1558 235 1688 261 Aristonis
1700 244 1751 261 non
1766 236 1858 262 minua

1065 278 1162 302 magno
1174 270 1199 294 in
1211 278 1298 295 errore
1310 271 1440 296 sententia
1452 276 1504 296 est:
1527 272 1575 306 qui
1592 281 1678 306 neque
1690 272 1801 299 sormam
1813 273 1856 300 dei

1066 306 1178 340 intelligi
1192 315 1270 340 posse
1281 312 1401 337 censeat,
1423 316 1510 342 neque
1523 309 1548 334 in
1559 308 1612 334 diis
1625 318 1733 335 sensum
1745 318 1803 336 csse
1815 310 1859 336 di-

1064 348 1104 368 cut
1124 343 1283 378 dubitetque
1306 346 1428 374 omnino,
1464 344 1531 370 dcun
1555 347 1678 372 animans
1703 355 1786 373 necne
1812 348 1856 373 sit.

1065 380 1206 406 (lli-anthes
1222 385 1324 410 autem.
1342 382 1389 416 qui
1405 382 1537 408 Zenonem
1553 382 1658 409 audivit
1674 392 1725 410 una
1740 392 1802 410 cum
1815 392 1856 413 ρο.

1064 426 1144 451 quem
1158 418 1278 451 proxime
1291 419 1442 448 nominavi,
1459 424 1515 445 tum
1529 420 1617 454 ipsum
1633 421 1763 447 mundum
1776 421 1857 447 deum

1064 454 1129 480 «licit
1141 464 1213 484 esse,
1236 460 1292 481 tum
1309 456 1388 481 totius
1404 461 1512 482 naturae
1528 458 1608 483 menti
1620 463 1699 492 atquc
1710 459 1799 484 animo
1810 459 1858 484 tri-

1065 492 1122 517 buit
1139 492 1187 517 hoc
1204 501 1313 521 nornen,
1337 498 1392 519 tum
1416 493 1540 519 ultimum
1557 499 1582 520 ct
1597 493 1758 521 altissimum
1778 500 1858 530 atque

1065 528 1185 563 undique
1200 529 1395 556 circumfusum
1408 535 1433 556 et
1444 535 1594 557 extremum
1605 532 1694 557 omnia
1706 533 1857 567 cingentem

1064 571 1142 600 atque
1163 567 1334 600 complexum
1355 567 1489 598 ardorem.
1515 569 1562 603 qui
1584 568 1674 594 aether
1695 570 1856 598 nominetur.

1063 604 1244 630 certissimum
1256 604 1337 630 deum
1352 604 1460 631 iudicat.
1487 605 1623 640 Idemque.
1639 607 1717 640 quasi
1729 606 1856 634 delirans.

1040 642 1041 663 l
1065 641 1090 666 in
1104 641 1136 666 iis
1150 640 1235 670 libris,
1249 650 1317 676 quos
1328 642 1437 676 scripsit
1447 647 1536 668 contra
1549 643 1726 677 voluptatem.
1740 649 1796 669 tum
1809 643 1858 670 nn·

1040 675 1042 680 ’
1063 678 1102 710 μὴ
1114 677 1224 703 forman]
1236 679 1381 713 quamdam
1393 684 1418 705 et
1429 681 1547 714 speciem
1559 679 1679 709 deorum.
1689 685 1744 706 tum
1756 680 1858 707 divini·

1040 711 1042 745 ᾗ
1065 720 1142 741 tatem
1158 724 1264 741 omnem
1283 716 1376 742 tribuit
1392 718 1484 746 astris,
1503 722 1558 743 tum
1576 717 1643 743 nihil
1658 718 1758 744 ratione
1769 723 1858 744 censet

1040 761 1042 791 ,³
1063 761 1122 777 esse
1133 752 1266 779 divinius.
1293 754 1328 779 lta
1341 753 1377 783 lit,
1392 759 1420 780 ut
1431 754 1498 780 deus
1510 754 1563 784 ille.
1577 763 1658 789 quem
1671 760 1758 781 mente
1770 755 1858 781 nosci-

1040 823 1041 827 Ἰ
1064 798 1124 815 mus
1139 795 1219 824 atque
1235 791 1260 816 in
1277 791 1360 816 animi
1377 792 1482 817 notione
1499 796 1635 826 tamquam
1647 793 1673 818 in
1686 793 1800 827 vestigio
1812 800 1858 818 vo-

1065 827 1154 852 lumus
1167 836 1302 861 reponere.
1316 837 1450 862 nusquam
1462 837 1572 863 prorsus
1583 834 1718 863 appareat.

1119 864 1174 889 XV.
1198 866 1238 890 38.
1264 865 1295 891 At
1313 865 1454 895 Persaeus,
1475 866 1596 892 eiusdem
1613 867 1727 893 Zenonis
1742 866 1856 894 auditor,

1063 909 1107 927 eos
1117 901 1184 927 dicit
1195 910 1253 927 csse
1266 902 1371 928 habitos
1384 902 1457 933 deos,
1466 912 1479 929 a
1489 903 1592 938 quibus
1604 912 1699 939 magna
1712 903 1814 930 utilitas
1825 903 1858 929 ad

1064 939 1132 964 vitae
1143 938 1246 965 cultum
1258 944 1327 965 esset
1340 941 1460 966 inventa:
1485 941 1611 975 ipsasque
1627 950 1669 967 res
1685 941 1764 967 utiles
1779 946 1804 967 et
1815 949 1859 967 sa-

1065 975 1162 1001 lutares
1177 975 1289 1002 deorum
1303 985 1363 1003 esse
1376 977 1515 1003 vocabulis
1527 983 1707 1012 nuncupatas;
1726 983 1754 1004 ut
1766 986 1798 1004 ne
1809 977 1858 1004 hoc

1062 1012 1173 1047 quidem
1184 1013 1292 1042 diceret,
1307 1013 1352 1040 illa
1365 1015 1471 1040 inventa
1483 1023 1542 1041 esse
1552 1014 1674 1045 deorum,
1687 1015 1733 1041 sed
1747 1016 1804 1049 ipsa
1816 1014 1858 1041 di-

1063 1050 1135 1076 vina.
1167 1050 1226 1082 Quo
1235 1050 1302 1085 quid
1314 1051 1468 1081 absurdius,
1482 1060 1563 1086 quam
1575 1057 1674 1078 autres
1685 1052 1808 1078 sordidas
1819 1058 1860 1078 at-

1062 1096 1115 1121 que
1134 1087 1268 1114 deformes
1283 1088 1395 1115 deorum
1413 1089 1511 1115 honore
1529 1089 1648 1118 afficere.
1670 1095 1715 1115 aut
1735 1090 1858 1116 homines

1040 1143 1041 1147 ,
1063 1125 1116 1152 iam
1131 1130 1213 1152 morte
1229 1125 1330 1152 deletos
1346 1134 1473 1161 reponere
1490 1127 1516 1153 in
1536 1126 1614 1156 deos.
1638 1135 1755 1161 quorum
1769 1127 1858 1152 omnis

1061 1163 1150 1189 cultus
1162 1169 1232 1190 esset
1244 1163 1350 1190 tuturus
1366 1165 1390 1190 in
1405 1163 1496 1190 luctu‘?
1527 1165 1568 1190 39.
1591 1164 1644 1190 lam
1657 1172 1719 1190 vero
1728 1163 1859 1199 Chrysip-

1062 1209 1127 1235 pus,
1150 1201 1197 1235 qui
1217 1201 1365 1227 Stoicorum
1385 1202 1552 1227 somniorum
1569 1201 1730 1227 vaferrimus
1746 1201 1859 1227 habetur

1039 1233 1040 1243 ¹
1063 1239 1207 1272 interpres,
1222 1246 1346 1273 magnam
1359 1238 1464 1264 turbam
1476 1244 1620 1274 congregat
1631 1239 1782 1273 ignotorum
1793 1238 1859 1264 deo—

1063 1284 1135 1305 rum,
1152 1280 1231 1310 atque
1247 1276 1282 1302 ita
1299 1276 1464 1311 ignotorum,
1482 1281 1511 1302 ut
1526 1284 1572 1302 eos
1587 1284 1620 1302 ne
1633 1277 1784 1302 coniectura
1795 1275 1858 1310 qui-

1062 1312 1122 1338 dem
1135 1311 1279 1339 informare
1290 1313 1440 1347 possimus,
1461 1321 1547 1348 quum
1559 1322 1635 1340 mens
1646 1318 1734 1339 nostra
1746 1313 1858 1348 quidvis

1062 1349 1186 1376 videatur
1196 1351 1355 1385 cogitatione
1367 1359 1445 1385 posse
1456 1350 1611 1386 depingere.
1650 1351 1693 1377 Ait
1704 1351 1786 1379 enim,
1801 1350 1857 1376 vim

1062 1386 1184 1413 divinam
1201 1388 1228 1413 in
1243 1389 1343 1414 ratione
1354 1396 1414 1414 esse
1424 1388 1538 1422 positam
1550 1392 1576 1414 et
1586 1388 1613 1414 in
1625 1389 1768 1414 universae
1780 1392 1858 1413 natu-

1062 1432 1106 1450 rae
1117 1425 1208 1451 animo
1218 1429 1298 1459 atque
1310 1429 1413 1452 mente:
1427 1426 1572 1460 ipsumque
1583 1424 1715 1451 mundum
1727 1424 1808 1451 deum
1814 1423 1858 1450 di-

1061 1462 1098 1488 cit
1107 1470 1176 1492 esse,
1189 1466 1215 1488 et
1225 1463 1285 1488 eius
1296 1463 1378 1488 animi
1392 1461 1525 1489 fusionem
1537 1463 1706 1494 universam;
1729 1467 1786 1488 tum
1797 1462 1858 1488 eius

1062 1499 1150 1533 ipsius
1161 1499 1343 1534 principatum
1352 1520 1358 1530 ,
1379 1501 1428 1534 qui
1439 1501 1467 1526 in
1478 1504 1566 1526 mente
1577 1505 1602 1526 et
1612 1500 1713 1526 ratione
1724 1504 1855 1529 versetur,

1061 1545 1288 1572 communemque
1295 1545 1384 1563 rerum
1391 1537 1674 1564 naturamuniversam
1681 1541 1761 1571 atque
1767 1536 1857 1562 omnia

1061 1575 1255 1606 continentem;
1273 1579 1330 1600 tum
1348 1573 1453 1600 fatalem
1465 1575 1521 1600 vim
1533 1579 1558 1601 et
1569 1575 1756 1601 necessitatem
1767 1581 1857 1599 rerum

1062 1610 1225 1643 suturarum;
1243 1611 1333 1647 ignem
1346 1616 1481 1646 praeterea
1491 1616 1518 1638 et.
1527 1619 1689 1646 eum‚quem
1700 1616 1776 1637 antea
1787 1609 1855 1640 dixi,

1061 1648 1181 1675 aethera:
1195 1654 1251 1675 tum
1263 1657 1302 1678 ea,
1310 1657 1380 1683 quae
1391 1653 1483 1675 natura
1494 1647 1607 1675 fluerent
1617 1654 1696 1683 atque
1708 1652 1855 1678 manarent,

1061 1690 1091 1712 ut
1103 1684 1147 1722 [et]
1160 1694 1258 1720 aquam
1269 1690 1295 1712 et
1306 1690 1401 1712 terram
1416 1690 1442 1712 et
1452 1687 1524 1717 aera3
1545 1685 1643 1716 solem,
1660 1685 1765 1715 lunam,
1783 1684 1858 1710 side-

1061 1731 1098 1753 ra,
1106 1723 1366 1757 universitatemque
1372 1731 1471 1753 rerum,
1479 1731 1533 1757 qua
1543 1723 1634 1749 omnia
1645 1723 1854 1751 continerentur,

1060 1765 1140 1795 atque
1153 1760 1276 1787 homines
1287 1760 1366 1786 etiam
1382 1768 1441 1790 eos,
1463 1761 1511 1795 qui
1526 1759 1752 1787 immortalitatem
1767 1763 1858 1785 essent

1059 1798 1208 1824 consecuti.
1250 1798 1291 1824 to.
1312 1797 1440 1832 Idemque
1455 1796 1577 1832 disputat
1591 1796 1698 1823 aethera
1711 1804 1770 1822 esse
1781 1804 1854 1825 eum,

1060 1843 1142 1870 quem
1154 1835 1277 1861 homines
1288 1834 1378 1861 lovem
1389 1834 1568 1869 appellat-ean
1582 1835 1685 1869 quique
1697 1835 1740 1860 aer
1746 1841 1793 1868 per
1799 1841 1857 1859 ma-

1060 1873 1098 1898 ria
1110 1877 1238 1901 manaret,
1251 1880 1314 1898 eum
1325 1880 1384 1898 esse
1396 1872 1566 1906 Neptunum:
1580 1876 1732 1906 terramque
1742 1879 1801 1896 eam
1812 1878 1857 1896 es-

1059 1918 1097 1940 se,
1111 1918 1180 1944 quae
1191 1909 1270 1936 Ceres
1281 1908 1427 1941 diceretur;
1445 1908 1585 1944 similique
1599 1909 1700 1935 ratione
1715 1907 1858 1943 persequi-

1059 1951 1103 1973 tur
1114 1946 1244 1973 vocabula
1256 1946 1423 1981 reliquorum
1433 1946 1556 1972 deorum.
1586 1946 1715 1981 Idemque
1725 1946 1806 1972 etiam
1818 1944 1857 1970 le-

1059 1985 1102 2019 gis
1113 1989 1258 2018 perpetuae
1269 1988 1295 2010 et
1305 1988 1426 2010 aeternae
1438 1984 1582 2018 vim,quae
1591 1983 1670 2018 quasi
1681 1982 1739 2009 dux
1749 1982 1820 2008 vitae
1829 1986 1856 2008 et

1060 2022 1186 2056 magistra
1197 2020 1348 2047 officiorum
1359 2021 1402 2052 sit,
1417 2021 1507 2047 Iovem
1520 2020 1586 2047 dicit
1596 2028 1665 2051 esse,
1677 2019 1856 2054 eamdemque

1060 2058 1167 2085 fatalem
1179 2059 1365 2084 necessitatem
1379 2057 1506 2093 appellat,
1513 2058 1705 2092 sempiternam
1712 2065 1801 2083 rerum
1812 2055 1856 2082 l'u-

1059 2101 1180 2122 turarum
1192 2096 1345 2127 veritatem;
1361 2103 1478 2130 quorum
1489 2094 1557 2121 nihil
1569 2094 1620 2121 tale
1631 2100 1680 2125 est,
1693 2094 1759 2120 utin
1771 2101 1802 2120 eo
1813 2094 1855 2119 vis

1059 2133 1152 2159 divina
1164 2133 1252 2158 inesse
1264 2131 1397 2158 videatur.
1427 2133 1469 2158 4⁴.
1485 2132 1519 2158 Et
1529 2132 1594 2158 haec
1605 2131 1717 2167 quidem
1729 2132 1756 2157 in
1767 2131 1855 2165 primo

1060 2169 1128 2196 libro
1143 2170 1176 2196 de
1193 2174 1285 2196 natura
1301 2169 1426 2195 deorum:
1447 2169 1476 2195 in
1490 2169 1610 2196 secundo
1627 2174 1717 2195 autem
1732 2167 1791 2194 vult
1804 2166 1856 2193 Or—

1059 2207 1136 2242 phei,
1154 2207 1270 2237 Musaei,
1288 2206 1397 2233 Hesiodi
1408 2207 1570 2241 Homerique
1581 2205 1694 2232 fabellas
1703 2212 1856 2231 accommo—

1058 2244 1122 2270 dare
1137 2243 1171 2270 ad
1186 2252 1230 2274 ea,
1251 2251 1322 2278 quae
1336 2244 1396 2278 ipse
1408 2243 1497 2278 primo
1508 2243 1577 2270 libro
1587 2243 1620 2269 de
1629 2243 1684 2269 diis
1695 2240 1854 2268 immortali-

1059 2281 1111 2307 bus
1126 2281 1240 2307 dixerit:
1262 2285 1293 2307 ut
1307 2281 1389 2307 etiam
1405 2281 1542 2307 veterrimi
1557 2285 1663 2315 poetae,
1684 2279 1732 2314 qui
1744 2278 1809 2304 haec
1820 2285 1854 2304 ne

1057 2319 1189 2353 suspicati
1199 2317 1311 2352 quidem
1323 2319 1386 2349 sint,
1399 2318 1482 2345 Stoici
1494 2317 1579 2344 fuisse
1589 2317 1740 2343 videantur.
1766 2314 1852 2347 Quem

1057 2356 1189 2391 Diogenes
1199 2354 1364 2390 Babylonius
1375 2362 1543 2390 consequens
1556 2355 1585 2381 in
1599 2362 1631 2381 eo
1646 2353 1728 2383 libro,
1744 2353 1792 2387 qui
1811 2352 1854 2378 in-

1057 2393 1185 2419 scribitur
1193 2392 1227 2418 de
1234 2393 1364 2423 Minerva,
1380 2397 1486 2427 partum
1498 2392 1568 2418 Iovis
1585 2395 1726 2425 ortumque
1737 2390 1853 2425 virginis

1057 2430 1090 2456 ad
1101 2429 1300 2465 physiologiam
1310 2429 1463 2460 traducens,
1475 2428 1609 2463 disiungit
1617 2437 1630 2454 a
1643 2426 1744 2453 fabula.

1111 2467 1181 2493 xvi.
1204 2467 1245 2493 42.
1267 2467 1388 2501 Exposui
1399 2466 1467 2497 fere,
1480 2474 1533 2492 non
1543 2464 1767 2500 philosophorum
1779 2463 1854 2490 iudi-

1056 2505 1106 2535 cia,
1119 2504 1168 2530 sed
1178 2503 1352 2530 delirantium
1363 2504 1477 2530 somnia.
1512 2503 1566 2528 Nec
1576 2502 1649 2528 enim
1661 2500 1746 2527 multo
1755 2501 1854 2527 absur-

1055 2541 1130 2568 diora
1141 2546 1204 2568 sunt
1214 2549 1254 2571 ea,
1267 2549 1345 2576 quae,
1359 2545 1497 2575 poetarum
1507 2538 1620 2565 vocibus
1631 2538 1704 2568 susa.
1718 2539 1777 2573 ipsa
1787 2546 1853 2564 sua-

1056 2579 1137 2605 vitate
1153 2583 1316 2605 nocuerunt:
1338 2578 1386 2612 qui
1402 2582 1428 2603 et
1442 2578 1481 2603 ira
1496 2575 1674 2602 inflammatos
1689 2580 1716 2602 et
1735 2575 1851 2602 libidine

1056 2615 1175 2643 furentes
1186 2615 1353 2642 induxerunt
1362 2614 1436 2644 deos,
1450 2612 1633 2648 feceruntque,
1649 2617 1679 2639 ut
1688 2621 1780 2639 eorum
1792 2611 1851 2638 bel—

1057 2652 1090 2685 la³
1103 2661 1218 2689 pugnas,
1231 2651 1341 2688 praelia,
1355 2650 1467 2678 vulnera
1477 2650 1646 2683 videremus3
1659 2649 1721 2677 odia
1731 2654 1851 2685 praeter-
