1941 3052
250 135 309 160 1266
825 132 877 155 Ιῖιυ,

243 204 362 230 dulciora
375 201 608 229 tiun1‹·t1=1‹1ril›1·.=‹
621 201 697 226 bonis
712 205 737 225 et
752 199 868 225 artibus:
888 199 968 234 idque
980 204 1035 224 tum

245 252 269 268 in
283 243 349 271 vita,
368 246 422 267 tum
442 241 466 265 in
483 247 560 264 scena
579 237 691 271 intelligi
709 241 792 271 pou-st
804 246 836 262 ex
850 237 882 262 iis
898 236 1034 267 fratribus,

242 280 289 314 qui
305 280 329 304 in
344 279 458 310 Adelphis·
470 280 541 301 sunt.
582 276 684 306 Quanta
699 275 723 300 in
736 274 817 299 alteru
829 273 944 303 duritas,
959 274 984 299 in
997 273 1037 299 al-

244 322 298 342 tero
309 314 431 340 omnium!
449 313 492 338 Sir·
507 321 535 337 se
551 320 592 337 res
605 311 696 337 babet:
716 316 743 337 ut
754 312 825 336 eniin
839 320 889 337 non
904 319 982 337 omne
996 312 1035 336 vi-

245 362 321 381 num.
340 353 378 377 si·-
391 359 440 377 non
452 351 540 375 omnis
551 354 622 375 aetas
636 353 764 374 vetustate
775 349 911 374 coacescit
952 348 1036 374 Seve-

244 391 345 416 ritatem
359 389 384 414 in
398 391 532 413 senectute
545 387 636 421 probo,
650 385 696 411 sed
708 394 776 415 earn.
793 387 863 411 sicut
874 385 934 416 alia,
949 385 1036 411 modi-

243 436 313 456 cam,
328 425 497 451 m-orbitntem
511 423 585 450 nullo
597 423 684 449 modo.

241 546 271 564 co
282 537 344 573 plus
356 537 446 563 viatici
458 544 599 572 quaerere.

296 610 369 637 XIX.
392 610 490 643 Quarta
507 614 587 636 restat
601 618 710 640 caussa,
728 617 797 644 quae
809 610 926 635 maxime
938 616 1035 643 angere
1057 637 1059 642 ι

241 653 320 683 atque
345 647 486 675 sollicitam
515 647 611 673 habere
641 652 757 674 nostram
784 650 895 672 aetatem
918 646 1033 676 videtur,
1057 647 1058 650 ’

240 685 464 721 appropinquatio
485 686 591 712 mortis:
613 693 682 720 quae
702 688 772 711 certe
792 693 805 710 a
827 688 962 710 senectute
983 692 1034 709 uon

240 728 325 758 potest
340 722 417 759 longe
429 722 532 749 abesse.
564 722 586 748 Ο
597 723 726 748 miserum
737 730 838 751 senem,
852 721 909 756 qui,
924 725 1034 746 mortem

239 761 460 787 contemnendam
477 768 550 791 esse,
569 760 594 786 in
610 765 662 786 tam
676 759 751 795 longa
763 763 846 785 aetate
859 767 910 785 non
923 757 1032 784 viderit!

240 806 308 833 quae
325 803 370 825 aut
386 797 464 833 plane
480 797 640 833 negligenda
657 802 709 828 est,
727 797 750 823 si
766 797 876 822 omnino
887 796 1036 831 exstinguit

241 837 375 862 animum:
403 839 448 862 aut
467 836 547 861 etiam
559 834 686 870 optanda,
700 835 724 860 si
734 834 825 868 aliquo
837 842 898 859 eum
913 832 1033 863 deducit,

241 873 286 899 ubi
310 873 345 899 sit
360 871 467 899 futurus
487 877 619 898 aeternus.
660 872 741 907 Atqui
758 871 864 898 tertium
880 875 950 896 certe
967 869 1034 896 niliil

240 911 355 937 inveniri
372 914 467 945 potest.
507 911 549 936 67.
566 909 636 942 Quid
654 910 736 944 igitur
751 909 874 938 timeam,
892 909 971 934 siaut
983 916 1034 933 non

241 949 322 974 miser
342 951 402 982 post
422 951 547 977 mortem,
570 952 615 973 aut
631 947 724 973 beatus
738 947 817 972 etiam
834 945 941 971 futurus
956 944 1036 970 surn‘?

226 983 409 1019 'Quamquam
424 985 487 1019 quis
503 989 543 1010 est
559 988 611 1010 tam
627 984 739 1014 stultus,
757 984 884 1018 quamvis
900 983 934 1008 sit
945 982 1036 1008 adole-

240 1030 331 1052 scenS,
344 1023 388 1048 cui
399 1022 434 1048 sit
444 1021 622 1057 exploratum,
636 1030 664 1047 se
676 1021 708 1047 ad
722 1029 864 1055 vesperum
876 1028 935 1046 esse
948 1020 1036 1045 victu-

240 1058 318 1086 rum‘?
342 1059 412 1091 Quin
429 1060 508 1085 etiam
525 1064 597 1085 aetas
614 1058 658 1084 illa
675 1058 759 1084 multo
771 1058 876 1093 plures,
894 1066 976 1092 quam
988 1065 1036 1082 no-

239 1101 302 1127 stra,
315 1097 408 1123 mortis
420 1105 498 1123 casus
512 1096 599 1122 habet.
623 1095 740 1122 Facilius
752 1096 777 1121 in
791 1095 898 1121 morbos
913 1093 1036 1120 incidunt
1056 1094 1058 1129 ξ

239 1133 434 1166 adolescente-«33
467 1134 578 1169 gravius
595 1138 743 1168 aegrotant‘,
777 1133 881 1158 tristius
897 1136 1033 1157 curantur.

239 1172 330 1206 ltaque
346 1172 424 1206 pauci
442 1172 554 1197 veniunt
569 1170 601 1196 ad
617 1175 795 1196 senectutem:
818 1169 890 1204 quod
907 1169 933 1195 ni
946 1169 979 1194 ita
992 1177 1036 1194 ac-

239 1208 351 1239 cideret,
373 1207 471 1234 melius
482 1212 507 1234 et
519 1207 678 1242 prudentius
691 1208 836 1233 viveretur.
878 1207 951 1232 Mens
962 1207 1035 1232 enim

239 1250 264 1272 et
279 1246 344 1272 ratio
360 1250 384 1271 et
399 1244 543 1271 consilium
555 1245 581 1271 in
594 1245 705 1271 senibus
717 1249 770 1270 est:
793 1244 840 1279 qui
852 1244 875 1269 si
887 1243 955 1270 nulli
968 1243 1036 1269 suis-

239 1287 311 1313 sent,
334 1282 423 1308 nullae
439 1283 548 1308 omnino
563 1283 685 1308 civitates
701 1286 800 1307 essent.
841 1280 892 1307 Sed
910 1280 987 1307 redeo
1003 1279 1035 1306 ad

240 1324 350 1346 mortem
368 1319 578 1354 impendentem.
617 1319 693 1351 Quod
711 1319 778 1345 illud
790 1323 829 1345 cst
842 1319 943 1344 crimen
957 1326 1036 1344 sene-

239 1357 332 1387 cautis.
359 1365 444 1392 quum
466 1356 534 1383 illud
557 1356 671 1383 videatis
691 1365 753 1382 cum
774 1355 954 1382 adolescentia
977 1363 1035 1381 esse

239 1393 400 1420 commune‘.>
429 1395 470 1420 68.
494 1394 572 1420 Sensi
592 1402 642 1430 ego
657 1399 714 1420 tum
735 1394 762 1420 in
777 1394 879 1428 optimo
894 1392 949 1419 filio
965 1401 1033 1422 meo,

241 1436 296 1458 tuni
318 1432 344 1457 in
366 1432 526 1466 exspectatis
547 1431 579 1457 ad
595 1431 792 1466 amplissimam
808 1430 967 1466 dignitatem
984 1429 1037 1456 lra-

241 1469 326 1495 tribus
338 1469 405 1499 tuis,
419 1468 524 1503 Scipio.
544 1473 654 1495 mortem
669 1469 742 1494 omni
755 1469 832 1495 aetati
844 1476 903 1494 esse
914 1475 1037 1494 commu—

241 1514 311 1532 nem.
352 1505 385 1532 At
402 1510 492 1540 sperat
507 1505 663 1532 adolescens
678 1505 727 1532 diu
743 1514 771 1532 se
790 1506 941 1531 victurum:
964 1504 1036 1540 quod

239 1551 346 1577 sperare
366 1542 437 1569 idem
459 1551 542 1570 senex
557 1552 608 1570 non
625 1548 720 1578 potest.
762 1543 923 1577 insipienter
936 1546 1035 1576 sperat.

239 1580 310 1612 Quid
327 1580 400 1606 enim
416 1579 539 1611 stultius,
557 1589 639 1615 quam
656 1581 755 1607 incerta
775 1588 823 1615 pro
834 1580 914 1606 certis
927 1579 1035 1609 habere.

241 1616 305 1644 falsa
322 1625 369 1652 pro
385 1616 474 1644 veris‘?
498 1617 599 1648 Senex,
618 1626 650 1644 ne
661 1617 733 1652 quod
745 1622 834 1652 speret
844 1616 970 1652 quidem,
989 1616 1038 1642 ha-

241 1654 298 1680 bet:
325 1659 351 1681 at
365 1658 406 1680 est
420 1663 451 1681 eo
467 1653 577 1681 meliore
592 1655 759 1681 conditione.
776 1663 859 1690 quam
871 1653 1035 1680 adolescens.

240 1700 325 1728 quum
346 1691 386 1721 id.
409 1691 481 1728 quod
500 1693 544 1719 ille
561 1697 662 1728 sperat,
681 1692 725 1719 hic
741 1692 794 1719 iam
809 1696 971 1719 consecutus
986 1696 1036 1718 est.

241 1729 287 1756 llle
300 1730 357 1756 vult
367 1729 415 1756 diu
428 1730 533 1756 vivere:
558 1730 602 1756 hic
613 1730 660 1756 diu
673 1731 751 1756 vixit.
791 1731 833 1756 69.
855 1730 1035 1764 Quamquam.

240 1775 255 1793 ο
271 1767 309 1793 dii
327 1767 403 1793 boni!
435 1767 502 1802 quid
518 1772 558 1794 est
573 1768 601 1794 in
621 1767 740 1794 hominis
756 1768 810 1794 vita
821 1767 888 1794 diu‘?
915 1767 951 1793 Da
965 1767 1038 1793 enim

241 1812 399 1839 supremum
419 1809 540 1839 tempus:
572 1810 760 1840 exspectemus
780 1805 976 1831 Tartessiorum
997 1812 1039 1830 re-

240 1842 282 1877 gis
297 1846 423 1868 aetatem:
447 1841 498 1868 suit
508 1843 590 1873 enim,
604 1847 633 1868 ut
644 1843 776 1876 scriptum
787 1841 875 1872 video,
888 1840 1040 1877 Argantho-

242 1879 303 1905 nius
320 1878 432 1913 quidam
449 1879 586 1910 Gadibus,
604 1879 652 1914 qui
663 1880 796 1914 octoginta
810 1879 933 1914 regnavit
944 1886 1036 1908 annos,

241 1920 350 1941 centum
361 1920 386 1942 et
398 1916 495 1951 viginti
508 1917 586 1942 vixit.
618 1915 670 1942 Sed
683 1916 794 1942 mihine
805 1915 965 1942 diuturnum
977 1915 1040 1950 qui-

241 1952 301 1979 dem
314 1952 464 1987 quidquam
477 1952 592 1983 videtur,
607 1953 634 1979 in
645 1961 700 1987 quo
711 1957 751 1979 est
761 1952 866 1987 aliquid
876 1957 1038 1978 extremum.

240 1989 330 2022 Quum
342 1990 414 2015 enim
426 1989 452 2015 id
464 1989 581 2020 advenit.
595 1994 658 2016 tunc
670 1989 746 2019 illud,
759 1989 831 2024 quod
843 1990 987 2024 praeteriit.
1001 1989 1040 2015 ef-

240 2026 331 2053 fluxit:
358 2031 461 2052 tantum
477 2030 609 2057 remanet,
631 2026 704 2061 quod
722 2027 820 2053 virtute
836 2031 862 2053 et
877 2032 946 2053 recte
964 2026 1039 2053 factis

240 2068 402 2090 consecutus
413 2064 461 2090 sis.
488 2064 572 2090 Horae
583 2063 695 2098 quidem
707 2063 806 2090 cedunt
816 2069 842 2090 et
852 2064 910 2090 dies
925 2069 950 2090 et
963 2072 1040 2090 men-

241 2109 284 2126 ses
300 2105 325 2127 et
340 2101 418 2127 anni:
442 2109 489 2127 nec
500 2101 673 2136 praeteritum
688 2105 796 2136 tempus
807 2109 938 2136 umquam
950 2109 1040 2127 rever-

241 2138 318 2170 titur,
337 2146 399 2168 nec,
412 2138 479 2173 quid
491 2142 628 2173 sequatur,
641 2139 704 2164 sciri
716 2143 812 2173 potest.
852 2138 929 2170 Quod
940 2139 1040 2173 cuique

242 2176 369 2210 temporis
393 2175 426 2201 ad
442 2175 590 2202 vivendum
607 2175 698 2205 datur,
715 2183 746 2202 eo
761 2175 841 2202 debet
855 2184 915 2202 esse
930 2180 1041 2202 conten-

242 2218 294 2239 tus.
320 2213 363 2239 70.
379 2212 472 2247 Neque
488 2213 561 2239 enim
573 2213 711 2243 histrioni,
724 2217 754 2239 ut
764 2212 876 2247 placeat,
887 2212 1040 2248 peragenda

242 2249 331 2276 sabula
348 2254 401 2282 est;
425 2249 517 2281 modo,
538 2250 564 2276 in
575 2258 748 2285 quocumque
760 2249 842 2276 fuerit
852 2255 927 2281 actu,
942 2250 1041 2285 probe-

243 2291 298 2313 tur:
319 2295 368 2313 nec
378 2287 493 2321 sapienti
505 2287 935 2322 usqueadPlauditeveniendum.
956 2288 1040 2313 Breve

242 2324 314 2350 enim
330 2328 437 2358 tempus
454 2325 546 2351 aetatis
561 2325 626 2351 satis
642 2329 682 2351 est
698 2324 808 2359 longum
824 2324 857 2350 ad
873 2325 941 2351 bene
957 2324 1041 2351 hone-

243 2366 336 2396 steque
348 2361 507 2388 vivendum.
547 2361 594 2388 Sin
605 2362 768 2396 processeris
780 2361 887 2397 longius
895 2382 901 2392 ,
920 2370 972 2388 non
983 2370 1041 2387 ma-

244 2398 286 2433 gis
301 2398 447 2424 dolendum
459 2403 512 2429 est,
533 2407 614 2434 quam
629 2398 762 2434 agricolae
777 2398 880 2429 dolent,
900 2399 1039 2433 praeterita

245 2443 320 2461 verni
339 2436 467 2470 temporis
487 2437 634 2467 suavitate,
660 2440 788 2462 aestatem
808 2440 1040 2471 auctumuumque

245 2473 362 2498 venisse.
402 2473 453 2499 Ver
467 2474 539 2499 enim
556 2478 693 2508 tamquam
713 2472 920 2499 adolescentiam
934 2473 1041 2508 signifi—

245 2512 286 2534 cat
309 2509 479 2544 ostenditque
511 2509 615 2536 fructus
637 2509 755 2536 futuros:

245 2544 412 2572 demetendis
436 2547 569 2574 fructibus
594 2552 620 2574 et
639 2546 823 2582 percipiendis
843 2547 1040 2574 accommodata

246 2587 318 2608 sunt.
344 2583 386 2608 Ἠ.
401 2583 514 2611 Fructus
526 2589 614 2610 autem
626 2584 772 2610 senectutis
782 2588 831 2614 est,
845 2589 874 2610 ut
884 2584 1038 2619 saepedixi,

247 2623 306 2644 ante
326 2623 461 2653 partorum
482 2621 614 2649 bonorum
633 2621 762 2647 memoria
777 2625 802 2648 et
815 2621 902 2656 copia.
943 2621 1039 2648 Omnia

247 2663 323 2686 vero,
336 2664 405 2691 quae
416 2658 567 2685 secundum
578 2663 700 2685 naturam
712 2657 793 2690 fiunt,
804 2663 868 2685 sunt
878 2658 1002 2686 habenda
1012 2660 1040 2685 in

1064 296 1065 305 ,
1088 274 1246 299 adversante
1262 278 1287 299 et
1303 278 1468 307 repugnante
1485 278 1586 299 nutura.

725 425 766 448 66.
789 423 906 449 Avaritia
920 431 982 448 vero
993 432 1036 448 se-
1057 449 1059 455 χ

244 463 306 490 nilis
318 462 383 497 quid
396 461 449 487 sibi
462 461 535 492 velit,
550 470 600 487 non
615 460 744 495 intelligo.
777 460 863 486 Potest
872 461 943 486 enim
954 460 1036 495 quid·
1057 476 1059 485 Α

242 509 321 536 quam
335 508 393 525 esse
405 498 564 528 absurdius.
582 506 677 553 quam,
695 506 749 532 quo
765 497 855 524 minus
872 498 930 524 viae
946 501 1033 528 restat,
1057 515 1059 523 i

1057 533 1059 554 '1
1087 534 1199 569 quidem
1220 540 1272 561 tam
1286 533 1402 560 iucunda
1414 539 1467 564 est,
1482 538 1523 562 ut,
1537 542 1590 568 quo
1602 535 1713 568 propius
1725 534 1757 559 ad
1773 539 1882 560 mortem

796 2509 899 2544 reliqua
920 2515 1039 2545 tempora
1063 2527 1065 2539 ;

911 129 944 154 Μ.
980 129 1009 154 Τ,
1040 128 1291 154 (ἱΗΣΙΞΙῑυΝΙΞ

1065 202 1067 206 ’
1089 200 1175 225 bonis.
1198 198 1268 230 Quid
1280 204 1319 224 est
1334 204 1422 224 autern
1436 203 1487 224 tam
1502 199 1788 227 secunduninaturam,
1802 207 1883 233 quain

1088 237 1200 262 senibus
1216 236 1318 261 eniori‘?
1341 235 1417 266 Quod
1435 235 1504 261 iden·
1521 237 1651 269 contingit
1668 236 1884 262 adolescentibus

1378 306 1382 307 .
1628 274 1718 308 ltaque
1729 273 1884 299 adult-scen-

1088 316 1126 337 tes
1139 312 1204 337 mori
1216 311 1254 335 sic
1266 310 1332 336 mibi
1347 310 1479 340 videntur,
1494 316 1612 345 utquuin
1620 320 1703 345 aquae
1711 311 1884 337 multitudine

1089 350 1129 374 vis
1141 347 1262 374 llaniinae
1274 347 1448 382 ‹ippriinitur;
1472 357 1549 373 senes
1561 352 1659 377 autern,
1673 349 1794 374 sir-uisum
1803 357 1884 382 spon-

1088 391 1111 412 te
1137 385 1210 411 nulla
1226 385 1346 410 adhibita
1365 384 1390 410 vi
1409 390 1586 419 consumptus
1604 385 1673 419 ignis
1685 387 1881 417 exstinguitur:

1087 428 1125 452 et,
1144 423 1221 457 quasi
1235 431 1312 456 poma
1324 431 1356 447 ex
1372 421 1527 451 arboribus,
1545 422 1567 447 si
1579 421 1660 448 cruda
1674 428 1750 451 sunt.
1769 424 1794 448 vi
1810 422 1883 447 avel-

1089 460 1193 490 luntur,
1217 460 1239 485 si
1256 464 1357 485 matura
1370 464 1492 488 etcocia.
1510 459 1651 485 decidunt:
1675 460 1714 485 sic
1727 460 1807 486 vitam
1820 459 1884 485 ado-

1090 497 1254 523 lescentibus
1272 498 1312 523 vis
1322 496 1422 526 aufert,
1436 496 1547 522 senibus
1560 497 1711 528 maturitas,
1735 505 1804 531 quae
1816 496 1882 522 mibi

1089 572 1226 602 accedam,
1247 573 1325 606 quasi
1347 576 1442 597 terram
1465 571 1555 597 videre
1578 571 1669 597 videar
1685 570 1884 606 aliquandoque

1090 610 1114 636 in
1132 615 1237 644 portum
1254 617 1287 635 ex
1300 608 1376 643 longa
1390 608 1559 644 navigatione
1570 617 1629 635 esse
1642 614 1781 635 venturus.

1144 683 1204 710 XX.
1220 685 1262 710 72.
1278 683 1406 709 (tmnium
1416 687 1531 709 aetatum
1543 683 1827 714 certusestterminus3
1841 690 1884 707 se-

1088 722 1202 747 nectutis
1216 725 1304 747 autem
1317 720 1409 747 nullus
1420 725 1508 746 certus
1519 721 1708 751 estterniinus;
1727 720 1883 754 rectequein

1087 768 1116 785 ea
1130 759 1238 788 vivitur,
1254 757 1341 793 quoad
1355 766 1454 783 munus
1465 757 1547 783 oflicii
1559 757 1881 792 exsequiettuerifmssiS.

1087 801 1210 822 ettamen
1224 801 1334 821 mortem
1347 800 1526 821 contemnere.
1567 795 1606 821 Ex
1618 803 1672 829 quo
1684 794 1724 823 fit.
1742 799 1769 820 ut
1781 794 1884 820 animo-

1087 835 1141 859 sior
1155 834 1234 859 etiani
1247 838 1370 859 senectus
1382 833 1429 862 sit,
1447 841 1528 867 quam
1544 832 1732 861 adolescentia,
1746 837 1771 857 et
1783 831 1882 857 sortior.

1087 871 1139 897 lloc
1157 870 1222 896 illud
1245 875 1297 901 est,
1319 869 1391 904 quod
1411 870 1547 896 Pisistrato
1567 875 1679 904 tyranno
1698 877 1711 894 a
1731 868 1826 895 Solone
1843 876 1884 894 re·

1086 917 1215 943 sponsum
1237 913 1289 938 est,
1311 916 1395 942 quum
1417 907 1456 933 illi
1477 907 1630 941 quaerenti,
1653 916 1703 940 qim
1728 909 1827 931 tandem
1841 914 1885 938 epe

1086 949 1166 979 [relus
1183 947 1232 971 situ·
1248 950 1299 971 tum
1313 947 1448 970 aiidncieer
1463 946 1607 973 obsisteret.
1629 943 1800 978 respondisse
1816 942 1884 968 dici-

1088 988 1138 1013 tur,
1151 984 1289 1009 Senectute.
1330 981 1382 1007 Sed
1396 981 1507 1007 vivendi
1518 986 1557 1007 est
1569 980 1630 1007 sinis
1643 982 1775 1015 optimus.
1787 988 1882 1014 quum,

1088 1021 1188 1055 integra
1210 1024 1298 1045 mente
1313 1019 1464 1053 ceterisque
1483 1018 1623 1048 sensibus,
1645 1027 1713 1052 opus
1731 1019 1787 1052 ipsa
1803 1025 1884 1042 suum

1087 1057 1189 1087 eadem,
1203 1065 1272 1091 quae
1286 1057 1495 1092 coagmentavit.
1516 1061 1607 1081 natura
1619 1054 1753 1081 dissolvit.
1794 1054 1826 1080 L't
1838 1063 1885 1080 na-

1089 1104 1162 1125 vem,
1179 1099 1208 1120 ut
1224 1093 1378 1119 aedificium
1396 1093 1466 1119 idem
1479 1092 1593 1119 destruit
1605 1092 1746 1122 facillime,
1763 1092 1886 1126 quicon-

1087 1132 1196 1158 struxit:
1225 1132 1264 1157 sic
1283 1131 1418 1157 bominem
1433 1130 1526 1157 eadem
1542 1130 1656 1164 optime,
1672 1138 1741 1164 quae
1752 1128 1886 1164 congluti-

1088 1170 1174 1199 navit,
1193 1173 1284 1194 natura
1296 1168 1430 1194 dissolvit.
1472 1168 1526 1193 lam
1536 1167 1624 1193 omnis
1638 1167 1831 1202 conglutinatio
1844 1174 1886 1192 re-

1087 1215 1150 1233 cens
1172 1215 1258 1241 aegre,
1281 1207 1426 1232 inveterata
1448 1204 1525 1231 facite
1546 1204 1695 1230 divellitur.
1736 1204 1771 1229 lta
1793 1203 1834 1233 t'it,
1857 1207 1887 1229 ut

1088 1243 1155 1270 illud
1172 1244 1253 1269 breve
1269 1243 1338 1269 vitae
1351 1242 1486 1277 reliquum
1499 1250 1547 1268 nec
1561 1241 1639 1267 avide
1651 1240 1832 1276 appetendum
1843 1248 1886 1266 se-

1088 1281 1182 1311 nibus.
1201 1289 1250 1307 nec
1264 1281 1323 1307 sine
1339 1289 1433 1306 caussa
1445 1278 1624 1306 deserendum
1635 1279 1683 1304 sit:
1706 1279 1748 1304 73.
1761 1282 1886 1312 vetatque

1088 1319 1265 1354 PythagoraS,
1285 1320 1383 1343 iniussu
1403 1319 1578 1350 imperatoris,
1595 1318 1622 1341 id
1639 1321 1675 1342 est
1690 1318 1744 1345 dei,
1765 1317 1796 1340 de
1807 1323 1886 1348 prae-

1087 1358 1153 1382 sidio
1173 1361 1195 1381 et
1211 1358 1321 1381 statione
1341 1358 1406 1381 citae
1424 1356 1550 1380 decedere.
1591 1352 1697 1379 Solonis
1713 1352 1825 1387 quidem
1841 1360 1886 1378 sa-

1089 1393 1188 1428 pientis
1211 1392 1330 1428 elogium
1351 1396 1404 1421 est.
1422 1400 1476 1426 quo
1495 1400 1521 1417 se
1530 1395 1604 1424 nequ!
1623 1392 1686 1417 reue
1695 1398 1766 1415 suam
1783 1394 1887 1415 mortem

1088 1432 1176 1457 dolore
1193 1433 1335 1456 amicorum
1349 1435 1371 1455 et
1383 1431 1501 1455 lamentis
1510 1436 1613 1454 vacare.
1654 1426 1730 1457 Vult.
1747 1426 1839 1455 credo.
1857 1434 1886 1452 se

1088 1476 1147 1494 esse
1165 1476 1258 1494 carum
1272 1467 1344 1493 suis:
1371 1465 1419 1493 sed
1434 1465 1505 1492 haud
1517 1465 1586 1495 scio,
1603 1473 1636 1491 an
1652 1464 1750 1490 melius
1765 1464 1883 1490 Ennius:

1144 1505 1224 1531 Nemo
1233 1513 1271 1530 me
1285 1506 1410 1530 lacrumis
1422 1505 1522 1530 decoret
1536 1511 1615 1536 neque
1626 1504 1720 1536 funera
1730 1503 1789 1534 fletu

1201 1545 1279 1575 suxit,

1089 1580 1147 1606 Non
1167 1583 1259 1605 censet
1278 1577 1422 1614 lugendam
1443 1585 1502 1603 esse
1525 1581 1651 1607 mortem,
1673 1584 1755 1611 quam
1776 1577 1887 1602 immor-

1089 1616 1177 1643 talitas
1191 1620 1380 1651 consequatur.
1419 1615 1462 1641 74.
1479 1615 1532 1642 Iam
1545 1622 1641 1642 sensus
1652 1613 1775 1642 morienti
1787 1612 1887 1649 aliqu-is

1089 1662 1149 1681 esse
1164 1658 1251 1689 potest
1261 1654 1339 1689 isque
1351 1652 1384 1680 ad
1395 1653 1527 1689 exiguum
1539 1658 1659 1688 tempus.
1675 1652 1832 1687 praesertim
1843 1659 1887 1677 se-

1090 1692 1132 1718 ni:
1163 1697 1223 1726 post
1243 1696 1355 1718 mortem
1374 1690 1486 1725 quidem
1505 1698 1602 1716 sensus
1622 1694 1668 1716 aut
1689 1688 1823 1724 optandus
1841 1692 1888 1714 aut

1091 1729 1183 1756 nullus
1201 1733 1251 1755 est.
1291 1728 1344 1755 Sed
1361 1728 1411 1754 hoc
1426 1727 1584 1753 meditatum
1599 1726 1633 1753 ab
1649 1726 1827 1753 adolescentia
1838 1725 1886 1751 de-

1092 1767 1135 1793 bet
1145 1774 1214 1797 esse,
1229 1770 1342 1792 mortem
1354 1770 1383 1791 ut
1394 1764 1578 1800 negligamus:
1601 1764 1659 1790 sine
1670 1772 1723 1799 qua
1735 1763 1888 1789 meditatio-

1092 1812 1124 1830 ne
1144 1802 1290 1837 tranquillo
1308 1811 1368 1829 esse
1383 1803 1472 1828 animo
1488 1810 1566 1828 nemo
1580 1805 1677 1836 potest.
1717 1799 1886 1826 Moriendum

1091 1841 1164 1867 enim
1175 1845 1245 1866 certe
1256 1844 1309 1870 est,
1323 1844 1348 1866 et
1359 1839 1386 1865 id
1401 1839 1542 1868 incertum.
1565 1847 1599 1865 an
1610 1846 1641 1864 eo
1652 1839 1712 1872 ipso
1722 1837 1777 1864 die.
1817 1837 1887 1863 Mor-

1091 1876 1448 1913 temigituromnibushoris
1456 1876 1771 1910 impendentemtimens,
1782 1875 1888 1909 quipo-

1091 1916 1152 1942 terit
1163 1915 1252 1941 animo
1263 1913 1429 1941 consistere?
1448 1914 1533 1940 75.De
1545 1921 1597 1948 qua
1605 1911 1888 1948 nonitalongadispu—

1092 1953 1188 1979 tatione
1199 1960 1268 1986 opus
1279 1959 1338 1977 esse
1349 1950 1470 1981 videtur,
1483 1959 1569 1985 quum
1581 1949 1765 1979 recorder,non
1778 1949 1808 1975 L.
1820 1948 1888 1975 Bru-

1091 1994 1162 2020 tum,
1180 1990 1266 2024 quiin
1281 1988 1419 2015 liberanda
1430 1988 1515 2023 patria
1526 1992 1567 2014 est
1577 1986 1747 2019 interfectus;
1771 1994 1822 2012 non
1833 1985 1888 2012 duo

1091 2027 1194 2057 Decios,
1210 2027 1258 2061 qui
1270 2025 1303 2052 ad
1316 2025 1495 2052 voluntariam
1511 2029 1622 2051 mortem
1633 2032 1744 2050 cursum
1755 2031 1887 2058 equorum

1092 2065 1283 2095 incitaverunt;
1305 2071 1357 2089 non
1368 2063 1403 2089 M.
1416 2062 1553 2093 Attilium,
1567 2062 1614 2097 qui
1625 2061 1659 2087 ad
1670 2060 1836 2096 supplicium
1848 2064 1889 2086 est

1092 2101 1240 2136 profectus,
1253 2105 1283 2127 ut
1294 2100 1374 2126 fidem
1389 2100 1459 2126 hosti
1473 2099 1561 2126 datam
1573 2102 1756 2130 conservarem
1770 2105 1822 2124 non
1833 2096 1888 2123 duo

1092 2139 1241 2173 Scipiones,
1255 2138 1303 2172 qui
1315 2138 1365 2164 iter
1375 2137 1472 2163 Poenis
1483 2136 1525 2163 vel
1537 2135 1695 2171 corporibus
1701 2134 1888 2161 suisobstrue-

1093 2184 1119 2202 re
1134 2175 1290 2202 voluerunt:
1309 2183 1360 2201 non
1373 2183 1453 2200 avum
1466 2178 1543 2201 tuum
1555 2174 1584 2199 L.
1596 2172 1730 2202 Paullum,
1746 2172 1794 2207 qui
1804 2175 1888 2198 morte

1093 2213 1143 2239 luit
1153 2212 1270 2248 collegae
1281 2212 1309 2238 in
1320 2212 1454 2238 Cannensi
1465 2210 1614 2247 ignominia
1627 2210 1817 2241 temeritatem;
1834 2216 1887 2234 non

1092 2250 1127 2276 M.
1140 2249 1307 2279 Marcellum,
1321 2249 1400 2275 cuius
1410 2249 1549 2275 interitum
1564 2256 1596 2274 ne
1607 2246 1814 2273 crudelissimus
1824 2246 1887 2280 qui—

1091 2287 1153 2313 dem
1173 2287 1259 2313 hostis
1275 2286 1374 2313 honore
1392 2285 1547 2320 sepulturae
1561 2293 1650 2311 carere
1661 2292 1759 2319 passus
1769 2287 1821 2315 est;
1838 2281 1886 2308 sed

1093 2324 1212 2360 legiones
1226 2328 1344 2354 nostras,
1361 2323 1434 2358 quod
1450 2322 1547 2357 scripsi
1558 2322 1585 2348 in
1598 2322 1760 2355 Offyinibus,
1780 2320 1809 2346 in
1824 2327 1887 2345 eum

1092 2369 1171 2396 saepe
1190 2360 1277 2387 locum
1289 2360 1421 2396 profectas
1432 2359 1513 2386 alacri
1523 2359 1614 2386 animo
1624 2363 1650 2385 et
1659 2362 1745 2384 erecto
1753 2377 1759 2386 .
1776 2356 1848 2382 unde
1858 2364 1886 2382 se

1092 2407 1242 2433 numquam
1257 2398 1390 2424 redituras
1400 2397 1602 2424 arbitrarentur.
1641 2393 1718 2427 Quod
1729 2394 1812 2429 igitur
1823 2393 1886 2419 ado-

1093 2435 1236 2465 lescentes,
1254 2440 1279 2462 et
1295 2435 1314 2461 ii
1330 2434 1442 2470 quidem
1457 2443 1510 2461 non
1521 2433 1609 2460 solum
1619 2431 1734 2459 indocti.
1747 2430 1795 2456 sed
1806 2431 1885 2456 etiam

1092 2473 1196 2503 rustici.
1213 2477 1396 2501 contemnunt,
1414 2471 1442 2498 id
1457 2471 1528 2497 docti
1541 2478 1619 2496 senes
1630 2466 1824 2495 extimesceut‘?
1842 2468 1884 2493 76.

1091 2510 1216 2541 Omnino,
1230 2515 1259 2536 ut
1270 2509 1338 2536 mihi
1349 2508 1461 2544 quidem
1473 2507 1587 2538 videtur,
1601 2505 1752 2532 studiorum
1762 2504 1885 2531 omnium

1092 2548 1199 2573 satietas
1219 2548 1288 2573 vitae
1310 2546 1372 2573 facit
1385 2547 1544 2572 satietatem.
1583 2543 1651 2569 Sunt
1666 2542 1796 2577 pueritiae
1814 2546 1884 2568 certa

1091 2584 1195 2611 studia:
1221 2592 1286 2611 num
1298 2584 1382 2620 igitur
1391 2591 1421 2609 ea
1433 2581 1586 2609 desiderant
1597 2578 1797 2606 adolescentes?
1817 2578 1885 2605 Sunt

1091 2626 1117 2648 et
1132 2621 1250 2648 ineuntis
1266 2620 1473 2651 adolescentiam
1504 2626 1571 2645 num
1585 2626 1615 2643 ea
1630 2621 1755 2643 constans
1771 2617 1824 2642 iam
1842 2623 1885 2642 re-

1091 2659 1176 2694 quirit
1193 2663 1278 2690 aetas,
1300 2666 1369 2694 quae
1384 2656 1472 2683 media
1486 2654 1603 2682 dicitur?
1623 2653 1692 2681 Sunt
1706 2654 1785 2681 etiam
1801 2652 1885 2679 huius
