1941 3052
219 152 267 175 :mo
796 150 831 174 Π.
868 149 901 174 Μ,
936 148 965 174 Τ.

218 220 313 246 lilia-nm
326 220 489 246 nominabat:
509 225 537 246 nt
549 227 599 245 non
612 224 662 245 tam
675 227 703 244 ae
715 219 895 253 emori,quam
904 218 1011 252 spoliari

218 266 266 283 eno
287 257 419 292 praesidio
435 266 519 291 quum
539 257 658 291 patriam,
678 261 733 281 tum
750 257 828 281 etiam
846 264 887 281 nie
903 256 1011 281 doleret.
1032 281 1034 292 ,

217 297 257 320 60.
270 296 354 327 Quem
367 294 476 329 quidem
490 295 576 319 virum
590 294 611 318 si
625 293 696 319 nulla
711 293 750 318 vis
762 293 891 326 repentini
904 292 1012 318 sceleris

218 332 384 357 sustulisset:
418 340 532 366 quonam
550 330 627 356 modo
647 329 690 355 ille
708 329 804 355 furenti
821 329 892 355 fratri
905 338 954 355 suo
966 338 1012 364 pa-

218 369 295 395 trueli
316 369 465 395 consularis
488 368 643 398 restitisset,
662 367 708 401 qui
725 366 818 392 consul
840 367 1011 401 incipientem

218 406 303 431 furere
319 410 397 439 atque
409 409 546 430 conantem
558 413 606 430 sua
618 412 646 430 se
658 412 738 430 manu
750 403 952 430 interfecturum
964 412 1012 430 au-

217 443 304 468 diente
320 447 411 468 senatu
429 442 544 468 dixerit?
564 442 603 468 Ex
620 442 667 467 hac
679 442 761 476 igitur
771 441 851 467 domo
862 450 908 476 pro
929 450 1009 472 ressa,

218 481 265 505 ista
283 479 379 505 mulier
396 479 428 505 de
446 479 539 505 veneni
551 479 684 505 celeritate
695 479 783 505 dicere
794 478 904 505 audebit
942 479 1012 505 Non-

217 526 248 543 ne
261 517 345 551 ipsam
358 516 467 542 domum
481 520 589 546 metuet.
604 525 635 542 ne
647 524 727 551 quam
742 515 945 542 vocemeliciat‘?
961 526 1011 542 non

217 555 328 588 parietes
349 554 478 584 conscios,
497 562 547 580 non
565 558 666 579 noctem
684 553 756 579 illam
777 553 909 579 funestam
926 562 955 579 ac
972 553 1013 579 lu-

215 596 333 617 ctuosam
350 591 550 626 perhorrescet?
570 591 622 617 Sed
640 595 755 617 revertar
766 591 798 617 ad
810 592 920 617 crimen.
952 591 1013 617 Ete-

217 629 271 654 nim
289 628 352 654 haec
365 628 431 654 facta
444 628 517 654 illius
529 627 671 654 clarissimi
684 637 714 654 ac
726 627 863 654 fortissimi
877 628 926 654 viri
939 637 1013 654 men-

216 666 252 692 tio
267 670 292 692 et
309 673 400 692 vocem
417 674 504 692 meam
520 665 582 692 lietu
598 665 749 692 debilitavit
760 670 785 692 et
796 670 911 692 mentem
924 665 1013 692 dolore

216 702 366 738 impedivit.

272 740 355 767 XXV.
369 742 410 767 61.
423 738 476 765 Sed
489 743 574 766 tamen
587 748 720 766 venenum
733 739 804 766 unde
816 739 904 771 fuerit,
918 748 1014 775 quem-

215 777 360 804 admodum
377 782 497 812 puratum
513 778 557 808 sit,
576 786 627 804 non
644 777 751 804 dicitur.
779 778 872 803 Datum
889 785 948 803 esse
965 777 1013 803 hoc

215 815 290 841 aiunt
309 815 337 841 P.
360 815 470 845 Licinio,
489 815 599 849 pudenti
616 814 776 841 adolescenti
793 819 819 841 et
835 815 912 846 bono,
931 815 1012 841 Caelii

217 852 354 878 familiari:
377 853 550 879 constitutum
564 852 662 879 factum
674 861 732 878 esse
744 861 805 878 cum
818 853 912 883 servis,
927 857 955 878 ut
967 860 1013 878 ve·
1033 851 1035 859 '

217 890 302 916 nirent
318 889 349 916 ad
368 889 476 915 balneas
492 889 599 922 Senias,
627 889 719 916 eodem
732 890 864 916 Licinium
877 898 936 916 esse
948 898 1013 916 ven—

216 931 305 953 turum
329 931 407 962 atque
418 927 452 953 iis
464 927 558 953 veneni
571 927 698 962 pyxidem
711 927 881 953 traditurum.
904 927 952 953 llic
959 927 1013 961 pri-

210 965 290 990 'mum
307 964 374 991 illud
387 965 507 999 requiro:
530 965 596 999 quid
608 965 745 991 attinuerit
756 964 824 990 illud
837 964 898 990 ferri
912 965 938 990 in
950 973 1012 990 eum
1033 967 1035 992 i

217 1001 303 1028 locum
319 1002 508 1028 constitutum:
532 1010 580 1028 cur
591 1002 630 1028 illi
642 1003 712 1028 servi
727 1010 777 1028 non
789 1001 822 1028 ad
834 1002 952 1028 Caelium
965 1002 1013 1027 do—

215 1047 289 1065 mum
303 1040 432 1065 venerint.
455 1039 482 1065 Si
500 1040 622 1066 manebat
634 1043 702 1066 tanta
715 1039 759 1065 illa
771 1039 937 1066 consuetudo
948 1039 1013 1066 Cae-

217 1076 244 1102 lii
260 1085 322 1103 cum
338 1076 428 1104 Clodia
446 1081 569 1112 tantaque
582 1076 757 1107 familiaritas,
770 1076 837 1112 quid
849 1077 1011 1111 suspicionis

215 1118 293 1145 esset,
308 1114 331 1140 si
343 1114 414 1149 apud
421 1114 540 1140 Caelium
553 1114 674 1141 mulieris
682 1123 776 1140 servus
784 1115 860 1140 visus
867 1113 956 1140 csset‘?
966 1114 1012 1140 Sin

215 1156 303 1177 autem
320 1152 372 1178 iam
389 1152 497 1178 suberat
512 1152 645 1183 simultas,
664 1152 792 1178 exstincta
803 1156 857 1177 erat
868 1156 1013 1178 consuetu-

215 1188 257 1219 do.
271 1189 414 1215 discidium
427 1189 575 1215 exstiterat:
599 1189 661 1215 hinc
674 1188 864 1215 illaelacrimae
873 1189 1010 1219 nimirum,

216 1231 242 1252 et
254 1226 317 1253 haec
328 1235 422 1252 caussa
435 1230 475 1252 est
486 1226 580 1253 horum
592 1227 713 1253 omnium
724 1226 856 1252 scelerum
870 1231 949 1261 atque
960 1226 1013 1252 cri-

216 1264 330 1290 minum.
342 1279 379 1283 —
390 1265 431 1290 62.
445 1264 537 1295 humo,
551 1265 647 1299 inquit,
661 1272 747 1299 quum
759 1263 1012 1290 serviaddominam

215 1309 270 1327 rem
286 1302 364 1327 istam
380 1305 406 1327 ct
416 1301 577 1328 maleficium
589 1302 669 1329 Caelii
682 1301 850 1332 detulissent,
864 1300 961 1327 mulier
972 1301 1013 1327 in-

214 1339 323 1374 geniosa
339 1339 473 1373 praecepit
486 1339 552 1370 suis,
567 1343 596 1365 ut
605 1339 694 1365 omnia
706 1338 795 1365 Caelio
806 1338 1010 1373 pollicerentur:

215 1375 262 1402 sed
275 1380 304 1403 ut
320 1384 463 1407 venenum,
481 1385 566 1411 quum
583 1385 596 1402 a
612 1376 715 1402 Licini0
730 1376 886 1406 traderetur,
900 1375 1014 1402 manife-

214 1417 255 1440 sto
265 1413 455 1448 comprehendi
468 1418 565 1448 posset,
579 1414 705 1440 constitui
718 1412 805 1440 locum
818 1413 907 1444 iussit,
921 1413 1013 1439 balne-

215 1459 242 1476 as
264 1450 371 1481 Senias,
393 1454 423 1477 ut
439 1459 469 1477 eo
485 1452 600 1477 mitteret
615 1451 728 1482 amicos,
746 1451 793 1485 qui
810 1450 1010 1483 delitescerent;

214 1488 310 1514 deinde
326 1493 446 1523 repente,
467 1497 552 1523 quum
564 1489 683 1514 venisset
693 1488 823 1519 Licinius,
837 1492 866 1514 ut
877 1496 1010 1514 venenum

215 1525 336 1556 traderet.
360 1525 513 1560 prosilirent
533 1526 724 1561 hominemque
743 1525 1010 1560 comprehenderent.

214 1578 250 1582 —
260 1563 357 1590 XXVI.
370 1562 443 1595 Quae
454 1563 564 1598 quidem
576 1564 674 1594 omnia,
688 1563 801 1594 iudices,
810 1562 963 1597 perfacilem
971 1571 1013 1588 ra-

215 1601 313 1627 tionem
329 1600 428 1626 habent
444 1600 665 1635 reprehendendi.
692 1600 746 1627 Cur
756 1601 828 1626 enim
840 1599 949 1626 balneas
961 1608 1013 1634 pu-

215 1637 297 1664 blicas
315 1638 487 1672 potissimum
498 1637 688 1664 constituerat?
706 1638 734 1664 in
749 1638 859 1672 quibus,
874 1646 925 1663 non
937 1638 1014 1663 inve-

215 1676 267 1706 nio,
284 1683 354 1710 quae
370 1674 468 1701 latebra
484 1676 579 1710 togatis
591 1675 747 1702 hominibus
759 1683 817 1701 esse
829 1675 923 1709 possit.
946 1675 1012 1700 Nam

214 1712 237 1738 si
253 1716 344 1738 essent
359 1712 387 1738 in
403 1713 537 1739 vestibulo
552 1712 722 1745 balnearum3
750 1720 802 1738 non
818 1711 942 1738 laterent:
970 1712 1013 1738 sin

214 1758 243 1775 se
258 1750 286 1776 in
302 1750 428 1776 intimum
443 1751 574 1776 coniicere
590 1749 703 1780 vellent:
731 1758 780 1776 nec
793 1750 858 1775 satis
873 1749 1013 1775 commode

214 1786 322 1813 calceati
343 1791 368 1813 et
384 1787 472 1813 vestiti
489 1787 516 1813 id
532 1786 617 1813 facere
628 1791 737 1821 possent
748 1791 773 1813 et
785 1786 895 1813 fortasse
907 1795 958 1813 non
971 1795 1013 1812 re-

215 1824 379 1859 ciperentur:
407 1825 459 1850 nisi
476 1824 541 1851 forte
557 1824 654 1851 mulier
665 1829 757 1860 potens
768 1824 956 1858 quadrantaria
967 1823 1012 1850 illa

215 1862 410 1896 permutatione
425 1861 565 1888 familiaris
581 1861 648 1888 facta
664 1866 719 1888 erat
734 1861 890 1887 balneatori.
912 1863 953 1887 63.
966 1861 1014 1887 At-

215 1907 268 1934 que
288 1898 414 1934 equidem
435 1899 607 1925 vehementer
627 1899 823 1933 exspectabam.
841 1899 953 1934 quinam
968 1899 1012 1925 isti

215 1936 266 1962 viri
286 1935 358 1967 boni,
381 1940 463 1963 testes
484 1936 566 1962 huius
586 1935 727 1962 manifesto
741 1936 901 1971 deprehensi
917 1937 1013 1962 veneni
1035 1947 1036 1966 i

215 1973 376 2000 dicerentur.
407 1973 480 2000 Nulli
501 1974 572 2000 enim
594 1977 658 2000 sunt
677 1973 765 2000 adhuc
789 1974 928 2000 nominati.
961 1973 1013 2000 Sed
1035 1983 1036 1988 ¹

215 2019 267 2037 non
279 2010 381 2042 dubito,
395 2011 461 2046 quin
472 2011 526 2037 sint
537 2019 688 2046 pergraves,
703 2011 750 2046 qui
762 2011 881 2046 primum
892 2011 1013 2037 sinttalis

216 2047 330 2074 feminae
347 2048 504 2079 familiares,
527 2048 624 2074 deinde
639 2057 696 2074 eam
709 2049 874 2083 provinciam
886 2057 1014 2083 suscepe-

216 2085 277 2117 rint,
295 2089 324 2112 ut
340 2086 367 2112 in
383 2085 492 2112 balneas
507 2085 742 2112 contruderentur:
770 2086 843 2121 quod
858 2086 913 2117 illa,
931 2087 984 2112 nisi
999 2095 1013 2112 a

216 2123 280 2149 viris
301 2123 500 2149 honestissimis
524 2131 554 2149 ac
573 2122 740 2158 plenissimis
760 2123 908 2159 dignitatis,
931 2132 1012 2159 quam

215 2159 289 2191 velit,
306 2161 342 2187 sit
356 2164 459 2195 potens,
478 2169 627 2195 numquam
642 2161 851 2195 impetravisset.
878 2160 931 2187 Sed
947 2161 1013 2196 quid

215 2205 264 2234 ego
286 2197 320 2224 de
339 2197 468 2234 dignitate
489 2197 601 2224 istorum
617 2198 725 2224 testium
742 2197 854 2233 loquor?
881 2199 1012 2225 Virtutem

215 2244 306 2262 eorum
322 2235 545 2271 diligentiamque
560 2236 721 2271 cognoscite.
743 2236 772 2262 In
783 2235 887 2262 balneis
899 2235 1014 2262 delitue-

215 2277 287 2299 runt.
318 2273 409 2299 Testes
426 2273 561 2309 egregiosl
588 2273 688 2299 Deinde
704 2277 802 2299 temere
820 2272 1011 2308 prosiluerunt.

215 2310 341 2337 Homines
357 2310 481 2346 gravitati
496 2310 613 2336 deditos!
640 2309 684 2336 Sic
700 2311 771 2336 enim
788 2310 909 2346 fingunt,
926 2319 1013 2345 quum

216 2347 334 2374 Licinius
346 2348 472 2378 venisset,
486 2347 614 2383 pyxidem
626 2351 726 2374 teneret
736 2348 764 2374 in
775 2356 866 2379 manu,
874 2353 1014 2374 conaretur

216 2384 331 2416 tradere,
355 2385 474 2412 nondum
495 2385 662 2416 tradidisset,
685 2389 743 2411 tum
763 2389 872 2420 repente
892 2385 1013 2411 evolasse

215 2422 280 2448 istos
296 2422 445 2457 praeclaros
462 2427 542 2449 testes
554 2423 611 2448 sine
622 2423 743 2449 nomine:
767 2423 901 2449 Licinium
913 2427 1010 2453 autem,

215 2466 300 2492 quum
312 2460 364 2486 iam
376 2468 486 2486 manum
498 2459 692 2486 adtradendam
700 2460 828 2495 pyxidem
839 2461 1010 2494 porrexisset,

216 2496 358 2522 retraxisse
373 2501 452 2532 atque
465 2497 513 2524 illo
527 2497 665 2532 repentino
679 2497 820 2523 hominum
831 2498 934 2532 impetu
945 2505 974 2523 se
985 2498 1012 2523 in

217 2531 308 2567 fugam
323 2534 477 2560 coniecisse.
503 2533 525 2561 O
540 2543 636 2570 magna
648 2536 690 2560 vis
701 2535 830 2565 veritatis,
843 2542 913 2569 quae
922 2539 1012 2561 contra
1041 2556 1043 2561 .

217 2568 357 2595 hominum
372 2571 488 2606 ingenia,
505 2571 688 2602 calliditatem,
706 2571 851 2597 sollertiam
868 2576 1012 2606 contraque

217 2605 291 2632 fictas
306 2607 425 2633 omnium
440 2608 552 2634 insidias
568 2608 645 2635 facile
661 2617 689 2634 se
705 2617 753 2643 per
763 2617 792 2634 se
803 2609 861 2643 ipsa
871 2608 1010 2635 defendat!

272 2642 380 2670 XXVII.
397 2645 438 2670 64.
450 2645 548 2671 Verum
560 2645 625 2672 haec
636 2650 688 2672 tota
699 2645 795 2672 fabella
807 2646 903 2672 veteris
915 2650 940 2672 et
951 2646 1013 2680 plu-

217 2680 345 2707 rimarum
357 2680 507 2708 fabularum
520 2683 644 2716 poetriae,
657 2691 737 2718 quam
750 2687 790 2710 est
801 2683 858 2709 sine
869 2691 1013 2719 argumen-

1001 148 1274 175 CICERONIS

1065 219 1103 244 to!
1139 227 1219 252 quarn
1242 218 1346 244 nullum
1375 219 1493 245 invenire
1517 221 1619 246 exitum
1646 222 1745 255 potest!
1787 220 1856 253 Quid

1064 256 1154 282 enim‘!
1175 257 1216 282 isti
1229 260 1265 282 tot
1278 256 1325 282 viri
1338 256 1407 289 {nam
1421 265 1527 282 necesse
1538 262 1577 283 est
1589 257 1673 284 tuisse
1685 267 1735 284 non
1749 266 1855 293 paucos.

1039 313 1041 322 ⁴
1065 298 1093 319 ut
1108 298 1133 318 et
1147 293 1336 327 comprehendi
1354 293 1472 319 Licinius
1485 293 1561 320 facile
1572 300 1660 329 posset
1672 300 1696 321 et
1707 304 1748 321 rer.
1761 296 1859 321 multo-

1065 339 1123 356 rum
1139 330 1225 356 oculis
1241 334 1311 356 esset
1323 331 1466 365 testatiorz)
1485 339 1532 357 cur
1545 332 1676 358 Licinium
1688 333 1721 358 de
1733 333 1859 359 inanibus

1064 367 1229 393 amiserunt?
1258 367 1308 399 Qui
1331 368 1420 393 minus
1441 369 1511 394 enim
1534 369 1652 395 Licinius
1668 369 1858 404 comprehendi

1064 405 1158 439 potuit,
1175 413 1261 439 quum
1278 413 1306 430 se
1323 406 1438 435 retraxit,
1458 413 1490 431 ne
1503 406 1629 441 pyxidem
1642 406 1763 435 traderet.
1776 415 1858 442 quam

1039 458 1041 467 x
1064 443 1085 467 si
1103 451 1154 468 non
1172 442 1344 468 retraxisset?
1369 442 1448 468 Erant
1463 443 1534 468 enim
1546 442 1585 469 illi
1598 444 1685 477 positi,
1699 449 1858 479 utcomprc*

1065 479 1210 505 henderent
1225 479 1356 505 Licinium
1367 488 1372 511 ;
1396 484 1424 505 ut
1435 479 1576 506 manifesto
1587 480 1705 507 Licinius
1716 486 1858 510 teneretur.

1064 521 1109 542 nut
1123 525 1208 551 quum
1226 517 1349 543 retineret
1366 525 1512 547 venenum,
1530 522 1575 543 aut
1590 525 1675 552 quum
1697 518 1858 545 tradidisset.

1065 554 1117 579 lloc
1134 554 1184 580 fuit
1200 558 1284 580 totum
1300 554 1443 580 consilium
1456 555 1586 584 mulieris.
1601 555 1664 581 haec
1675 556 1786 582 istorum
1800 564 1860 591 pro-

1065 592 1161 621 vincia,
1177 593 1225 626 qui
1242 592 1323 625 rogati
1340 596 1417 620 aunt:
1443 600 1512 627 quos
1523 592 1632 627 quidem
1647 597 1674 618 tu
1686 593 1860 627 quamobrem

1065 633 1162 655 temere
1178 629 1336 664 prosiluisse
1352 628 1425 655 dicas
1456 634 1537 664 atque
1552 634 1611 655 ante
1627 634 1743 664 tempus,
1758 639 1808 657 non
1820 639 1861 657 re-

1065 666 1147 701 perio.
1159 667 1313 692 —Fuerant
1325 666 1373 692 hoc
1383 667 1465 701 rogati
1476 676 1481 695 ς
1495 666 1637 693 fuerantad
1646 667 1711 693 hanc
1719 676 1772 693 rem
1780 667 1861 694 collo-

1064 704 1124 734 cati,
1144 708 1172 730 ut
1188 712 1332 734 venenum,
1347 708 1374 730 ut
1387 704 1511 734 insidiae,
1526 703 1629 730 facinus
1640 704 1758 739 denique
1770 705 1860 740 ipsum

1065 745 1094 767 ut
1110 741 1252 767 manifesto
1267 741 1546 775 comprehenderetur.
1573 757 1609 761 —
1621 743 1662 768 65.
1682 742 1862 768 l'otueruntne

1065 778 1167 805 meliori
1181 784 1299 813 tempore
1311 778 1441 813 prosilire,
1455 787 1536 814 quam
1548 788 1632 814 quum
1646 779 1861 806 Licinium-enis-

1065 816 1123 842 set‘?
1152 824 1237 851 quum
1254 817 1280 842 in
1297 825 1376 842 manu
1395 820 1494 842 teneret
1510 817 1604 842 veneni
1621 816 1769 852 pyxidem‘.⁷
1793 825 1861 851 quae

1065 854 1088 879 si
1104 862 1188 888 quum
1206 854 1257 879 iam
1275 857 1329 879 erat
1345 853 1439 879 tradita
1456 855 1550 883 servis,
1568 855 1717 880 evasissent
1728 854 1818 880 subito
1828 862 1861 880 ex

1065 890 1168 917 balneis
1192 891 1314 917 mulieris
1335 891 1412 916 amici
1435 891 1623 926 Liciniumque
1641 891 1862 926 comprehendis—

1065 932 1136 954 sent:
1169 928 1321 962 imploraret
1343 928 1482 954 hominum
1504 928 1582 954 fidem
1603 933 1683 963 atque
1703 937 1717 954 a
1738 936 1766 954 se
1786 928 1861 955 illam

1065 965 1190 1001 pyxidem
1217 965 1338 991 traditam
1363 970 1526 1001 pernegaret.
1562 965 1647 997 Quem
1667 965 1802 1000 quomodo
1823 965 1861 992 illi

1065 1002 1305 1037 reprehenderent‘.>
1329 1003 1430 1029 vidisse
1445 1011 1474 1029 se
1489 1003 1625 1029 dicerent?
1649 1003 1768 1029 Primum
1784 1003 1817 1029 ad
1833 1011 1862 1029 se

1066 1045 1220 1066 revocarent
1231 1041 1342 1067 maximi
1357 1039 1482 1066 facinoris
1494 1041 1610 1067 crimen:
1633 1039 1730 1066 deinde
1741 1040 1769 1066 id
1780 1048 1810 1066 se
1822 1041 1862 1066 vi-

1063 1077 1136 1104 disse
1153 1077 1280 1107 dicerent,
1299 1077 1380 1112 quod,
1398 1086 1453 1112 quo
1470 1077 1526 1104 loco
1540 1077 1660 1104 collocati
1678 1077 1790 1108 fuerant.
1809 1085 1860 1104 non

1065 1115 1215 1150 potuissent
1237 1115 1336 1141 videre.
1373 1115 1502 1149 Tempore
1523 1116 1606 1151 igitur
1622 1115 1680 1150 ipso
1695 1124 1723 1141 se
1738 1115 1863 1141 ostende—

1065 1157 1135 1183 runt,
1148 1161 1233 1187 quum
1247 1152 1366 1178 Licinius
1377 1153 1503 1182 venisset,
1517 1152 1643 1188 pyxidem
1650 1151 1862 1187 expediret,ma-

1065 1198 1129 1216 num
1142 1191 1295 1225 porrigeret,
1309 1198 1442 1216 venenum
1455 1189 1577 1216 traderet.
1600 1189 1672 1215 Mimi
1685 1198 1748 1225 ergo
1759 1195 1799 1216 est
1809 1190 1860 1216 iam

1064 1228 1162 1258 exitus,
1181 1236 1232 1253 non
1245 1226 1364 1253 fabulae:
1388 1228 1415 1253 in
1427 1235 1482 1261 quo
1493 1235 1578 1262 quum
1589 1226 1708 1253 clausula
1722 1235 1774 1253 non
1786 1227 1862 1253 inve-

1065 1265 1145 1295 nitur,
1160 1264 1229 1300 sugit
1240 1264 1339 1299 aliquis
1351 1273 1364 1290 e
1376 1264 1510 1294 manibus,
1524 1264 1620 1290 deinde
1632 1263 1742 1290 scabilla
1753 1272 1862 1291 concre-

1065 1306 1136 1337 pant,
1150 1301 1274 1328 aulaeum
1286 1301 1397 1328 tollitur.
1419 1301 1539 1328 XXVIII.
1553 1303 1594 1328 66.
1606 1300 1709 1333 Quaero
1720 1301 1801 1332 enim.
1815 1310 1863 1328 cur

1064 1340 1198 1366 Licinium
1216 1339 1384 1370 titubantem,
1402 1338 1587 1369 haesitantem,
1604 1339 1751 1369 cedentem,
1769 1338 1863 1375 fugere

1064 1381 1214 1407 conantem,
1228 1376 1380 1403 mulieraria
1392 1385 1488 1403 manus
1499 1377 1549 1403 ista
1555 1376 1588 1402 de
1595 1376 1720 1403 manibus
1727 1377 1845 1403 emiserit
1855 1386 1860 1402 :

1064 1423 1112 1441 cur
1123 1423 1174 1441 non
1186 1413 1449 1449 comprehenderint:
1467 1422 1515 1440 cur
1526 1422 1577 1440 non
1590 1414 1676 1448 ipsius
1682 1413 1858 1444 confessione.

1065 1451 1210 1478 multorum
1222 1451 1317 1482 oculis,
1330 1450 1453 1477 facinoris
1464 1451 1581 1486 denique
1592 1459 1664 1482 voce,
1678 1451 1742 1477 tanti
1754 1450 1863 1478 sceleris

1064 1489 1165 1515 crimen
1181 1487 1381 1524 expresserint?
1403 1489 1443 1515 An
1459 1488 1598 1519 timebant,
1616 1497 1649 1515 ne
1660 1493 1697 1515 tot
1707 1496 1803 1520 unum,
1815 1497 1864 1514 va-

1065 1526 1149 1552 lentes
1164 1526 1346 1557 imbecillum,
1369 1525 1468 1552 alacres
1483 1527 1654 1561 perterritum
1669 1534 1795 1561 superare
1810 1534 1862 1553 non

1064 1563 1191 1599 possent?

1117 1600 1230 1627 Nullum
1242 1604 1431 1635 argumentum
1443 1601 1471 1626 in
1482 1608 1518 1631 re,
1533 1599 1606 1626 nulla
1617 1600 1737 1635 suspicio
1746 1600 1774 1626 in
1785 1607 1863 1626 caus-

1065 1646 1103 1668 sa,
1126 1637 1219 1664 nullus
1243 1639 1332 1664 exitus
1353 1638 1475 1664 criminis
1494 1638 1650 1672 reperietur.
1686 1638 1778 1672 Itaque
1798 1636 1863 1664 haec

1065 1683 1158 1701 caussa
1170 1675 1203 1701 ab
1215 1675 1390 1710 argumentis.
1407 1683 1420 1700 a
1431 1675 1591 1704 coniectura,
1604 1674 1638 1700 ab
1649 1675 1682 1700 iis
1693 1674 1787 1709 signis,
1801 1675 1864 1709 qui-

1065 1712 1117 1738 bus
1133 1713 1230 1739 veritas
1246 1711 1375 1738 illustrari
1391 1711 1467 1743 solet,
1480 1711 1513 1737 ad
1525 1716 1606 1737 testes
1618 1716 1669 1737 tota
1681 1711 1799 1737 traducta
1811 1716 1861 1738 est.

1065 1749 1137 1782 Quos
1152 1749 1263 1785 quidem
1279 1757 1328 1785 ego
1342 1754 1431 1780 testes,
1449 1748 1561 1779 iudices,
1580 1757 1631 1775 non
1648 1748 1726 1775 modo
1737 1749 1796 1775 sine
1806 1748 1863 1776 ullo

1065 1788 1168 1818 timore,
1190 1786 1238 1813 sed
1259 1787 1337 1813 etiam
1359 1795 1421 1812 cum
1442 1786 1531 1821 aliqua
1552 1795 1600 1821 spe
1615 1785 1798 1813 delectationis
1815 1795 1863 1813 ex·

1065 1830 1165 1859 specto.
1197 1825 1239 1850 67.
1262 1824 1407 1860 Praegestit
1427 1825 1534 1850 animus
1553 1824 1606 1850 iam
1623 1823 1726 1854 videre,
1744 1824 1862 1858 primum

1066 1862 1151 1888 lautos
1166 1862 1288 1892 iuvenes,
1307 1861 1429 1887 mulieris
1445 1861 1536 1887 beatae
1551 1869 1580 1886 ac
1592 1861 1690 1887 nobilis
1703 1860 1860 1888 familiares:

1065 1899 1161 1925 deinde
1183 1898 1263 1925 fortes
1284 1899 1366 1926 viros.
1385 1898 1418 1924 ab
1434 1899 1601 1933 imperatrice
1616 1899 1643 1924 in
1659 1898 1767 1924 insidiis
1783 1903 1863 1933 atque

1065 1937 1091 1962 in
1109 1936 1242 1972 praesidio
1258 1936 1414 1963 balnearum
1427 1935 1538 1962 locatos:
1560 1943 1594 1962 ex
1604 1935 1705 1971 quibus
1717 1936 1860 1971 requiram,

1064 1983 1182 2009 quonam
1203 1973 1282 2000 modo
1302 1973 1436 2004 latuerint,
1458 1977 1504 1999 aut
1524 1972 1586 1999 ubi:
1613 1972 1742 2000 alveusne
1757 1972 1811 2004 ille,
1829 1981 1862 2000 an

1065 2019 1152 2046 equus
1168 2012 1299 2038 Troianus
1314 2010 1403 2042 fuerit,
1420 2011 1468 2045 qui
1485 2015 1521 2036 tot
1536 2010 1652 2037 invictos
1667 2011 1749 2041 viros,
1766 2009 1863 2037 mulie-

1065 2049 1112 2075 bre
1127 2048 1229 2075 bellum
1244 2053 1376 2084 gerentes,
1394 2047 1485 2075 tulerit
1495 2056 1526 2074 ac
1537 2048 1640 2074 texerit.
1666 2047 1736 2074 Illud
1747 2055 1810 2074 vero
1820 2055 1863 2074 re-
1904 2040 1911 2054 *

1065 2086 1197 2121 spondere
1217 2094 1319 2122 cogam,
1341 2094 1390 2112 cur
1405 2090 1442 2112 tot
1455 2086 1507 2111 viri
1523 2093 1552 2111 ac
1568 2084 1633 2111 tales
1648 2084 1720 2111 hunc
1735 2089 1761 2111 et
1775 2093 1860 2111 unum

1065 2128 1090 2150 et
1110 2128 1162 2150 tam
1184 2123 1362 2154 imbecillum,
1384 2131 1467 2158 quam
1488 2122 1600 2153 videtis,
1617 2130 1670 2149 non
1685 2127 1732 2148 aut
1746 2126 1861 2149 stantem

1064 2161 1315 2196 comprehenderint
1335 2165 1381 2187 aut
1396 2159 1544 2196 fugientem
1560 2160 1695 2186 consecuti
1710 2159 1777 2186 sint:
1812 2159 1860 2194 qui

1065 2206 1093 2224 se
1109 2206 1257 2233 numquam
1269 2197 1394 2232 profecto,
1407 2198 1431 2224 si
1441 2198 1522 2224 istum
1533 2197 1562 2223 in
1573 2196 1661 2223 locum
1672 2197 1859 2231 processerint,

1065 2235 1251 2271 explicabunt:
1274 2243 1355 2270 quam
1367 2234 1457 2261 volent
1467 2235 1496 2261 in
1506 2233 1729 2264 conviviisfaceti,
1745 2233 1859 2265 dicaces,
1895 2243 1913 2265 ,¹

1065 2280 1269 2307 nonnumquam
1281 2272 1361 2298 etiam
1372 2271 1405 2298 ad
1414 2272 1508 2298 vinum
1514 2271 1607 2298 diserti
1613 2271 1676 2297 sint.
1697 2270 1813 2297 Aliafori
1819 2271 1862 2297 vis
1906 2287 1913 2308 χ.

1064 2315 1113 2341 est,
1131 2309 1182 2336 alia
1198 2309 1322 2336 triclinii:
1349 2309 1399 2335 alia
1414 2308 1606 2336 subselliorum
1621 2308 1696 2339 ratio,
1713 2307 1765 2334 alia
1780 2307 1862 2335 lecto·
1904 2328 1906 2331 .

1065 2356 1139 2374 rum:
1171 2355 1224 2373 non
1243 2346 1316 2373 idem
1336 2346 1459 2373 iudicum
1473 2346 1733 2379 comissatorumque
1747 2353 1862 2380 conspe-

1063 2389 1137 2411 ctus:
1165 2383 1213 2410 lux
1227 2384 1344 2419 denique
1361 2383 1438 2419 longe
1453 2383 1504 2410 alia
1519 2387 1558 2409 est
1573 2381 1638 2408 solis
1649 2390 1678 2408 ac
1691 2382 1859 2418 lychnorum.
1896 2380 1913 2401 ‘v'

1063 2422 1244 2454 Quamobrem
1259 2421 1428 2448 excutiemus
1443 2428 1536 2447 omnes
1547 2420 1660 2446 istorum
1670 2419 1790 2450 delicias,
1802 2428 1861 2446 om-

1065 2468 1112 2486 nes
1122 2459 1246 2494 ineptias,
1260 2459 1283 2484 si
1295 2458 1451 2494 prodierint.
1473 2456 1535 2488 Sed,
1548 2457 1572 2482 si
1583 2465 1626 2482 me
1637 2456 1755 2487 audiant,
1763 2461 1861 2483 navent
1896 2461 1897 2464 ’

1064 2496 1143 2523 aliam
1159 2504 1276 2531 operam,
1295 2496 1373 2522 aliam
1389 2496 1479 2522 ineant
1493 2494 1615 2530 gratiam,
1628 2494 1656 2520 in
1667 2493 1728 2520 aliis
1739 2502 1767 2520 se
1778 2493 1861 2520 rebus
1895 2494 1898 2511 ἵ
1912 2503 1913 2507 ’

1063 2538 1210 2560 ostentent:
1242 2534 1350 2569 vigeant
1365 2532 1437 2567 apud
1452 2533 1532 2558 istam
1547 2531 1689 2557 mulierem
1709 2535 1857 2561 venustate,
1895 2527 1898 2551 ἶ

1064 2571 1236 2598 dominentur
1250 2570 1420 2605 sumptibus,
1442 2569 1576 2599 haereant,
1603 2569 1718 2600 iaceant,
1740 2568 1860 2595 deservi-—

1064 2613 1122 2640 ant3
1144 2608 1225 2642 capiti
1236 2617 1298 2634 vero
1309 2606 1458 2634 innocentis
1469 2610 1495 2632 et
1506 2605 1619 2632 fortunis
1631 2609 1748 2640 parcant.

1118 2645 1219 2671 XXIX.
1237 2647 1278 2671 68.
1295 2645 1328 2671 At
1342 2649 1407 2670 sunt
1419 2643 1490 2669 servi
1506 2643 1546 2669 illi
1562 2643 1595 2669 de
1610 2647 1782 2678 cognatorum
1796 2650 1860 2669 sen-

1064 2683 1158 2714 tentia,
1182 2682 1411 2709 nobilissimorum
1430 2685 1456 2707 et
1475 2680 1686 2707 clarissimorum
1705 2679 1856 2712 hominum,
