1941 3052
244 128 307 153 ⁴152
824 126 879 151 ⁴25.
911 124 945 150 M.

240 198 318 233 ptnm·
332 198 446 232 positum
466 197 490 222 in
507 195 606 221 sinibus
623 195 751 220 bonorum
767 199 792 221 et
808 194 953 224 malorum.
972 203 1032 229 per·
1053 194 1063 220 l‘

241 239 369 270 purgatus«
380 239 419 259 cst
432 234 453 259 is
466 233 538 258 lot-us
550 242 562 257 a
575 232 652 258 nobiti
663 232 784 266 quinque
797 231 873 257 litu-ia
882 252 887 262 ,
906 236 947 262 ut,
965 231 1031 266 quid

240 282 253 297 n
265 280 381 306 «pioque,
397 276 421 296 υι
433 269 497 304 quid
508 274 596 295 eontra
608 277 743 303 quemque
756 268 946 303 philosophum
959 268 1032 294 dice-

242 314 325 338 retur,
350 307 461 339 intelligi
479 310 576 340 possi-t.
617 306 737 331 Totidem
755 305 892 331 subsecuti
907 306 967 332 libri
983 306 1032 332 Tu-

239 348 404 370 srulmmrum
415 346 615 375 elisqmmlimium
631 352 672 368 res
684 343 716 368 ad
730 343 803 369 beate
817 343 963 368 vivendum
976 352 1032 369 ma-

242 383 312 408 ximi·
335 381 496 406 :necessarias
518 385 688 414 aperuerunt.
731 381 836 406 Primus
855 381 926 406 enim
944 385 983 406 est
998 379 1031 405 de

239 417 431 444 contutum-mla
445 422 539 448 moi-tm
553 416 689 443 secundus
701 417 984 446 (letoleramlo‹lolore;
999 417 1031 443 dc
1053 408 1055 420 ³

239 454 406 488 aegritudini·
420 454 541 480 lenienda
555 455 660 485 tertius;
684 460 795 489 quartus
806 454 838 480 de
851 454 963 489 reliquis
973 456 1031 480 ani-
1052 454 1061 492 2

240 494 274 518 mi
292 491 550 526 perturbationihus·,
573 492 685 526 quintus
701 501 762 517 cum
775 492 861 517 locum
873 492 1031 526 complexus
1053 516 1054 519 ,

238 534 290 559 cst,
308 529 355 563 qui
373 533 451 554 totam
469 528 667 563 philosophiam
680 530 796 555 maxime
810 528 936 560 illustrat3
955 529 1032 554 docet

239 609 300 630 tam.
342 605 365 629 3.
382 602 487 635 Quibus
503 602 603 639 [rebus]
617 603 696 629 editis
709 608 761 629 tres
775 603 835 629 libri
849 603 957 638 perfecti
969 608 1032 629 sunt

237 643 267 666 dc·
278 645 372 666 ruitura
383 642 500 670 ‹lt-orum,
519 641 545 666 in
560 640 661 675 quibus
677 641 764 666 omnis
778 641 836 666 eius
850 640 898 667 loci
910 641 1031 675 quaestio
1052 651 1054 676 ᾗ

237 679 397 704 continetur.
437 677 510 709 Quae
523 682 551 703 ut
567 677 643 712 plene
659 683 729 704 esset
742 677 932 713 cumulateque
944 677 1031 712 perse-

237 721 290 745 cta.
304 715 336 740 dc
348 715 513 741 divinatione
525 715 639 749 ingressi
651 723 746 741 sumus
758 715 800 741 his
814 715 890 741 libris
901 715 1029 741 scribere.

237 753 342 784 Quibus
354 752 392 787 (ut
403 757 443 778 est
456 753 481 778 in
493 753 592 786 animo)
602 752 635 778 de
648 752 698 778 suto
709 753 732 778 si
744 753 963 783 adiunxerimus,
981 753 1031 778 erit

237 789 344 816 abunde
360 789 525 815 satisfactum
543 790 588 816 toti
605 790 668 815 huic
683 791 845 824 quaestioni.
885 791 971 824 Atque
989 789 1030 815 his

239 826 314 853 libris
330 826 524 853 adnumerandi
539 831 601 852 sunt
615 830 703 853 sexde
716 828 863 860 Republica,
884 836 952 862 quos
968 832 1030 853 tunc

237 864 411 898 scripsimus,
432 873 516 898 quum
532 863 714 899 gubernacula
736 864 900 898 reipublicae
922 864 1031 890 teneba-
1052 866 1054 884 l

237 910 308 928 mus.
337 902 449 934 Magnus
462 901 534 927 locus
547 901 787 936 philosophiaeque
799 903 932 936 proprius,
946 911 960 927 a
972 901 1031 927 l‘la-

237 943 305 969 tone,
320 938 468 969 Aristotele,
484 938 666 973 Theophrasto
679 943 783 973 totaque
795 939 1029 973 Peripateticorum

234 975 339 1002 ⁴familia
352 980 476 1002 tractatus
491 975 636 1002 uberrime.
678 976 742 1002 Nam
753 976 820 1011 quid
831 985 880 1011 ego
891 976 923 1002 de
938 977 1031 1002 Conso-

237 1015 331 1039 latione
345 1013 451 1039 dicam‘?
470 1021 538 1047 quae
555 1013 622 1039 mihi
637 1013 748 1048 quidem
766 1014 816 1048 ipsi
833 1022 896 1040 sane
907 1013 1031 1048 aliquan-

238 1055 293 1076 tum
306 1050 440 1076 medetur:
463 1050 559 1076 ceteris
575 1051 637 1076 item
650 1050 764 1076 multum
777 1050 851 1076 illam
863 1050 1029 1085 profuturam

237 1092 310 1122 puto.
352 1088 507 1113 Interiectus
518 1092 558 1113 est
569 1089 648 1114 etiam
660 1096 746 1122 nuper
758 1087 826 1114 liber
842 1089 878 1118 is,
901 1097 982 1122 quem
997 1087 1029 1113 ad

237 1130 357 1151 nostrum
372 1125 488 1151 Atticum
504 1127 534 1150 de
548 1126 679 1151 Senectute
695 1125 830 1151 misimus.
871 1126 899 1151 In
920 1126 1031 1160 primis-

235 1170 297 1196 que,
311 1162 437 1196 quoniam
451 1161 620 1196 philosophia
632 1163 673 1188 vir
684 1162 770 1188 honus
781 1162 898 1188 eflicitur
908 1167 933 1188 et
945 1162 1028 1193 sortis,

238 1199 301 1225 Cato
316 1203 404 1225 noster
417 1200 442 1225 in
455 1199 549 1225 horum
563 1199 692 1225 librorum
705 1208 816 1226 numero
828 1199 968 1234 ponendus
979 1205 1028 1226 est.

237 1237 261 1262 t.
279 1236 423 1271 Quumque
434 1236 601 1267 Aristoteles,
620 1237 738 1272 itemque
750 1237 964 1272 Theophrastus.
982 1246 1031 1264 ex-

235 1273 361 1299 cellentes
374 1273 424 1299 viri
436 1282 520 1308 quum
532 1273 679 1300 subtilitate
691 1279 748 1300 tum
759 1276 834 1309 copia
843 1295 849 1305 ‚
867 1283 928 1300 cum
940 1274 1030 1310 philo-

235 1310 329 1345 sophia
345 1310 452 1337 dicendi
468 1311 547 1337 etiam
564 1316 702 1346 praecepta
721 1312 922 1342 coniunxerint,
946 1312 1029 1339 nostri

235 1356 342 1383 quoque
358 1348 464 1374 oratorii
482 1348 543 1374 libri
560 1349 586 1374 in
604 1348 728 1375 eumdem
741 1358 883 1375 numerum
896 1349 1029 1376 referendi
1051 1364 1053 1385 i

236 1385 370 1411 videntur.
412 1386 447 1411 lta
463 1389 515 1412 tres
525 1391 603 1412 erunt
613 1388 643 1412 de
655 1386 777 1413 Oratore:
794 1392 906 1421 quartus
918 1387 1028 1414 Brutus:
1051 1407 1053 1424 ¹.

234 1423 346 1457 quintus
359 1423 462 1449 Orator.
503 1423 534 1449 11.
556 1422 652 1449 Adhuc
668 1423 733 1450 haec
749 1429 833 1450 erant.
873 1423 913 1450 Ad
925 1423 1028 1459 reliqua
1050 1444 1052 1459 ⁴

234 1459 315 1486 alacri
331 1459 506 1486 tendebamus
528 1461 630 1493 animo;
653 1461 692 1486 sic
707 1462 804 1495 parati,
828 1466 870 1492 ut,
892 1463 945 1488 nisi
960 1470 1029 1496 quae

234 1505 328 1523 caussa
339 1498 447 1532 gravior
457 1497 613 1528 obstitisset,
623 1497 728 1524 nullum
741 1498 928 1533 philosophiae
941 1498 1027 1525 locum

233 1542 292 1560 esse
305 1539 464 1569 pateremur,
477 1535 588 1569 quinon
601 1535 703 1561 Latinis
715 1535 808 1562 litteris
821 1535 970 1563 illustratus
981 1545 1029 1571 pa-

235 1576 309 1597 teret.
350 1571 427 1603 Quod
442 1572 514 1598 enim
534 1581 633 1598 munus
651 1573 816 1607 reipublicae
832 1573 924 1600 ass'erre
941 1574 1028 1600 maius

235 1608 366 1635 meliusve
382 1617 540 1643 possumus,
563 1618 643 1644 quam
660 1610 683 1636 si
699 1610 827 1636 docemus
843 1615 922 1645 atque
936 1611 1029 1637 erudi-

235 1654 295 1671 mus
307 1645 492 1672 iuventutem?
508 1646 550 1672 his
566 1648 721 1681 praesertim
738 1647 860 1674 moribus
870 1653 949 1683 atque
961 1653 1029 1674 tem—

234 1683 359 1717 poribus,
377 1683 478 1718 quihus
495 1684 528 1709 ita
544 1683 666 1719 prolapsa
683 1689 736 1716 est,
754 1689 783 1711 ut
798 1685 918 1711 omnium
930 1685 1029 1720 opibus

234 1719 392 1746 refrenanda
413 1728 444 1746 ac
463 1721 609 1747 coercenda
629 1722 673 1748 sit.
714 1723 738 1748 5.
761 1723 815 1748 Nec
836 1731 899 1748 vero
915 1723 942 1749 id
957 1722 1028 1749 effici

233 1765 312 1792 posse
328 1757 444 1788 confido,
462 1758 533 1793 quod
550 1767 582 1784 ne
598 1758 790 1793 postulandum
801 1759 912 1794 quidem
928 1765 982 1791 est,
1000 1765 1029 1786 ut

233 1803 327 1821 omnes
347 1794 528 1821 adolescentes
547 1804 575 1821 se
600 1795 632 1821 ad
658 1796 723 1822 haec
748 1796 836 1822 studia
861 1802 1026 1823 convertant.

233 1831 314 1858 Pauci
327 1832 441 1858 utinam!
460 1841 574 1867 quorum
588 1837 675 1859 tamen
688 1834 714 1859 in
726 1833 865 1868 republica
877 1833 927 1860 late
938 1839 1028 1869 patere

234 1869 330 1903 poterit
342 1869 484 1896 industria.
519 1869 652 1904 Equidem
664 1879 697 1896 ex
708 1870 752 1896 his
763 1871 842 1896 etiam
855 1870 971 1897 fructum
983 1880 1029 1898 ca-

233 1906 279 1940 pio
295 1905 394 1932 laboris
409 1907 475 1937 mei,
493 1907 541 1941 qui
556 1907 608 1933 iam
620 1912 703 1934 aetate
714 1908 833 1942 provecti
845 1908 873 1934 in
885 1909 983 1935 nostris
995 1909 1028 1935 li-

234 1943 291 1969 bris
302 1943 490 1977 acquiescunt:
512 1952 627 1978 quorum
639 1944 728 1970 studio
740 1944 847 1980 legendi
859 1954 949 1972 meum
960 1947 1028 1972 scri-

234 1979 316 2006 bendi
336 1980 456 2006 studium
477 1980 664 2007 vehementius
686 1981 772 2007 indies
794 1983 932 2009 incitatur:
959 1992 1027 2018 quos

234 2017 345 2052 quidem
358 2016 458 2051 plures,
471 2026 552 2052 quam
564 2018 654 2049 rebar,
668 2027 726 2044 esse
737 2020 861 2054 cognovi.
903 2021 1027 2056 Magnifi-

233 2063 295 2080 cum
312 2053 380 2080 illud
401 2055 481 2080 etiam
498 2055 679 2090 Romanisque
695 2055 852 2082 hominibus
866 2057 1024 2092 gloriosum,

233 2096 263 2118 ut
273 2091 383 2118 Graecis
393 2091 426 2117 de
437 2091 607 2127 philosophia
619 2092 713 2119 litteris
724 2102 776 2120 non
786 2099 890 2129 egeant.
912 2096 936 2121 6.
949 2094 1026 2127 Quod

233 2137 362 2163 assequar
377 2128 506 2163 profecto,
528 2130 551 2155 si
573 2130 693 2156 instituta
714 2130 859 2165 perfecero.
899 2132 937 2158 Ac
957 2132 1026 2159 mihi

232 2165 343 2201 quidem
355 2165 529 2200 explicandae
540 2166 726 2202 philosophiae
737 2176 861 2194 caussam
871 2168 1027 2206 attulitgra-

233 2203 274 2229 vis
286 2211 365 2229 casus
375 2204 505 2234 civitatis,
528 2212 613 2238 quum
625 2205 652 2230 in
664 2206 746 2231 armis
756 2205 886 2232 civilibus
899 2214 946 2233 nec
957 2207 1026 2233 tueri

232 2248 292 2267 meo
303 2248 374 2266 more
386 2240 591 2275 rempublicam,
600 2250 649 2268 nec
660 2242 728 2268 nihil
740 2251 818 2278 agere
829 2248 957 2278 poteram,
966 2253 1024 2276 nec,

231 2277 298 2312 qnid
310 2277 409 2312 potius,
422 2277 494 2313 quod
506 2278 616 2313 quidem
629 2287 670 2305 me
681 2279 796 2315 dignum
807 2285 890 2311 esset,
907 2289 1023 2317 agerem,

232 2315 409 2349 reperiebam.
449 2314 555 2341 Dabunt
570 2316 653 2351 igitur
668 2317 736 2342 mihi
752 2318 859 2343 veniam
876 2319 929 2344 mei
940 2319 1023 2350 cives,

232 2351 274 2377 vel
289 2353 402 2387 gratiam
419 2353 508 2386 potius
524 2352 675 2384 habebunt,
697 2354 782 2388 quod,
805 2363 892 2389 quum
912 2361 983 2382 esset
997 2356 1025 2382 in

232 2389 312 2414 unius
324 2393 452 2423 potestate
463 2389 629 2424 respublica,
643 2399 731 2425 neque
742 2399 791 2427 ego
802 2400 845 2418 me
857 2392 963 2424 abdidi,
978 2401 1021 2419 ne-

231 2433 284 2459 que
294 2425 414 2456 deserui,
433 2434 520 2461 neque
531 2426 615 2453 afflixi
627 2436 714 2462 neque
726 2429 761 2454 ita
775 2430 863 2464 gessi,
881 2430 959 2464 quasi
976 2430 1024 2457 ho—

232 2462 299 2488 mini
310 2468 355 2489 aut
365 2464 532 2498 temporibus
543 2465 639 2495 iratus,
658 2473 744 2500 neque
759 2466 794 2492 ita
810 2474 887 2500 porro
901 2472 946 2493 aut
957 2467 1025 2493 adu-

233 2497 300 2524 latus
311 2504 355 2525 aut
365 2500 512 2527 admiratus
523 2501 656 2528 fortunam
667 2511 727 2528 sum
738 2502 857 2535 alterius,
866 2508 943 2530 utme
950 2513 1024 2530 meae

232 2536 386 2568 poeniteret.
426 2537 455 2563 ld
467 2539 539 2564 enim
552 2540 642 2573 ipsum
653 2547 667 2565 a
678 2539 786 2566 Platone
797 2540 1024 2577 philosophiaque

231 2571 391 2603 didiceram,
413 2575 546 2602 naturales
561 2584 620 2602 esse
636 2576 766 2611 quasdam
782 2579 971 2605 conversiones
981 2587 1024 2605 re-

231 2616 291 2634 rum
303 2609 480 2643 publicarum,
489 2617 518 2639 ut
527 2621 572 2639 eae
584 2618 640 2640 tum
652 2622 666 2639 a
676 2614 847 2649 principibus
858 2619 1020 2646 tenerentur,

231 2649 287 2671 tum
300 2653 312 2671 a
324 2646 440 2681 populiS,
452 2648 597 2684 aliquando
606 2659 620 2676 a
631 2650 758 2687 singulis.
797 2652 823 2678 7.
845 2651 922 2685 Quod
936 2661 1022 2689 quum

1060 216 1063 234 l

238 567 308 592 enim
321 566 352 591 nd
365 566 441 592 beate
454 566 600 591 vivendum
613 566 738 592 virtutem
750 576 777 592 se
790 567 846 601 ipsa
858 571 1032 592 esseconten-
1053 560 1061 602 J

978 124 1009 151 T.
1039 124 1311 151 CtCEssoNts

1084 194 1225 221 isc-vidisset
1245 199 1348 221 nostrae
1371 194 1549 230 reipublicae,
1572 201 1627 222 tum
1649 197 1770 231 pristinis
1790 197 1876 224 orbati

1085 232 1243 258 muneribus
1256 232 1320 258 haec
1332 232 1420 258 studia
1433 241 1559 259 renovare
1570 235 1721 268 coepimus.
1741 240 1768 261 ut
1782 240 1807 261 et
1818 236 1877 262 ani-

1085 278 1144 295 mun
1157 269 1286 295 molestiis
1300 269 1348 295 hac
1360 270 1530 304 potisfflmum
1543 279 1569 296 re
1582 270 1755 301 levare-tonet
1766 272 1877 306 prodes-

1084 315 1175 332 semus
1186 306 1294 332 civibus
1309 307 1416 336 nostrin.
1432 315 1485 341 qua
1496 316 1523 333 re
1533 315 1650 343 cumque
1662 317 1812 343 possemus.
1848 310 1875 337 in

1085 344 1161 369 libris
1183 344 1254 369 enim
1271 345 1430 370 sententiam
1447 344 1618 375 dicebamus.
1640 347 1875 377 concionabantur.

1084 380 1282 415 philosophiam
1294 381 1371 407 nobis
1383 390 1430 416 pro
1442 381 1606 416 reipublicae
1617 385 1800 416 procuratione
1811 383 1877 410 sub-

1083 419 1202 444 stitutam
1220 418 1391 452 putabamus.
1433 419 1521 448 Nunc,
1543 420 1670 453 quoniam
1685 420 1718 446 de
1739 420 1877 456 republica

1083 455 1281 490 ‹·0nstilicoepti
1293 464 1398 484 sumus.
1407 456 1548 482 tribiienda
1560 461 1600 482 est
1610 465 1689 491 opera
1701 458 1875 493 reipublicae.

1085 492 1125 518 vel
1137 493 1225 518 omnis
1237 493 1325 527 potius
1338 494 1364 519 in
1376 502 1405 518 ea
1417 493 1541 527 cogitatio
1552 499 1577 519 et
1588 502 1650 520 cura
1665 495 1800 529 ponenda:
1819 501 1877 522 tan-

1084 535 1139 555 tum
1157 530 1220 555 huic
1236 529 1326 556 studio
1347 529 1569 564 relinquendum,
1591 537 1722 565 quantum
1744 533 1848 559 vacabit
1863 542 1876 559 a

1084 567 1193 601 publico
1207 566 1296 593 officio
1311 572 1336 593 ct
1352 575 1472 593 munere.
1513 567 1566 593 Sed
1584 568 1647 594 haec
1659 568 1724 595 alias
1736 569 1873 604 pluribus:

1083 613 1154 630 nunc
1166 603 1198 630 ad
1210 605 1357 630 institutam
1369 604 1579 639 disputationem
1591 611 1765 633 revertamur.

1139 642 1180 667 ΙΙΙ.
1203 644 1227 667 8.
1251 642 1316 667 Nam
1332 650 1416 676 quum
1432 641 1465 667 de
1484 641 1649 669 divinatione
1665 643 1782 676 Quintus
1799 643 1878 671 frater

1083 687 1112 704 ca
1123 678 1310 709 disseruisset,
1325 687 1394 713 quae
1406 680 1543 713 superiore
1557 679 1624 706 libro
1635 681 1733 715 scripta
1745 686 1820 711 sunt,
1834 690 1879 708 sa-

1083 717 1171 750 tisque
1183 715 1349 742 ambulatum
1363 716 1507 746 videretur,
1521 722 1577 743 tum
1591 718 1616 743 in
1629 717 1877 754 bibliotheca,quae

1084 754 1109 779 in
1123 754 1209 789 Lyceo
1220 758 1268 783 est,
1282 753 1444 779 assedimus.
1469 754 1555 788 Atque
1565 763 1623 789 ego,
1637 755 1765 782 Accurate
1776 761 1803 782 tu
1815 757 1877 791 qui-

1083 790 1154 820 dem,
1168 791 1289 825 inquam,
1302 791 1410 822 Quinte.
1423 796 1449 817 et
1459 790 1546 817 Stoice
1557 792 1705 818 Stoicorum
1717 794 1876 820 sententiam

1083 827 1242 854 defendisti:
1265 828 1392 863 quodque
1409 836 1450 854 me
1472 829 1588 855 maxime
1603 829 1728 860 delectat,
1751 830 1877 865 plurimis

1083 866 1180 891 nostris
1191 865 1324 900 exemplis
1335 874 1401 891 usus
1412 874 1453 896 es,
1476 871 1501 892 et
1516 867 1551 892 iis
1566 867 1676 901 quidem
1688 867 1767 894 claris
1778 872 1803 894 et
1815 867 1878 894 illu-

1082 902 1194 929 stribus.
1229 902 1376 928 Dicendum
1388 907 1429 929 est
1440 903 1506 928 mihi
1520 904 1602 938 igitur
1613 903 1645 930 ad
1657 913 1696 934 ea,
1709 913 1779 940 quae
1790 910 1853 931 sunt
1863 913 1877 931 a

1083 945 1106 966 te
1119 939 1201 969 dicta,
1220 939 1266 966 sed
1284 941 1331 970 ita,
1350 939 1418 966 nihil
1434 939 1618 971 utaflirmem,
1635 950 1762 976 quaeram
1776 943 1874 971 omnia,

1082 976 1210 1003 dubitans
1221 976 1390 1012 plerumque,
1407 978 1510 1003 etmihi
1523 979 1580 1012 ipse
1593 978 1730 1005 diffidens.
1765 979 1876 1006 sienim

1083 1014 1186 1049 aliquid
1197 1016 1261 1040 certi
1270 1014 1404 1044 haberem,
1413 1014 1485 1049 quod
1496 1015 1612 1041 dicerem
1622 1025 1626 1047 ς
1641 1024 1690 1051 ego
1702 1017 1758 1051 ipse
1769 1016 1877 1043 divina-

1083 1060 1147 1081 rem,
1162 1052 1209 1086 qui
1221 1060 1280 1077 esse
1291 1051 1485 1077 divinationem
1497 1061 1574 1088 nego.
1609 1054 1633 1079 9.
1650 1054 1755 1080 Etenim
1767 1062 1809 1080 me
1820 1062 1877 1080 mo·

1059 1095 1061 1118 ῑ
1083 1094 1126 1115 vet
1137 1088 1217 1119 illud,
1235 1088 1307 1123 quod
1320 1089 1346 1114 in
1357 1089 1453 1123 primis
1464 1089 1614 1116 Carneades
1625 1099 1752 1125 quaerere
1763 1091 1875 1120 solebat.

1059 1126 1061 1156 ,¹
1082 1134 1261 1161 quarumnam
1281 1134 1369 1152 rerum
1389 1125 1520 1152 divinatio
1540 1132 1623 1153 esset:
1645 1136 1786 1158 earumne,
1808 1137 1877 1163 quae

1082 1163 1209 1190 sensibus
1220 1162 1440 1198 perciperentur?
1450 1163 1483 1189 At
1492 1172 1538 1190 eas
1549 1164 1659 1199 quidem
1671 1166 1817 1196 cernimus.
1829 1174 1878 1192 au-

1082 1201 1186 1230 dimus,
1204 1205 1359 1236 gustamus,
1376 1199 1532 1230 olfacimus,
1550 1203 1696 1237 tangimus.
1737 1202 1877 1238 Numquid

1081 1246 1145 1273 ergo
1158 1238 1183 1264 in
1197 1238 1229 1263 iis
1242 1237 1322 1263 rebus
1333 1242 1386 1268 est,
1407 1238 1479 1272 quod
1493 1239 1646 1272 provisione
1657 1244 1702 1266 aut
1713 1241 1878 1275 permotione

1082 1276 1179 1302 mentis
1186 1275 1282 1310 magis,
1290 1283 1371 1310 quam
1379 1280 1471 1301 natura
1483 1276 1540 1310 ipsa
1551 1277 1719 1303 sentiamus?
1730 1278 1775 1304 ut⁸
1787 1278 1878 1304 nescio

1081 1313 1128 1348 qui
1141 1312 1186 1338 ille
1198 1312 1324 1343 divinus,
1347 1312 1370 1338 si
1381 1311 1468 1339 oculis
1477 1318 1572 1348 captus
1583 1315 1631 1345 sit,
1649 1319 1678 1341 ut
1689 1315 1804 1342 Tiresias
1816 1315 1875 1345 suit.

1082 1351 1174 1385 possit,
1188 1358 1257 1385 quae
1269 1349 1328 1376 alba
1339 1350 1401 1379 sint,
1415 1358 1484 1384 quae
1496 1351 1581 1386 nigra,
1594 1351 1702 1378 dicere‘?
1712 1357 1770 1383 aut,
1783 1353 1806 1379 si
1817 1361 1878 1379 sur-

1081 1387 1133 1414 dus
1144 1388 1187 1417 sit,
1202 1388 1342 1413 varietates
1355 1395 1451 1413 vocum
1462 1393 1508 1414 aut
1518 1389 1611 1415 modos
1624 1389 1750 1416 noscere‘?
1764 1389 1804 1417 Ad
1815 1389 1877 1416 nul-

1083 1424 1133 1451 lam
1146 1425 1230 1460 igitur
1240 1433 1332 1450 earum
1344 1432 1447 1455 rerum,
1460 1433 1530 1460 quae
1541 1435 1621 1452 sensu
1634 1427 1816 1462 accipiuntur,
1833 1427 1878 1453 di-

1081 1463 1182 1488 vinatio
1193 1462 1347 1488 adhibetur.
1364 1462 1446 1496 Atqui
1458 1471 1490 1488 ne
1503 1464 1575 1490 iniis
1585 1463 1697 1499 quidem
1709 1464 1877 1500 rebus.quae

1081 1505 1135 1526 arte
1148 1504 1305 1529 tractantur.
1323 1498 1489 1526 divinatione
1499 1509 1568 1535 opus
1582 1506 1631 1527 est.
1672 1502 1776 1528 Etenim
1788 1501 1820 1528 ad
1831 1510 1877 1528 ae-

1080 1546 1141 1572 gros
1153 1545 1205 1563 non
1217 1541 1290 1563 vates
1301 1541 1347 1562 aut
1358 1536 1487 1567 hariolos,
1511 1537 1558 1564 sed
1570 1538 1688 1566 medicos
1699 1538 1818 1566 solemus
1828 1538 1877 1565 ad-

1080 1574 1192 1600 ducere:
1210 1582 1258 1600 nec
1270 1582 1345 1604 vero,
1359 1574 1406 1608 qui
1418 1574 1519 1602 fidibus
1529 1580 1575 1602 aut
1586 1576 1661 1603 tibiis
1673 1577 1711 1603 uti
1724 1576 1829 1608 volunt,
1842 1576 1876 1603 ab

1081 1611 1272 1646 haruspicibus
1284 1611 1421 1645 accipiunt
1433 1620 1525 1639 earum
1536 1614 1803 1644 tractationem,seda
1815 1622 1877 1640 mu-

1080 1649 1154 1675 sicis.
1198 1650 1237 1674 lo.
1259 1648 1359 1674 Eadem
1370 1649 1397 1674 in
1411 1648 1505 1676 litteris
1517 1652 1582 1677 ratio
1593 1655 1642 1681 est,
1655 1651 1823 1686 reliquisque
1834 1659 1876 1677 re-

1081 1686 1141 1716 bus,
1155 1694 1269 1720 quarum
1281 1690 1320 1711 est
1331 1685 1486 1720 disciplina.
1520 1687 1591 1713 Num
1602 1696 1696 1714 censes
1707 1696 1762 1719 eos,
1775 1689 1823 1723 qui
1833 1688 1876 1715 di-

1081 1723 1172 1749 vinare
1183 1722 1319 1753 dicuntur,
1333 1731 1412 1757 posse
1423 1724 1593 1758 respondere,
1607 1725 1645 1751 sol
1658 1725 1875 1761 maiorne,quam

1081 1765 1148 1786 terra
1158 1759 1210 1786 sit‘?
1220 1768 1252 1785 an
1265 1764 1363 1789 tantus.
1376 1766 1494 1794 quantus
1506 1761 1646 1788 videatur?
1660 1762 1722 1789 luna
1732 1771 1782 1789 suo
1794 1762 1876 1789 lumi-

1081 1806 1127 1828 ne,
1145 1806 1177 1823 an
1189 1796 1254 1823 solis
1266 1795 1373 1823 utatur?
1389 1797 1442 1828 sol,
1461 1797 1523 1824 luna
1534 1807 1615 1833 quem
1628 1805 1730 1826 motum
1743 1800 1876 1827 habeant?

1080 1843 1161 1869 quem
1173 1835 1295 1869 quinque
1304 1833 1406 1865 stellae,
1414 1843 1483 1870 quae
1489 1836 1728 1863 erraredicuntur‘!
1739 1837 1872 1867 Nechaec,

1079 1872 1127 1906 qui
1138 1871 1227 1897 divini
1239 1871 1384 1902 habentur,
1402 1872 1560 1907 profitentur
1570 1882 1598 1900 se
1610 1882 1669 1900 esse
1679 1874 1812 1907 dicturos;
1827 1883 1875 1901 nec

1080 1917 1185 1938 eorum,
1203 1916 1272 1943 quae
1289 1910 1315 1935 in
1331 1910 1477 1944 geometria
1492 1910 1696 1942 describuntur,
1717 1920 1786 1947 quae
1801 1920 1872 1943 vera,

1079 1954 1147 1981 quae
1163 1945 1227 1972 falsa
1244 1947 1310 1978 sint·,
1329 1951 1393 1973 sunt
1407 1948 1479 1973 enim
1494 1956 1523 1973 ea
1539 1949 1803 1980 mathematicorum,
1821 1958 1875 1976 non

1081 1983 1253 2009 hariolorum.
1295 1983 1338 2010 lV.
1359 1984 1395 2010 De
1406 1984 1462 2010 illis
1473 1993 1536 2011 vero
1547 1985 1642 2016 rebus,
1658 1994 1727 2021 quae
1742 1987 1770 2013 in
1784 1986 1875 2021 philo-

1078 2021 1173 2056 sophia
1185 2026 1334 2052 versantur,
1348 2022 1481 2057 numquid
1492 2027 1545 2053 est,
1561 2023 1634 2058 quod
1644 2024 1790 2058 quisquam
1801 2023 1874 2050 divi-

1079 2067 1174 2084 norum
1186 2063 1231 2084 aut
1242 2058 1402 2093 respondere
1412 2058 1495 2086 soleat
1505 2064 1551 2086 aut
1560 2060 1678 2090 consuli,
1694 2060 1761 2096 quid
1773 2060 1874 2087 bonum

1056 2103 1057 2108 ¹
1078 2096 1122 2126 sit,
1134 2095 1202 2130 quid
1214 2095 1326 2127 malum,
1339 2096 1405 2130 quid
1417 2097 1561 2123 neutrum?
1574 2097 1643 2124 Sunt
1652 2099 1724 2124 enim
1736 2097 1801 2124 haec
1811 2107 1874 2133 pro-

1078 2134 1135 2167 pria
1147 2132 1380 2167 philosophorum.
1423 2135 1462 2159 Η.
1483 2133 1574 2166 Quid?
1587 2134 1621 2161 de
1633 2134 1723 2161 officio
1734 2143 1799 2161 num
1809 2136 1873 2170 quis

1079 2170 1250 2205 haruspicem
1261 2169 1386 2201 consulit,
1398 2171 1627 2205 quemadmodum
1638 2173 1674 2198 sit
1681 2180 1744 2198 cum
1754 2173 1874 2207 parenti—

1078 2207 1138 2238 bus,
1152 2216 1213 2233 cum
1226 2206 1363 2238 fratribus,
1376 2216 1439 2234 cum
1450 2209 1544 2234 amicis
1556 2208 1723 2235 vivendum?
1741 2209 1873 2244 quemad—

1078 2244 1188 2271 modum
1209 2244 1339 2271 utendum
1356 2245 1489 2280 pecunia?
1507 2245 1737 2280 quemadmodum
1755 2246 1873 2273 honore?

1077 2281 1307 2317 quemadmodum
1323 2282 1454 2317 imperio?
1468 2282 1509 2309 Ad
1524 2283 1658 2318 sapientes
1674 2283 1752 2313 haec.
1770 2291 1821 2310 non
1837 2283 1873 2310 ad

1077 2319 1184 2345 divinos
1200 2318 1293 2345 referri
1308 2319 1403 2346 solent.
1438 2319 1528 2352 Quid?
1546 2328 1616 2355 quae
1631 2329 1645 2346 a
1659 2319 1810 2347 Dialecticis
1825 2325 1873 2348 aut

1076 2356 1200 2392 Physicis
1212 2361 1369 2387 tractantur,
1389 2365 1453 2383 num
1464 2357 1527 2392 quis
1537 2365 1630 2384 eorum
1640 2357 1763 2383 divinare
1774 2362 1869 2392 potest,

1076 2402 1182 2420 unusne
1193 2393 1312 2420 mundus
1319 2395 1363 2425 sit,
1371 2403 1404 2420 an
1415 2393 1525 2429 plures?
1537 2403 1606 2429 quae
1617 2395 1672 2421 sint
1682 2394 1757 2421 initia
1768 2403 1868 2426 rerum,

1075 2439 1109 2457 ex
1120 2431 1222 2466 quibus
1233 2436 1379 2457 nascuntur
1387 2430 1495 2458 omnia?
1507 2431 1683 2467 Physioorum
1694 2436 1734 2458 est
1743 2432 1793 2458 ista
1805 2441 1872 2467 pru-

1075 2467 1175 2495 dentia.
1215 2467 1354 2500 Quomodo
1365 2473 1454 2495 autem
1470 2469 1657 2499 mentientem,
1674 2477 1756 2503 quem
1770 2469 1869 2505 ψευδό-

1073 2516 1153 2540 μενον
1164 2510 1268 2536 vocant,
1281 2505 1433 2532 dissolvas?
1446 2510 1492 2532 aut
1501 2505 1731 2540 quemadmodum
1742 2507 1818 2533 soriti
1827 2514 1870 2533 re—

1075 2541 1173 2569 sistas?
1192 2543 1309 2578 quem‚si
1319 2551 1429 2569 necesse
1439 2543 1488 2573 sit,
1505 2543 1599 2569 Latino
1614 2542 1696 2569 verbo
1707 2543 1785 2570 liceat
1795 2552 1870 2570 acer-

1074 2579 1162 2606 valem
1168 2579 1316 2615 appellare:
1330 2580 1377 2606 sed
1388 2579 1457 2606 nihil
1467 2588 1536 2614 opus
1546 2584 1599 2612 est3
1613 2584 1643 2606 ut
1653 2581 1726 2606 enim
1738 2582 1795 2615 ipsa
1805 2580 1870 2615 phi-

1075 2616 1209 2651 losophia,
1228 2622 1253 2644 et
1264 2617 1348 2644 multa
1360 2617 1440 2643 verba
1452 2616 1615 2643 Graecorum
1623 2637 1629 2648 ,
1646 2618 1685 2644 sic
1696 2619 1792 2645 sorites
1802 2618 1868 2645 satis

1074 2653 1167 2681 Latino
1182 2663 1304 2682 sermone
1316 2655 1393 2682 tritus
1407 2658 1457 2681 est.
1497 2654 1567 2690 Ergo
1582 2654 1647 2681 haec
1660 2663 1769 2691 quoque
1779 2654 1869 2682 Diale·
