1941 3052
216 149 265 175 378
788 146 828 170 28.
863 142 898 169 Μ.

214 219 327 244 Suberat
340 218 419 244 etiam
433 217 484 244 alia
497 225 591 243 cuiissa
607 217 697 245 maior,
713 224 780 250 qum·
793 214 942 249 Oppianici.
960 213 1007 240 lio-

215 257 294 283 minis
309 256 458 281 avarissimi
474 260 552 288 utque
567 254 746 282 audacissimi,
764 257 879 278 mentem
891 251 1007 276 inaximo

214 293 407 320 commovebat.
431 293 470 318 455.
489 293 552 317 Num
568 292 662 317 Avitus
679 298 763 324 usque
778 289 810 314 nd
825 288 898 314 illius
914 288 1006 314 iudicii

215 336 320 365 tenipus
340 330 443 356 nullum
464 333 649 354 testamentum
665 335 792 361 umquam
809 325 913 351 fecerat.
956 325 1007 350 Nc-

213 377 266 403 qui·
285 368 355 393 enim
377 367 462 399 legare
481 364 612 391 eiusmodi
633 364 709 390 matri
729 367 830 398 poterat
845 363 871 388 in
885 362 1006 388 animum

215 405 352 434 indul-ere,
375 412 459 437 neque
479 406 635 428 testamento
654 410 748 427 nomen
767 400 877 426 omnino
890 404 1007 434 praeter-

215 443 317 468 mittere
333 441 456 475 parentis,
487 439 514 465 ld
528 447 613 473 quum
628 438 792 472 Oppianicus
806 437 894 466 sciret,
910 437 1007 471 (neque

214 480 284 505 enim
299 483 353 503 erat
367 477 533 510 olm-urum.)
548 475 721 511 intelligebat,
738 475 816 501 Avito
830 479 942 504 mortuo,
960 473 1007 500 bo-

215 525 246 542 na
261 516 319 541 eius
333 515 421 540 omnia
437 513 468 539 ad
484 518 593 539 matrem
608 521 667 538 esse
683 516 806 539 ventura:
822 520 891 546 quae
904 511 937 537 ab
949 519 1008 536 sese

215 557 317 587 postea,
333 555 408 577 aucta
424 551 548 585 pecunia.
570 550 668 576 maiore
683 549 814 584 praemio;
839 549 928 575 orbata
944 548 1005 579 filiu,

214 590 314 616 minore
333 588 451 623 periculo
470 592 616 614 necaretur.
655 588 746 622 ltaque
765 586 807 613 his
822 586 902 613 rebus
917 586 1008 612 incen-

212 635 274 656 sus,
294 635 346 660 qua
366 630 465 652 ratione
480 626 588 651 Avitum
608 633 710 651 veneno
728 624 819 650 tollere
837 628 948 650 conatus
962 623 1005 653 sit,

212 664 372 698 cognoscite.
399 663 468 689 ΧΠ.
484 664 525 689 46.
541 663 570 689 C.
586 667 612 688 et
627 663 654 688 1..
672 662 785 688 Fabricii
801 661 894 687 fratres
906 660 1007 697 gemini
1028 677 1029 681 =

214 701 321 727 fuerunt
343 709 375 726 cx
401 701 549 735 municipio
567 700 720 731 Aletrinati,
745 699 866 725 homines
889 699 958 725 inter
979 706 1008 724 se
1028 696 1030 712 '

212 747 297 773 quum
310 737 392 764 formu
405 742 460 764 tuin
473 737 593 764 moribus
607 737 720 768 similes,
736 737 905 771 municipum
920 740 1007 762 autem
1028 722 1031 753 l

213 784 324 801 suorum
338 775 529 801 dissimillimi:
545 775 573 802 in
586 775 688 810 quibus
697 779 816 809 quantus
826 773 952 808 splendor
963 773 1006 802 sit,
1028 779 1030 799 l

212 821 293 848 (piam
309 821 390 847 prope
404 812 568 847 aequabilis,
584 821 666 847 quam
681 811 735 838 fere
748 811 869 838 omniurn
883 815 1008 837 constans
1029 814 1031 830 l

213 855 238 876 et
252 850 384 876 moderata
400 850 465 876 ratio
484 851 565 880 vitae,
587 858 665 876 nemo
683 853 815 879 vestrum.
838 853 866 875 ut
884 857 941 874 inea
960 847 1009 874 fert

212 887 316 922 opinio,
336 888 447 922 ignorat.
488 888 534 913 llis
550 887 678 914 Fabriciis
696 895 803 921 semper
820 890 861 913 est
875 894 941 912 usus
955 885 1010 920 Op-
1029 887 1031 931 Ἰ

213 925 336 960 pianicus
351 924 570 951 familiarissime.
611 925 664 951 iam
684 924 732 950 hoc
747 923 800 950 fere
814 924 890 950 scitis
903 932 1006 953 omneS,
1029 935 1030 938 ¹

213 966 340 997 quantam
361 963 415 988 vim
435 962 529 988 habeat
543 962 574 988 ad
589 961 791 997 coniungendas
806 961 937 987 amicitias
951 965 1009 986 stu-
1029 957 1031 998 J

213 999 319 1026 diorum
339 1008 368 1025 ac
387 1004 495 1026 naturae
513 999 672 1026 similitudo.
712 998 801 1031 Quum
821 998 860 1024 illi
880 999 914 1024 ita
935 999 1009 1024 vive-

214 1041 280 1068 rent,
298 1041 326 1063 ut
340 1037 444 1063 nullum
459 1041 602 1072 quaestum
618 1041 722 1071 turpem
733 1045 792 1062 esse
803 1036 1007 1067 arbitrarentur;

208 1083 299 1110 quum
317 1075 404 1101 omnis
423 1075 456 1100 ab
476 1075 518 1101 his
537 1074 623 1105 fraus,
651 1082 745 1101 omnes
763 1073 877 1100 insidiae
895 1073 1010 1099 circum-

213 1112 428 1147 scriptionesque
442 1111 651 1138 adolescentium
667 1116 852 1143 nascerentur;
867 1118 1008 1145 quumque

213 1154 303 1176 essent
317 1149 390 1175 vitiis
404 1154 484 1184 atque
498 1149 667 1184 improbitate
681 1149 807 1175 omnibus
822 1149 890 1175 noti:
907 1148 1010 1174 studio-

213 1195 256 1218 se,
277 1191 306 1213 ut
323 1186 393 1217 dixi.
413 1188 445 1213 ad
464 1195 555 1213 eorum
575 1195 603 1213 se
622 1186 829 1212 familiaritatem
848 1185 942 1212 multis
956 1186 1008 1211 iam

213 1228 274 1251 ante
288 1225 365 1250 annis
379 1224 544 1259 Oppianicus
558 1224 713 1259 applicarat.
735 1224 776 1250 47.
793 1224 884 1258 ltaque
899 1227 955 1249 tum
970 1223 1010 1249 sic

213 1262 319 1292 statuit,
340 1270 386 1296 per
400 1262 429 1288 C.
446 1262 597 1288 Fabricium
615 1261 687 1296 (nam
701 1261 732 1287 L.
748 1265 803 1287 erat
817 1260 950 1294 mortuus)
968 1260 1010 1286 in-

214 1298 298 1325 sidias
317 1299 394 1325 Avito
411 1308 572 1334 comparare.
614 1299 676 1325 Erat
694 1298 741 1325 illo
763 1303 881 1333 tempore
903 1299 1008 1324 infirma

214 1336 367 1362 valetudine
382 1336 487 1363 Avitus.
522 1337 651 1363 Utebatur
664 1340 752 1362 autem
767 1336 871 1362 medico
885 1335 1007 1371 ignobili,

213 1373 261 1399 sed
275 1378 392 1408 spectato
407 1374 522 1405 homine,
539 1374 715 1409 Cleophanto:
731 1374 810 1400 cuius
825 1382 934 1399 servum
949 1373 1010 1399 Dio-

213 1419 309 1446 genem
323 1411 462 1437 Fabricius
480 1411 513 1438 ad
532 1420 667 1438 venenum
685 1411 764 1437 Avito
781 1410 899 1437 dandum
919 1418 967 1445 spe
985 1414 1010 1436 et

215 1449 300 1483 pretio
321 1448 463 1475 sollicitare
481 1449 577 1484 coepit.
618 1449 719 1475 Servus
738 1457 790 1475 non
809 1447 954 1475 incallidus
973 1452 1007 1479 et,

215 1490 244 1512 ut
258 1487 315 1520 ipsa
330 1494 371 1512 res
385 1486 543 1517 declaravit,
564 1486 635 1522 frugi
649 1490 729 1521 atque
743 1486 846 1521 integer
859 1494 1009 1512 sermonem

214 1523 329 1549 Fabricii
344 1532 395 1550 non
409 1528 450 1549 est
463 1528 634 1559 aspernatus:
655 1532 711 1550 rem
730 1523 763 1550 ad
776 1523 917 1550 dominum
932 1523 1011 1550 detu—

215 1560 258 1587 lit:
279 1560 458 1596 Cleophantus
472 1566 560 1588 autem
575 1570 636 1588 cum
650 1562 729 1588 Avito
742 1565 783 1587 est
798 1560 912 1587 locutus.
945 1561 1011 1587 Avi-

214 1602 257 1624 tus
280 1599 370 1624 statim
387 1607 450 1625 cum
468 1599 504 1626 M.
524 1599 619 1626 Bebrio
641 1603 774 1630 senatore,
800 1598 1011 1624 familiarissimo

214 1644 273 1667 suo,
288 1636 511 1663 communicavit:
526 1637 574 1671 qui
585 1645 638 1672 qua
650 1636 710 1668 fide,
725 1644 779 1670 qua
789 1635 941 1670 prudentia,
957 1644 1010 1670 qua

213 1672 354 1708 diligentia
368 1672 461 1705 fuerit,
477 1674 634 1700 meminisse
648 1682 695 1700 vos
710 1673 831 1699 arbitror.
852 1673 884 1699 Ei
899 1672 1008 1708 placuit,

215 1715 244 1736 ut
258 1711 402 1746 Diogenem
416 1711 512 1738 Avitus
530 1716 630 1738 emeret
647 1719 661 1737 a
676 1710 853 1745 Cleophanto,
873 1718 928 1745 quo
946 1709 1011 1737 faci-

215 1747 268 1774 lius
285 1752 332 1774 aut
345 1748 614 1783 comprehenderetur
627 1757 669 1775 res
683 1749 741 1774 eius
756 1747 868 1779 indicio,
885 1752 931 1774 aut
945 1747 1010 1773 falsa

214 1792 274 1811 esse
287 1790 500 1821 cognosceretur.
526 1787 565 1812 Ne
579 1785 676 1818 multa3
692 1785 822 1821 Diogenes
836 1785 948 1811 emitur:
965 1793 1012 1811 ve-

214 1830 315 1848 nenum
333 1822 430 1849 diebus
448 1824 555 1858 paucis,
575 1823 664 1858 (multi
678 1823 729 1849 viri
743 1823 806 1849 boni
820 1831 906 1857 quum
920 1831 954 1849 ex
967 1831 1012 1849 oc-

214 1858 287 1886 culto
300 1860 528 1895 intervenissent,)
545 1860 713 1895 pecuniaque
726 1860 878 1895 obsignata,
894 1868 964 1894 quae
978 1859 1011 1886 ad

215 1905 273 1923 eam
288 1905 343 1923 rem
357 1897 479 1929 dabatur,
495 1898 523 1924 in
537 1898 663 1924 manibus
677 1897 842 1927 Scamandri,
860 1897 948 1923 liberti
963 1897 1012 1923 Fa-

215 1933 369 1965 briciorum,
385 1934 604 1969 deprehenditur.
630 1935 712 1962 XVII.
729 1936 770 1961 48.
786 1935 835 1961 Pro
849 1934 887 1961 dii
900 1935 1012 1961 immor-

215 1970 295 1998 tales!
311 1971 490 2006 Oppianicum
503 1973 659 2008 quisquam,
675 1972 718 1999 his
732 1972 813 1998 rebus
823 1972 947 2008 cognitis,
959 1972 1011 1999 cir-

213 2013 388 2035 cumventum
403 2018 462 2036 esse
473 2009 560 2036 dicet‘?
572 2010 639 2042 Quis
651 2018 781 2044 umquam
792 2008 935 2036 audacior?
947 2010 1010 2044 quis

214 2045 368 2073 nocentior?
393 2047 455 2081 quis
474 2047 588 2082 apertior
605 2048 633 2073 in
652 2047 785 2074 iudicium
802 2046 935 2073 adductus
953 2047 1011 2073 est?

213 2082 291 2115 Quod
305 2084 458 2120 ingenium,
479 2093 547 2120 quae
562 2084 674 2111 facultas
688 2084 808 2115 dicendi,
829 2093 897 2119 quae
915 2093 929 2110 a
943 2093 1012 2119 quo-

214 2129 296 2155 quam
311 2122 457 2157 excogitata
471 2121 593 2149 defensio
607 2122 669 2148 huic
683 2122 730 2148 uni
745 2122 852 2148 crimini
867 2122 954 2156 potuit
963 2122 1012 2148 ob—
1031 2133 1033 2150 ι

213 2157 327 2184 sistere?
352 2158 441 2185 Simul
459 2164 484 2186 et
502 2159 571 2186 illud
588 2159 651 2194 quis
669 2164 710 2185 est
727 2159 774 2194 qui
793 2159 911 2190 dubitet,
931 2159 1008 2194 quin,

214 2194 264 2221 hac
283 2203 311 2222 re
328 2201 461 2231 comperta
481 2196 676 2232 manifestoque
694 2196 874 2231 deprehensa,
899 2201 946 2223 aut
963 2197 1011 2223 ob—

213 2232 302 2259 eunda
312 2242 383 2260 mors
394 2233 516 2261 Cluentio
527 2238 572 2261 aut
582 2234 754 2268 suscipienda
765 2235 898 2260 accusatio
912 2233 1011 2261 fuerit?

269 2271 310 2297 49.
326 2270 396 2297 Satis
410 2280 469 2298 esse
480 2272 592 2298 arbitror
601 2271 822 2303 demonstratum,
838 2271 951 2303 iudices,
968 2271 1010 2298 his

213 2307 373 2335 criminibus
391 2313 545 2336 accusatum
563 2317 622 2335 esse
640 2308 832 2344 Oppianicum,
852 2308 887 2335 ut¹
899 2309 1010 2336 honeste

213 2344 317 2371 absolvi
340 2345 414 2372 nullo
436 2346 514 2373 modo
536 2347 659 2381 potuerit.
699 2346 856 2382 Cognoscite
878 2355 951 2373 nunc
973 2347 1010 2373 ita

214 2389 288 2408 reum
302 2383 412 2410 citatum
427 2392 485 2410 esse
499 2383 590 2414 illum,
611 2389 653 2415 ut,
674 2391 701 2410 re
719 2383 803 2410 semel
817 2388 898 2418 atque
911 2384 1010 2410 iterum

214 2419 403 2452 praeiudicata,
419 2421 612 2448 condemnatus
625 2421 653 2447 in
664 2421 797 2447 iudicium
808 2421 920 2447 venerit.
940 2422 1009 2448 Nam

213 2454 364 2488 Cluentius,
381 2458 492 2489 iudices,
505 2459 623 2494 primum
634 2467 730 2485 nomen
740 2458 799 2485 eius
809 2458 914 2489 detulit,
929 2459 1009 2485 cuius

214 2492 242 2518 in
257 2494 382 2520 manibus
396 2504 530 2522 venenum
543 2495 763 2531 deprehenderat.
789 2496 814 2522 Is
827 2500 883 2522 erat
896 2495 1009 2522 libertus

215 2529 409 2570 Fabriciorum,
426 2532 597 2560 Scamander.
637 2534 773 2568 [ntegrum
788 2533 946 2564 consilium,
966 2533 1010 2559 in-

214 2565 278 2592 dicii
301 2569 418 2602 corrupti
440 2570 513 2596 nulla
536 2570 670 2605 suspicio:
695 2569 812 2604 simplex
830 2571 857 2596 in
876 2570 1008 2597 iudicium

214 2611 323 2635 caussa,
343 2610 412 2631 certa
431 2615 486 2638 res,
511 2616 606 2634 verum
623 2608 724 2634 crimen
742 2606 852 2633 allatum
871 2612 920 2634 est.
960 2608 1009 2634 Hic

215 2644 271 2666 tum
287 2641 438 2674 Fabricius,
454 2644 490 2674 is,
506 2644 539 2670 de
553 2653 606 2679 quo
620 2649 680 2671 ante
693 2644 764 2675 dixi,
780 2645 837 2679 qui,
854 2644 950 2671 liberto
961 2645 1010 2671 da—

215 2683 314 2706 mnato.
329 2679 382 2705 sibi
396 2679 465 2707 illud
479 2681 632 2715 impendere
646 2681 798 2716 periculum
808 2681 919 2713 videret,
935 2681 1009 2717 quod

933 141 962 169 Τ.
997 140 1274 170 etet-:noxis

1034 216 1035 222 ¹
1059 213 1124 240 rnihi
1135 221 1196 239 cum
1210 212 1401 240 Aletrinatibus
1414 214 1586 244 vicinitatem,
1602 218 1702 241 etcum
1717 214 1854 251 plerisque

1057 259 1150 276 eorum
1165 259 1292 286 magnum
1309 259 1388 276 usum
1404 259 1463 277 esse
1477 251 1586 282 sciebat,
1603 250 1854 286 frequentemus-d

1059 296 1100 313 me
1114 287 1224 313 domuin
1239 287 1360 314 adduxit.
1382 288 1433 319 Qui
1447 297 1611 323 quamquam
1625 289 1658 315 de
1670 289 1786 320 homine,
1802 290 1855 317 sio-

1059 329 1088 351 ut
1102 333 1211 350 necesse
1224 329 1292 355 erat,
1313 325 1514 352 existimabant:
1539 331 1642 356 tamen,
1661 326 1734 361 quod
1752 332 1808 354 erat
1821 336 1855 355 ex

1058 362 1150 388 eodem
1166 362 1326 396 municipio,
1343 371 1408 388 stiae
1421 362 1559 398 dignitatis
1573 372 1633 389 esse
1647 364 1852 395 arbitrabantur.

1059 408 1134 429 eum,
1154 399 1256 434 quibua
1271 399 1352 426 rebus
1366 405 1487 435 possent,
1507 400 1664 427 defendere:
1689 401 1771 436 idque
1783 410 1798 428 a
1812 410 1855 428 me

1060 441 1089 462 ut
1111 435 1238 468 facerem,
1263 441 1288 463 et
1311 441 1339 463 ut
1360 445 1484 463 caussam
1503 437 1658 464 Scamandri
1677 438 1852 473 susciperem.

1035 479 1037 489 ¹
1059 473 1197 537 pompant:
1214 474 1240 500 in
1254 482 1308 509 qua
1321 482 1416 500 caussa
1431 475 1534 509 patroni
1543 484 1622 501 omne
1632 475 1781 510 periculum
1791 485 1855 503 oon-

1035 517 1037 522 ·
1059 516 1114 537 tine
1125 515 1204 537 ›atur.

1244 512 1286 538 5⁰.
1306 511 1376 547 Ego,
1395 512 1443 547 qui
1462 520 1550 547 neque
1564 511 1619 539 illis
1633 513 1732 539 talibus
1747 514 1812 540 viris
1825 522 1856 540 ac

1060 553 1112 574 tarn
1127 549 1280 575 amantibus
1294 549 1347 575 mei
1363 557 1418 575 rem
1432 557 1538 584 possem
1551 549 1633 576 ullam
1644 559 1750 585 negare,
1767 559 1856 587 neque

1060 585 1128 612 illud
1141 586 1242 612 crimen
1257 591 1359 612 tantum
1373 595 1403 612 ac
1417 591 1469 613 tam
1485 586 1656 613 manifestum
1671 596 1730 613 esse
1744 588 1856 615 arbitra-

1060 632 1114 654 rer,
1139 624 1210 650 sicut
1228 632 1261 650 ne
1279 623 1319 650 illi
1336 623 1447 659 quidem
1467 625 1532 659 ipsi,
1556 624 1604 659 qui
1624 624 1689 651 mihi
1709 630 1766 652 tum
1782 624 1855 653 illam

1060 669 1183 687 caussam
1198 661 1429 692 commendabant,
1445 661 1655 688 arbitrabantur:
1672 661 1808 697 pollicitus
1822 663 1856 690 iis

1060 707 1131 729 sum,
1148 707 1190 724 me
1205 699 1303 729 omnia,
1318 707 1388 733 quae
1403 698 1510 730 vellent,
1526 708 1586 725 esse
1601 699 1742 726 facturum.

1116 735 1209 762 xvln.
1234 736 1284 762 Res
1298 736 1340 771 agi
1355 741 1445 771 coepta
1460 741 1513 763 est:
1529 737 1627 763 citatus
1641 742 1682 763 est
1695 736 1857 764 Scamander

1061 782 1132 800 reus.
1173 773 1322 799 Accusabat
1336 773 1364 799 P.
1380 773 1519 805 Canutius,
1535 774 1615 801 bomo
1629 774 1655 801 in
1671 774 1766 809 primis
1780 775 1857 811 inge-

1061 811 1154 837 niosus
1167 815 1193 837 et
1207 811 1233 837 in
1248 810 1362 837 dicendo
1375 811 1549 838 exercitatus:
1565 811 1707 838 accusabat
1720 816 1808 838 autem
1823 811 1857 839 il-

1062 848 1084 874 le
1097 848 1208 883 quidem
1224 848 1417 875 Scamandrum
1433 849 1522 875 verbis
1537 849 1636 880 tribus.
1654 858 1792 876 vesunu
1807 858 1857 876 n·

1060 894 1093 912 sr.
1113 894 1342 912 usensuzxsuu:
1366 886 1455 912 omnia
1474 886 1523 913 tela
1542 887 1624 913 totius
1637 887 1814 913 accusationis
1828 887 1855 914 iu

1060 922 1238 958 Oppianicum
1256 923 1480 950 coniiciebantur:
1500 924 1668 958 aperiebatur
1681 932 1776 951 caussa
1790 924 1857 951 insi-

1060 960 1180 987 diarum:
1206 960 1388 987 Fabriciorum
1402 960 1570 987 familiaritas
1582 961 1855 989 commemorabatur:

1061 998 1178 1024 hominis
1191 998 1245 1025 vita
1259 1002 1285 1024 et
1298 998 1407 1024 audacia
1423 998 1619 1033 proferebatur:
1638 998 1756 1034 denique
1768 999 1858 1026 omnis

1061 1035 1194 1062 accusatio
1217 1035 1289 1062 varie
1310 1036 1481 1071 graviterque
1504 1040 1626 1067 tractata,
1651 1036 1683 1063 ad
1707 1041 1856 1064 extremum

1061 1072 1201 1099 manifesta
1216 1073 1311 1099 veneni
1325 1073 1538 1108 deprehensione
1551 1073 1677 1101 conclusa
1687 1078 1736 1100 est.
1755 1075 1783 1100 5⁴
1792 1094 1798 1100 .
1809 1074 1858 1101 Hic

1061 1119 1110 1146 ego
1128 1114 1186 1136 tum
1205 1110 1238 1136 ad
1257 1110 1474 1145 respondendum
1495 1111 1615 1138 surrexi:
1639 1120 1692 1146 qua
1711 1119 1789 1143 cura,
1816 1111 1858 1138 Dii

1061 1147 1240 1174 immortales!
1267 1156 1321 1183 qua
1345 1147 1528 1175 sollicitudine
1549 1149 1646 1175 animil
1674 1157 1729 1184 quo
1746 1149 1856 1176 timorel

1061 1185 1173 1220 Semper
1195 1184 1322 1220 equidem
1341 1194 1438 1221 magno
1455 1194 1517 1212 cum
1536 1190 1610 1212 metu
1633 1186 1734 1221 incipio
1754 1185 1858 1213 dicere:

1060 1223 1284 1258 quotiescumque
1298 1223 1372 1254 dico,
1393 1223 1469 1250 toties
1488 1223 1555 1250 mihi
1575 1223 1667 1250 videor
1684 1224 1712 1250 in
1725 1223 1858 1251 iudicium

1061 1260 1153 1287 venire
1166 1269 1218 1287 non
1232 1260 1333 1296 ingenii
1347 1259 1444 1291 solum,
1460 1260 1508 1287 sed
1522 1261 1601 1288 etiam
1612 1261 1719 1287 virtutis
1729 1265 1810 1296 atque
1819 1260 1860 1288 of-

1062 1298 1128 1324 ficii:
1145 1306 1178 1324 ne
1191 1302 1237 1324 aut
1250 1297 1277 1324 id
1292 1297 1409 1332 profiteri
1424 1297 1525 1329 videar,
1540 1297 1614 1333 quod
1628 1306 1680 1325 non
1695 1299 1797 1334 possim
1807 1299 1860 1326 im-

1061 1335 1147 1370 plere;
1175 1334 1248 1370 quod
1271 1339 1311 1362 est
1332 1334 1530 1370 impudentiae:
1558 1340 1605 1362 aut
1627 1335 1654 1362 id
1674 1344 1726 1363 non
1743 1335 1857 1367 efficere.

1061 1372 1134 1408 quod
1152 1373 1268 1407 possim
1287 1372 1362 1407 quod
1379 1376 1420 1399 est
1437 1377 1484 1399 aut
1501 1372 1641 1408 perfidiae,
1661 1377 1706 1400 aut
1720 1372 1860 1410 negligen-

1061 1411 1123 1437 tiae.
1149 1410 1218 1437 Tum
1232 1418 1296 1436 vero
1309 1410 1345 1436 ita
1359 1418 1420 1436 sum
1435 1410 1620 1445 perturbatus,
1636 1415 1666 1437 ut
1679 1411 1768 1438 omnia
1781 1411 1860 1438 time-

1061 1456 1132 1475 rem:
1147 1448 1171 1475 si
1185 1447 1252 1474 nihil
1266 1447 1406 1479 dixissem.
1423 1456 1457 1474 ne
1470 1447 1684 1481 infantissimus;
1699 1448 1723 1475 si
1736 1447 1821 1475 multa
1831 1449 1860 1475 in

1062 1484 1195 1512 eiusmodi
1211 1493 1307 1512 caussa
1324 1485 1469 1517 dixissem,
1490 1494 1523 1512 ne
1540 1485 1795 1521 impudentissimus
1813 1494 1861 1513 ex-

1061 1523 1206 1554 istimarer.
1238 1522 1314 1550 XIX.
1330 1522 1431 1558 Collegi
1444 1531 1489 1549 me
1502 1522 1655 1558 aliquando,
1671 1527 1698 1550 et
1711 1523 1747 1550 ita
1759 1523 1861 1550 consti-

1062 1561 1110 1592 tui,
1127 1560 1229 1587 fortiter
1242 1568 1301 1587 esse
1315 1559 1464 1596 agendum;
1479 1559 1522 1587 illi
1535 1561 1622 1592 aetati,
1637 1569 1691 1596 qua
1704 1565 1762 1588 tum
1775 1569 1858 1592 eram,

1062 1597 1147 1625 solere
1162 1597 1235 1624 laudi
1250 1597 1316 1629 dari,
1332 1597 1439 1624 etiamsi
1452 1597 1480 1624 in
1495 1598 1586 1625 minus
1600 1597 1685 1625 firmis
1696 1599 1801 1625 caussis
1811 1597 1861 1625 ho-

1062 1636 1167 1662 minum
1181 1634 1310 1670 periculis
1323 1643 1376 1662 non
1389 1634 1550 1661 defuissem.
1569 1635 1662 1671 ltaque
1676 1634 1740 1662 feci:
1756 1636 1796 1662 sic
1808 1643 1860 1670 pu-

1061 1673 1157 1708 gnavi,
1177 1673 1217 1699 sic
1229 1672 1304 1699 omni
1317 1673 1418 1699 ratione
1432 1672 1571 1704 contendi,
1590 1673 1630 1700 sic
1647 1672 1680 1699 ad
1693 1673 1782 1700 omnia
1795 1681 1860 1700 oon-

1063 1710 1134 1746 fugi,
1154 1714 1287 1745 qnantum
1301 1718 1350 1746 ego
1363 1710 1473 1744 assequi
1487 1710 1576 1744 potui,
1592 1709 1710 1737 remedia
1724 1718 1754 1737 ac
1768 1709 1860 1745 perfu-

1061 1749 1104 1784 gia
1118 1755 1290 1778 caussarum,
1306 1752 1335 1773 ut
1349 1747 1407 1778 hoc,
1423 1747 1496 1782 quod
1510 1747 1604 1774 timide
1617 1747 1715 1779 dicam,
1730 1755 1861 1775 consecu-

1063 1789 1106 1812 tus
1119 1784 1181 1816 sim,
1197 1793 1231 1811 ne
1243 1785 1307 1819 quis
1322 1784 1362 1811 illi
1375 1792 1486 1811 caussae
1499 1789 1642 1820 patronum
1655 1784 1775 1812 defuisse
1789 1785 1861 1812 arbi-

1062 1826 1184 1849 traretur.
1225 1823 1268 1848 52.
1293 1821 1346 1848 Sed
1365 1826 1394 1848 ut
1407 1821 1543 1857 quidquid
1557 1831 1606 1858 ego
1619 1821 1858 1858 apprehenderam.

1062 1860 1152 1886 statim
1166 1863 1304 1886 accusator
1316 1859 1492 1893 extorquebat
1505 1867 1519 1886 e
1533 1860 1669 1887 manibus.
1695 1859 1724 1886 Si
1737 1860 1861 1895 quaesie-

1063 1905 1129 1928 ram,
1144 1905 1214 1932 quae
1228 1897 1385 1923 inimicitiae
1399 1896 1562 1924 Scamandro
1575 1906 1637 1924 cum
1650 1897 1742 1924 Avito:
1758 1897 1861 1924 fateba-

1063 1939 1119 1966 tur,
1139 1934 1229 1961 nullas
1242 1933 1340 1965 fuisse,
1357 1933 1404 1960 sed
1418 1933 1610 1969 Oppianicum,
1625 1935 1704 1961 cuius
1717 1933 1764 1962 ille
1778 1934 1861 1962 mini-

1062 1976 1117 1998 ster
1131 1971 1236 2003 fuisset,
1252 1971 1317 1998 huic
1329 1971 1551 1998 inimicissimum
1564 1971 1650 1999 fuisse
1659 1976 1740 2008 atque
1749 1980 1808 1999 esse
1817 1971 1861 1999 di-

1062 2009 1147 2036 cebat.
1183 2009 1231 2036 Sin
1245 2014 1334 2036 autem
1348 2008 1418 2035 illud
1431 2017 1547 2044 egeram,
1564 2009 1671 2036 nullum
1685 2009 1718 2036 ad
1732 2009 1860 2036 Scaman-

1062 2046 1142 2073 drum
1166 2051 1249 2073 morte
1267 2046 1339 2073 Aviti
1362 2050 1507 2073 venturum
1525 2046 1738 2074 emolumentum
1756 2046 1857 2074 fuisse:

1061 2084 1236 2115 concedebat,
1261 2083 1308 2110 sed
1331 2083 1364 2110 ad
1386 2092 1498 2110 uxorem
1515 2083 1670 2119 Oppianici,
1695 2084 1813 2111 hominis
1830 2084 1860 2111 in

1062 2122 1193 2148 uxoribus
1207 2121 1335 2148 necandis
1349 2121 1498 2152 exercitati,
1518 2121 1608 2148 omnia
1624 2121 1695 2149 bona
1707 2121 1781 2148 Aviti
1794 2129 1860 2148 ven·

1062 2163 1120 2185 tura
1133 2167 1193 2185 esse
1206 2158 1319 2185 dicebat.
1346 2157 1437 2190 Quum
1450 2158 1496 2185 illa
1509 2158 1666 2186 defensione
1679 2167 1747 2186 usus
1760 2167 1858 2191 essem,

1061 2205 1132 2231 quae
1154 2197 1182 2223 in
1206 2196 1394 2223 libertinorum
1416 2196 1522 2222 caussis
1544 2195 1736 2223 honestissima
1753 2204 1861 2231 semper

1061 2234 1213 2260 existimata
1231 2238 1284 2260 est:
1304 2232 1498 2260 Scamandrum
1517 2237 1627 2268 patrono
1644 2242 1704 2260 esse
1717 2233 1859 2269 probatum

1062 2270 1209 2302 fatebatur,
1225 2271 1273 2298 sed
1287 2270 1440 2306 quaerebat,
1456 2270 1501 2297 cui
1515 2271 1642 2305 probatus
1656 2275 1726 2298 esset
1739 2271 1799 2306 ipse
1811 2279 1860 2307 pa-

1061 2312 1164 2335 tronus.
1190 2309 1232 2335 53.
1247 2307 1338 2340 Quum
1351 2316 1401 2343 ego
1413 2307 1540 2342 pluribus
1553 2308 1643 2334 verbis
1655 2308 1684 2335 in
1697 2316 1729 2335 eo
1741 2316 1860 2335 commo-

1061 2350 1135 2372 ratus
1149 2354 1250 2377 essem,
1266 2345 1430 2372 Scamandro
1443 2344 1525 2372 factas
1538 2345 1651 2372 insidias
1665 2354 1724 2372 esse
1737 2354 1786 2380 per
1797 2346 1860 2373 Dio-

1060 2391 1166 2419 genem,
1178 2383 1410 2417 constitutumque
1423 2382 1493 2409 inter
1505 2390 1550 2409 eos
1563 2381 1597 2409 de
1610 2382 1662 2409 alia
1676 2391 1704 2409 re
1718 2382 1812 2414 fuisse,
1829 2387 1860 2410 ut

1061 2420 1301 2451 medicamentum,
1317 2428 1371 2446 non
1384 2427 1519 2446 venenum
1531 2419 1664 2456 Diogenes
1676 2419 1792 2452 afferret,
1808 2420 1860 2447 hoc

1060 2458 1148 2484 cuivis
1162 2458 1309 2485 usuvenire
1322 2465 1415 2492 posse:
1434 2456 1592 2491 quaerebat,
1611 2466 1660 2484 cur
1677 2458 1706 2484 in
1724 2456 1858 2484 eiusmodi

1037 2501 1039 2511 ¹
1062 2494 1163 2527 locum,
1183 2499 1238 2522 tam
1251 2495 1387 2525 abditum,
1407 2502 1456 2520 cur
1468 2493 1556 2525 solus,
1581 2503 1629 2521 cur
1641 2503 1705 2521 cum
1717 2495 1857 2530 obsignata

1060 2533 1175 2567 pecunia
1188 2533 1317 2559 venisset.
1356 2530 1477 2566 Denique
1490 2531 1540 2557 hoc
1554 2531 1611 2558 loco
1623 2540 1718 2559 caussa
1731 2532 1855 2563 testibus,

1060 2570 1260 2596 honestissimis
1270 2568 1435 2599 hominihus,
1447 2568 1628 2603 premebatur.
1648 2569 1685 2595 Μ.
1695 2569 1812 2596 Baebius
1822 2568 1856 2595 de

1060 2615 1110 2634 suo
1118 2607 1232 2634 consilio
1240 2607 1385 2643 Diogenem
1395 2610 1525 2640 emptum,
1541 2614 1570 2633 se
1581 2610 1720 2641 praesente
1729 2606 1857 2633 Scaman-

1059 2643 1139 2670 drum
1153 2653 1216 2671 cum
1230 2652 1333 2671 veneno
1346 2643 1514 2678 pecuniaque
1527 2642 1727 2679 deprehensum
1740 2651 1800 2670 esse
1813 2643 1857 2670 di-

1059 2681 1144 2708 cebat.
1166 2681 1195 2708 P.
1207 2681 1355 2714 Quintilius
1364 2680 1458 2711 varus,
1475 2680 1555 2708 homo
1568 2689 1675 2708 summa
1688 2681 1818 2717 religione
1830 2685 1857 2707 et
