1941 3052
218 155 267 178 2613
795 152 821 177 21
866 151 887 176 M
894 171 899 176 .

218 224 301 258 punit
321 225 367 249 uti.
410 224 512 249 tiu-mm
532 231 615 256 (inum
637 223 728 247 vvrm·
749 227 849 249 ntatun
878 222 941 256 quis
960 223 1008 247 vrit

1035 225 1037 242 l

219 270 345 295 tunquam
371 261 478 295 [imtlltffl'
502 269 561 285 ιϊιικ
585 264 636 284 lum
661 259 794 292 perditus,
822 259 870 292 qni
898 267 948 284 non
975 258 1007 284 ml
1036 249 1037 292 i

217 300 246 329 (J.
267 299 344 323 Min-ii
360 298 536 324 innova-utini„
553 296 691 324 ron-ratur,
711 296 733 321 si
748 304 809 321 curn
826 296 876 320 isto
889 295 1008 321 consero-
1036 304 1037 322 1

219 337 278 361 [ιιι-Ῥ
293 336 382 369 Neque
398 343 467 360 nunc
483 339 534 358 tam
550 333 615 358 inihi
631 333 673 358 isti
692 333 796 358 vom—in
811 332 953 358 defendere
969 333 1009 359 vi-

217 373 325 402 dentur,
346 381 426 405 (piam
443 372 467 396 in
485 371 562 395 Verre
575 369 739 395 ‹tvi-minuis
755 374 854 395 tentare
869 370 1006 395 rationem.

217 412 257 436 ΞΗ,
278 411 333 440 Qum
348 409 380 434 de
395 418 430 436 re,
448 407 556 436 indii-es,
575 407 649 431 vohis
665 416 761 438 'unguo
774 415 852 440 operr-
868 407 1008 440 providen-

217 447 281 472 dum
296 450 345 471 est.
387 445 498 470 Pertinet
514 444 562 468 ho«-
575 444 607 469 nd
622 452 756 469 sumntum
776 444 969 478 rempublicam
984 448 1009 469 el.

217 484 248 509 :ul
268 482 491 508 existimationem
510 480 611 506 ordinis
631 481 711 506 nostri
731 480 900 515 salutemque
923 481 1008 506 socio-

217 529 285 546 rinn.

217 557 302 582 solum
325 565 372 581 no«
395 555 572 585 abstinentes,
598 555 645 580 sed
668 555 747 581 etiarn
772 560 875 581 nostros
898 555 1008 581 comites

218 598 348 628 praestare
362 593 503 618 dehemus.
529 592 573 618 ΧΙ.
591 592 708 618 Primum
722 593 843 618 omnium
854 601 932 627 opera
943 592 1008 618 dan-

216 631 247 656 ‹ln
262 635 314 660 est,
332 634 360 656 ut
373 639 417 655 cos
432 629 572 655 nobiscum
587 629 727 660 ducamus,
743 630 790 664 qui
806 635 909 656 nostrae
925 629 1008 655 famae

216 668 349 702 capitique
363 666 516 692 consulant:
535 667 640 696 deinde,
657 667 680 693 si
696 667 721 693 in
738 667 893 693 hominihus
907 666 1008 700 eligen-

215 705 257 730 dis
273 713 319 730 nos
334 713 396 738 spes
410 704 542 730 amicitiae
558 703 688 734 fefellerit.
707 709 734 730 ut
749 704 926 732 vindicemus.
944 705 1008 730 inis-

215 750 258 768 sos
274 741 415 770 faciamus,
436 750 542 775 semper
556 741 589 767 ita
605 742 742 772 vivamus,
763 746 791 768 ut
805 742 933 768 rationem
949 742 1008 767 red-

215 778 328 805 dendam
344 779 421 805 nohis
435 779 603 804 arbitremur.
632 778 748 805 Africani
764 783 803 804 est
819 779 874 809 hoc,
892 779 1007 805 hominis

216 816 410 842 liberalissimi:
431 816 623 850 (verumtamen
638 824 667 841 ea
683 815 826 842 liberalitas
841 821 879 842 est
895 816 1007 850 proban-

215 854 261 884 da,
281 862 350 888 quae
364 853 422 879 sine
437 853 554 887 periculo
568 853 774 879 existimationis
793 858 846 884 est,
870 859 897 879 ut
916 854 941 879 in
963 853 1008 878 illo

216 890 287 925 ruit.)
325 892 366 916 ⁴29.
388 890 477 922 Quum
496 890 529 916 ab
547 900 577 916 eo
595 890 704 924 quidam
724 895 800 916 vetus
819 895 961 916 assectator
975 899 1007 916 ex

215 936 326 954 numero
339 928 484 954 amicorum
500 936 551 953 non
568 928 727 961 impetraret,
744 928 782 954 uti
801 937 830 954 se
844 927 1006 962 praesectum

215 965 242 991 in
253 964 368 991 Africam
378 965 494 995 duceret,
511 969 536 991 et
551 964 576 990 id
592 964 670 991 ferret
684 964 807 991 moleste:
825 966 892 993 Noli,
909 965 1004 999 inquit,

216 1005 320 1033 mirari,
340 1005 363 1028 ai
377 1007 403 1028 tu
417 1012 433 1028 a
447 1011 484 1027 me
498 1004 543 1028 Ιιοε
557 1011 605 1027 non
621 1005 755 1034 impeti-as:
781 1011 826 1035 eye
845 1005 896 1028 ium
909 1005 1007 1035 pridem

213 1041 246 1066 ab
263 1048 303 1069 eo,
324 1042 365 1065 cui
383 1048 462 1065 meam
479 1042 692 1065 existimationem
710 1048 798 1065 caram
816 1043 870 1073 sore
883 1042 1005 1069 arbitror,

206 1080 282 1110 'pedm
302 1081 328 1103 ul
342 1085 435 1103 mecum
448 1080 592 1110 praefectus
609 1078 802 1109 proficiscatur,
821 1081 844 1102 el
861 1079 945 1103 adhuc
959 1079 1007 1102 im-

213 1118 315 1146 petrare
328 1123 376 1140 non
390 1123 500 1146 possum.
534 1114 638 1139 Etenim
654 1122 680 1139 re
695 1122 755 1139 vera
770 1113 854 1140 multo
867 1115 952 1149 magis
967 1118 1006 1139 cst

214 1151 358 1186 petendum
372 1151 405 1177 ab
420 1151 588 1181 hominibus,
609 1151 632 1176 si
646 1150 714 1176 salvi
730 1155 754 1177 ct
769 1150 872 1177 honesti
886 1159 945 1177 esse
960 1159 1006 1177 vo-

215 1189 318 1219 tumus,
339 1193 368 1214 ut
381 1193 442 1214 eant
455 1188 594 1214 nobiscum
613 1188 640 1213 in
660 1188 837 1222 provinciam,
857 1197 937 1223 quam
958 1188 1005 1214 hoc

214 1225 268 1252 illis
282 1226 309 1252 in
324 1226 446 1252 beneficii
462 1225 516 1251 loco
530 1224 714 1251 deferendum.
755 1224 807 1251 Sed
821 1230 863 1256 tu,
879 1234 964 1260 quum
981 1230 1006 1251 et

214 1268 272 1290 tuos
290 1263 388 1289 amicos
407 1263 434 1289 in
453 1262 616 1297 provinciam
635 1262 713 1296 quasi
727 1262 754 1288 in
769 1262 892 1297 praedam
908 1263 1005 1289 invita-

214 1301 269 1331 bas,
286 1305 311 1326 et
324 1309 385 1326 cum
402 1300 443 1326 his
457 1308 486 1326 ac
502 1308 548 1334 per
561 1308 606 1325 eos
620 1299 789 1334 praedabare,
802 1304 827 1326 et
842 1308 885 1326 eos
901 1300 927 1326 in
941 1308 1005 1326 con-

212 1338 287 1364 cione
300 1337 407 1363 annulis
421 1337 509 1363 aui-eis
523 1336 648 1367 donabas.
666 1345 717 1363 non
732 1337 876 1367 statuebas,
893 1337 941 1363 tibi
952 1345 1003 1363 non

212 1374 300 1401 solum
315 1375 347 1401 de
357 1379 390 1405 te,
407 1374 454 1401 sed
469 1375 547 1400 etiam
558 1373 591 1400 de
602 1373 708 1400 illorum
720 1373 795 1400 factis
807 1374 935 1401 rationem
946 1382 1004 1400 esse

213 1412 374 1438 reddendam
381 1411 394 1437 ἶ)

269 1451 309 1476 30.
325 1449 414 1481 Quum
429 1449 477 1475 hos
491 1449 542 1475 sihi
556 1453 685 1483 quaestus
699 1449 880 1475 constituisset
894 1457 1004 1484 magnos

212 1491 290 1522 atque
305 1487 400 1512 uberes
411 1495 444 1512 ex
455 1486 495 1512 his
506 1486 618 1516 caussis,
635 1494 702 1520 quas
713 1487 771 1520 ipse
783 1487 933 1512 instituerat
942 1494 1002 1512 cum

211 1523 336 1554 consilio,
357 1523 406 1550 hoc
419 1528 458 1550 est
471 1532 532 1549 cum
547 1532 595 1549 sua
614 1523 732 1554 cohorte,
752 1531 924 1558 cognoscere:
947 1527 1003 1550 tum

212 1561 346 1587 inlinitum
363 1569 449 1596 genus
468 1561 604 1587 invenerat
622 1560 654 1586 ad
676 1560 900 1587 innumerabilem
923 1569 1005 1595 pecu-

211 1599 282 1624 niam
296 1598 498 1632 corripiendam.
539 1598 597 1624 XII.
619 1597 737 1624 Dubium
751 1597 851 1624 nemini
865 1602 919 1628 est,
937 1598 1002 1632 quin
1024 1611 1026 1619 v

212 1644 303 1662 omnes
317 1636 438 1662 omnium
453 1636 580 1670 pecuniae
595 1635 696 1669 positae
708 1635 762 1661 sint
776 1635 802 1660 in
821 1643 912 1660 eorum
931 1639 1005 1669 pote-

211 1678 285 1703 state,
301 1673 348 1707 qui
362 1672 460 1699 iudicia
475 1672 545 1702 dant,
562 1676 701 1703 eteorum,
717 1672 763 1706 qui
778 1671 910 1697 iudicant:
937 1672 1003 1706 quin

211 1719 288 1736 nemo
303 1714 420 1736 nostrum
436 1710 520 1744 possit
533 1709 611 1735 aedes
624 1717 701 1739 suas,
722 1717 800 1735 nemo
814 1708 941 1739 fundum,
958 1717 1004 1734 ne-

212 1755 254 1773 mo
273 1747 340 1773 bona
358 1747 440 1781 patria
459 1747 590 1776 obtinere,
611 1746 648 1776 si.
667 1754 752 1780 quum
771 1745 835 1772 haec
849 1754 862 1771 a
876 1746 1002 1780 quopiam
1024 1759 1025 1762 =

212 1788 329 1810 vestrum
345 1784 424 1818 petita
439 1784 504 1813 sint,
525 1787 628 1818 praetor
641 1783 794 1817 improbus,
813 1783 856 1809 cui
872 1791 949 1809 nemo
962 1783 1003 1809 in-

211 1821 343 1847 tercedere
357 1821 452 1855 possit,
469 1821 525 1849 (let,
541 1829 621 1855 quein
637 1819 701 1846 velit
715 1819 844 1850 iudicem,
861 1819 943 1846 iudex
957 1828 1003 1846 ne-

211 1866 292 1892 quam
309 1862 335 1884 et
354 1858 434 1887 levis,
453 1857 524 1892 quod
545 1862 647 1891 praetor
665 1857 785 1888 iusserit,
810 1857 919 1883 iudicet.
959 1859 1000 1883 31.

211 1895 280 1927 Quid
300 1894 379 1921 vero‘?
398 1895 421 1921 si
439 1894 507 1920 illud
525 1902 633 1929 quoque
651 1894 768 1924 accedet,
790 1898 819 1920 ut
836 1894 863 1920 in
878 1902 907 1920 ea
923 1894 1001 1920 verba
1023 1891 1025 1926 ἴ

211 1936 314 1967 praetor
332 1932 462 1958 iudicium
481 1932 537 1962 det,
558 1936 587 1957 ut
606 1931 646 1957 vel
662 1931 691 1957 L.
707 1930 833 1957 Octavius
847 1931 946 1957 Balbus
960 1931 1003 1957 iu—

210 1969 275 2001 dex,
295 1969 374 1995 homo
386 1973 411 1995 et
424 1970 490 1995 iuris
505 1973 529 1994 et
542 1969 622 1994 officii
637 1968 831 2003 peritissimus,
852 1977 904 1994 non
919 1969 1002 2003 possit

210 2006 286 2033 aliter
303 2006 433 2038 iudicare:
461 2007 483 2032 si
500 2006 630 2032 iudicium
649 2006 684 2032 sit
697 2005 842 2032 eiusmodi:
870 2015 892 2031 1..
916 2015 1002 2032 ocra-

210 2053 277 2071 vius
295 2052 384 2070 innsx
402 2052 484 2069 asro:
510 2052 534 2069 si
554 2052 658 2072 muer,
679 2051 796 2069 reanum
815 2051 999 2074 caram-rsa,

209 2090 266 2112 Quo
288 2089 322 2107 nr:
346 2089 466 2111 AGITUR,
494 2089 529 2106 ax
554 2089 621 2107 iuni:
645 2089 802 2110 omninum
825 2089 846 2106 r.
869 2089 1000 2106 stavitii

209 2127 291 2149 assa,
316 2127 410 2148 aeone
434 2127 458 2144 is
480 2126 592 2144 rannus
610 2126 632 2147 Q·
653 2126 765 2143 cit-runo
783 2126 998 2144 nesriruarun:

209 2164 261 2182 non
280 2163 387 2181 necesse
404 2155 453 2181 erit
472 2155 501 2181 L.
521 2154 629 2181 Octavio
646 2154 728 2180 iudici
751 2163 843 2189 cogere
862 2154 891 2180 P.
911 2154 1001 2180 Servi-

210 2192 290 2223 lium,
310 2191 341 2224 Q.
362 2191 453 2218 Catulo
474 2192 586 2218 fundum
606 2192 744 2218 restituere
762 2196 807 2217 aut
825 2191 1000 2218 condemnare

208 2238 284 2260 eum,
303 2237 384 2264 quem
403 2237 454 2255 non
472 2228 606 2263 oporteat?
631 2228 758 2255 Eiusdem
774 2228 845 2255 modi
860 2233 943 2255 totum
958 2229 1000 2255 ius

208 2267 383 2301 praetorium,
403 2266 523 2292 eiusdem
544 2266 615 2292 modi
633 2266 720 2292 omnis
738 2274 780 2292 res
797 2265 935 2292 iudiciaria
950 2265 1001 2292 fuit

209 2305 236 2330 in
261 2303 351 2330 Sicilia
373 2312 420 2338 per
442 2304 598 2334 triennium,
624 2304 703 2330 Verre
726 2307 853 2337 praetore.
895 2303 1000 2329 Decreta

208 2341 354 2367 eiusmodi:
375 2350 398 2366 sr
416 2350 469 2367 Non*
488 2350 619 2372 aceirir,
639 2349 715 2371 ouon
733 2349 765 2366 τε
780 2349 895 2366 near-:ns
910 2349 997 2371 olcis,

209 2387 349 2409 accusem
371 2387 395 2404 si
411 2387 505 2409 perir,
522 2387 622 2405 necas.
654 2378 682 2404 C.
699 2377 830 2403 Fuficium
845 2377 906 2403 duci
921 2377 1001 2403 iussit

209 2416 356 2449 petitorem,
373 2416 401 2441 L.
418 2415 549 2446 Suetium,
567 2415 596 2441 L.
607 2414 749 2441 Racilium.
789 2414 890 2441 Iudicia
904 2414 1001 2441 huius-

208 2452 293 2478 modi:
315 2461 363 2482 0111
381 2461 466 2478 cives
481 2461 588 2479 :zosimi
603 2461 710 2483 ERANT,
732 2461 756 2478 si
770 2460 868 2478 Sicuti
882 2461 996 2482 essem,

209 2497 286 2518 ouum
307 2498 428 2515 sicums
451 2499 547 2516 nortun
573 2498 697 2516 incisus
723 2497 791 2514 nitar
816 2497 997 2515 oronnam.

209 2534 255 2555 Qut
273 2534 369 2552 steort
387 2535 410 2551 ει
428 2535 514 2552 cives
533 2535 640 2553 nouam
658 2535 778 2555 asserir,
791 2524 859 2538 ****
891 2527 932 2552 32.
948 2525 999 2551 Ve—

209 2570 281 2593 rum,
310 2567 339 2588 ut
365 2567 447 2589 totum
472 2572 558 2598 genus
584 2563 797 2598 complectamini
822 2563 996 2589 iudiciorum:

209 2599 284 2633 prius
302 2599 359 2625 iura
377 2599 541 2631 Siculorum,
561 2600 657 2626 deinde
675 2600 754 2626 istius
767 2599 887 2625 instituta
901 2607 998 2635 cogno-

209 2636 282 2662 scite.
313 2636 382 2662 XIII.
398 2635 480 2662 Siculi
496 2637 544 2663 hoc
557 2638 615 2664 iure
628 2641 699 2667 sunt,
716 2641 754 2667 ut,
769 2635 842 2671 quod
855 2636 924 2662 civis
936 2645 998 2662 cum

208 2673 266 2698 cive
279 2677 346 2708 agat,
362 2672 433 2699 domi
444 2678 523 2699 certet
533 2675 590 2700 suis
601 2673 720 2709 legibus:
735 2672 809 2708 quod
818 2672 927 2699 Siculus
936 2681 997 2699 cum
1018 2699 1021 2703 Δ

930 151 959 177 Τ.
991 150 1264 177 CICERONIS

1060 221 1150 247 Siculo
1165 230 1215 247 non
1230 222 1350 248 einr-«lein
1364 223 1488 251 civitatis.
1506 229 1532 248 ut
1547 224 1578 249 -1-·
1593 233 1624 249 eo
1635 229 1736 258 praetor
1748 224 1850 251 iudices

1059 267 1091 284 ex
1112 258 1138 284 Ι),
1155 258 1255 292 Rupilii
1274 259 1391 288 decreto.
1411 260 1483 294 quod
1503 261 1525 287 iu
1543 261 1575 286 clv
1593 261 1683 286 deu-in
1705 261 1849 293 legatorum

1060 295 1187 321 sententia
1207 296 1310 325 statuit,
1331 305 1411 330 qutun
1432 297 1515 330 leuem
1535 298 1573 323 illi
1593 298 1725 332 Rupiliam
1747 304 1848 328 vocant,

1061 333 1193 358 nortiatur.
1231 333 1307 364 Quod
1323 334 1442 367 privaturi
1455 343 1469 359 ti
1484 335 1583 369 populo
1597 336 1661 369 petit
1676 341 1718 360 nut
1735 335 1850 369 populun

1060 379 1072 394 a
1089 370 1204 403 privato:
1221 375 1328 396 uenatus
1343 379 1374 396 ex
1389 371 1477 404 aliqua
1487 373 1601 401 ciuitate,
1618 373 1664 407 qui
1681 373 1787 401 iudicet,
1804 372 1850 398 dn-

1061 411 1110 436 tur,
1127 415 1211 440 quum
1226 406 1340 433 alterum·
1353 408 1473 433 visitatus
1489 409 1596 434 reiectae
1612 414 1682 434 nunt.
1723 409 1799 440 Quod
1813 410 1851 435 ci-

1062 444 1101 469 tis
1120 444 1253 470 Romanus
1276 453 1289 469 a
1312 444 1403 470 Siculo
1425 446 1501 479 petit,
1526 445 1633 471 siculus
1656 446 1735 472 iudex
1758 446 1848 473 ‹latui-2

1036 486 1038 507 ἶ
1059 480 1130 515 quod
1145 480 1254 506 Siculus
1272 490 1285 506 n
1303 482 1362 507 cive
1377 482 1505 512 lloinano.
1525 483 1592 509 civis
1606 483 1739 509 Romanus
1757 483 1848 509 datur;

327 519 354 544 Si
369 519 440 544 enim
457 518 609 543 innocentes
628 518 775 544 existimari
796 518 934 544 volumus:
957 527 1007 544 non
1029 535 1037 542 ..

1036 554 1037 558 ’
1059 564 1091 581 ex
1105 560 1235 581 conventu
1253 556 1361 590 proponi
1376 556 1469 582 solent.

1059 522 1203 544 ceterarum
1223 527 1310 544 reruni
1330 518 1419 545 selecti
1439 519 1540 545 iudices
1558 520 1658 546 civium
1674 521 1850 547 Romanorum

1510 557 1579 583 Inter
1597 562 1711 583 aratore»
1727 563 1753 584 et
1769 558 1851 584 ‹tn-cu-

1061 601 1151 617 manos
1167 593 1223 625 lege
1239 592 1418 622 [mnu-ntoria,
1434 602 1515 628 quam
1527 594 1690 620 Hieronicam
1705 595 1847 629 appellant.

1061 630 1157 655 iudicia
1173 630 1248 656 liunt.
1271 632 1311 656 33.
1329 630 1395 656 llaec
1409 631 1496 656 omnio
1511 631 1562 657 isto
1576 636 1692 666 praetore
1707 641 1757 658 non
1773 632 1851 658 modo

1061 667 1224 700 perturbata,
1246 667 1291 692 sed
1311 667 1388 701 plane
1406 673 1431 694 et
1445 668 1545 693 Siculis
1563 674 1588 694 et
1605 669 1712 694 civibus
1726 669 1850 695 nomenis

1059 709 1147 738 erepta
1161 709 1237 730 sunt:
1254 706 1370 739 primurn
1386 713 1449 730 stiae
1461 705 1546 740 leges:
1562 705 1633 740 quod
1643 706 1710 731 civis
1720 715 1781 732 curn
1792 707 1850 732 cive

1059 746 1159 774 ageret,
1184 746 1229 767 aut
1251 750 1312 767 eum
1337 742 1464 772 iudicem,
1489 751 1569 776 quem
1593 743 1762 769 commodum
1785 748 1848 774 ent.

1059 787 1228 812 praeconem,
1246 779 1427 813 haruspicem,
1444 780 1577 806 medicum
1592 789 1672 806 suurn
1686 780 1778 809 dabat:
1794 785 1847 810 aut.

1028 811 1037 839 ¹.
1059 816 1080 841 si
1101 815 1205 850 legibus
1224 821 1278 842 erat
1297 816 1426 843 iudicium
1449 818 1637 847 constitutum,
1661 822 1686 843 et
1708 817 1740 843 ad
1763 818 1849 844 civem

1028 853 1037 888 2
1058 861 1138 879 suum
1154 853 1268 879 iudicem
1285 858 1417 883 venerant,
1435 853 1516 880 libere
1529 855 1581 880 civi
1597 854 1714 880 iudicare
1725 863 1775 881 non
1788 854 1850 881 tioe-

1034 895 1036 911 :
1059 890 1112 916 bat.

1152 890 1275 916 Edictum
1290 891 1360 916 enim
1378 891 1493 917 hominis
1510 892 1672 927 cognoscite,
1692 900 1747 926 quo
1764 891 1850 918 edicto

1057 927 1145 953 omnia
1160 927 1258 953 iudicia
1273 928 1407 962 redegerat
1422 928 1448 954 in
1462 937 1538 954 suam
1557 933 1726 963 potestatem:
1755 938 1778 954 si
1801 937 1848 959 Qut

1059 972 1214 990 νεκνεημι
1229 973 1416 995 rumenam.
1437 974 1468 990 ,ιε
1486 974 1687 992 εοῡκιῐῑιωις
1711 975 1788 996 occu
1802 974 1850 992 co-

1058 1011 1199 1032 osossm,
1216 1011 1497 1029 Asinnnvensuauu.
1531 1002 1614 1037 quue
1627 1011 1712 1037 quum
1727 1002 1847 1033 faciebat,

1059 1047 1136 1065 nemo
1149 1038 1296 1069 dubitabat,
1312 1040 1391 1074 quin.
1407 1048 1491 1074 quum
1506 1039 1588 1066 iudex
1602 1039 1683 1066 alium
1698 1039 1731 1065 de
1744 1048 1794 1066 suo
1808 1040 1850 1066 iu-

1034 1086 1035 1090 *
1058 1076 1128 1102 dicio
1141 1081 1244 1110 putaret
1257 1076 1446 1106 iudicaturum,
1462 1085 1545 1112 seque
1559 1077 1585 1103 in
1596 1085 1627 1103 eo
1635 1077 1730 1111 capitis
1744 1077 1849 1112 pericu-

1034 1121 1035 1146 }
1059 1113 1114 1139 lum
1129 1113 1278 1144 aditurum,
1296 1113 1456 1140 voluntatem
1471 1118 1601 1149 spectaret
1613 1115 1685 1144 eius,
1701 1123 1781 1148 quem
1795 1118 1848 1140 sta-

1058 1151 1105 1177 tim
1124 1150 1157 1176 de
1174 1151 1260 1185 capite
1278 1159 1328 1177 suo
1342 1155 1445 1185 putaret.
1459 1152 1648 1177 iudicaturum.
1689 1153 1730 1178 at.
1752 1151 1848 1178 Seleeti

1057 1195 1071 1214 e
1089 1192 1221 1214 conventu
1241 1192 1287 1214 aut
1310 1188 1436 1222 propositi
1460 1197 1493 1215 ex
1516 1188 1724 1223 negotiatoribus
1746 1188 1848 1214 iudices

1057 1225 1135 1251 nulli.
1173 1225 1242 1251 Haec
1255 1226 1338 1259 copia,
1354 1234 1434 1260 quarn
1449 1225 1516 1255 dico,
1533 1225 1661 1255 iudicum,
1677 1225 1780 1256 cohors,
1797 1234 1847 1252 non

1056 1262 1087 1294 Q.
1103 1261 1257 1293 Scaevolae,
1273 1263 1320 1296 qui
1336 1267 1422 1288 tamen
1436 1262 1468 1288 de
1482 1262 1588 1289 cohorte
1601 1271 1649 1288 sua
1663 1262 1724 1288 dare
1739 1271 1791 1289 non
1805 1271 1848 1289 so-

1057 1299 1138 1330 lebat,
1161 1299 1208 1325 sed
1226 1299 1255 1326 C.
1275 1299 1372 1326 Verris.
1413 1299 1570 1326 Cuiusmodi
1593 1299 1726 1326 cohortem
1748 1300 1848 1334 putatis

1057 1337 1105 1363 hoc
1119 1337 1238 1371 principe
1253 1335 1356 1363 suisse‘?
1373 1337 1452 1362 sicuti
1468 1337 1564 1363 videtis
1577 1337 1708 1363 edictum:
1736 1346 1760 1363 si
1779 1346 1849 1367 Quin

1057 1383 1211 1400 ΡΕΕΡΕΙΙᾹΙ
1225 1382 1379 1400 tUDtCAntt
1392 1382 1531 1400 SENATUS.
1556 1374 1626 1400 Eum
1639 1382 1747 1409 quoque
1759 1378 1847 1401 (¹15oess-

1055 1411 1130 1442 dam,
1150 1411 1173 1437 si
1191 1411 1298 1445 quando
1315 1411 1350 1437 sit
1367 1411 1459 1442 datus,
1479 1416 1570 1438 coactu
1589 1411 1680 1441 istius,
1705 1411 1777 1446 quod
1795 1419 1846 1438 non

1056 1449 1182 1478 senserit,
1202 1448 1344 1474 iudicasse.
1383 1448 1424 1475 Ex
1443 1448 1500 1483 lege
1518 1448 1625 1483 Rupilia
1643 1449 1745 1475 sortitio
1762 1447 1845 1479 nulla,

1056 1486 1108 1512 nisi
1121 1494 1205 1520 quum
1221 1485 1288 1511 nihil
1303 1486 1426 1512 intererat
1440 1486 1528 1512 istius.
1568 1486 1637 1521 Lege
1651 1485 1787 1512 Hieronica
1805 1486 1845 1512 iu-

1056 1523 1124 1549 dicia
1143 1522 1320 1557 plurimarum
1339 1523 1578 1549 controversiarum
1596 1522 1701 1549 sublata
1725 1531 1778 1549 uno
1800 1531 1847 1550 no-

1025 1562 1026 1565 ’
1056 1560 1128 1586 mine
1141 1560 1243 1586 omnia:
1267 1559 1300 1585 de
1313 1564 1445 1586 conventu
1458 1568 1488 1586 ac
1502 1560 1709 1595 negotiatoribus
1723 1559 1791 1586 nulli
1805 1560 1844 1586 iu-

1055 1597 1138 1623 dices.
1179 1596 1309 1628 Quantam
1323 1601 1478 1631 potestatem
1494 1597 1624 1628 habuerit,
1642 1597 1752 1623 videtis:
1778 1605 1846 1632 quas

1055 1642 1096 1660 res
1110 1634 1230 1669 gesserit,
1246 1634 1406 1667 cognoscite.

1110 1671 1179 1697 XIV.
1202 1672 1242 1697 35.
1265 1670 1401 1696 Heraclius
1415 1675 1455 1697 est
1468 1671 1590 1697 Hieronis
1603 1670 1684 1702 silius,
1701 1670 1845 1706 Syracusa-

1055 1716 1119 1739 nus,
1142 1708 1221 1734 homo
1240 1708 1266 1734 in
1281 1708 1374 1742 primis
1388 1707 1461 1734 domi
1474 1717 1538 1734 suae
1552 1708 1649 1734 nobilis
1663 1713 1688 1734 et
1701 1712 1761 1734 ante
1775 1707 1846 1734 bunc

1054 1750 1200 1780 praetorem
1215 1745 1255 1771 vel
1268 1745 1508 1779 pecuniosissimus
1519 1745 1759 1781 Syracusanorum:
1775 1753 1847 1771 nunc

1055 1781 1129 1809 nulla
1142 1781 1193 1808 alia
1206 1781 1367 1812 calamitate,
1388 1783 1440 1808 nisi
1458 1783 1537 1808 istius
1555 1783 1663 1808 avaritia
1680 1787 1761 1817 atque
1774 1782 1846 1808 iniu-

1053 1820 1100 1850 ria,
1116 1819 1313 1854 pauperrimus.
1354 1819 1421 1845 Huic
1435 1819 1567 1846 hereditas
1582 1819 1657 1846 facite
1675 1819 1706 1846 ad
1722 1818 1785 1845 fl-S
1800 1820 1847 1846 tri-

1053 1857 1107 1883 cies
1121 1857 1193 1882 venit
1207 1860 1362 1883 testamento
1379 1857 1523 1891 propinqui
1541 1857 1598 1887 sui,
1617 1856 1744 1883 Heraclii:
1767 1855 1844 1891 plena

1053 1893 1150 1920 domus
1173 1893 1265 1920 caelati
1287 1894 1389 1929 argenti
1412 1894 1506 1928 optimi
1531 1893 1686 1929 multaeque
1711 1892 1845 1929 stragulae

1054 1931 1136 1957 vestis
1150 1931 1460 1966 pretiosissimorumque
1474 1932 1682 1966 mancipiorum:
1701 1930 1803 1965 quibus
1818 1931 1844 1957 in

1052 1968 1134 1994 rebus
1160 1968 1239 1994 istius
1265 1967 1424 2002 cupiditates
1450 1973 1476 1994 et
1500 1969 1618 1995 insanias
1640 1968 1703 2003 quis
1725 1966 1847 2003 ignorat?

1052 2005 1114 2032 Erat
1128 2006 1156 2032 in
1169 2013 1291 2031 sermone
1305 2014 1360 2036 res,
1381 2014 1503 2040 magnam
1517 2005 1636 2032 Heraclio
1649 2006 1789 2040 pecuniam
1804 2013 1846 2032 re—

1053 2042 1156 2069 lictam:
1176 2051 1227 2069 non
1241 2042 1329 2069 solum
1343 2042 1494 2069 Heraclium
1508 2042 1633 2073 divitem,
1648 2042 1695 2068 sed
1709 2042 1788 2068 etiam
1802 2050 1845 2068 or-

1052 2084 1144 2106 natum
1155 2079 1330 2114 supellectile,
1342 2084 1459 2115 argento,
1468 2085 1550 2110 veste,
1559 2079 1700 2114 mancipiis
1712 2078 1842 2105 futurum.

1052 2119 1093 2144 36.
1115 2117 1197 2143 Audit
1216 2117 1280 2143 hacc
1297 2117 1376 2143 etiam
1390 2117 1498 2143 Verres:
1522 2121 1547 2142 et
1565 2117 1664 2152 primo,
1684 2115 1731 2143 illo
1743 2124 1794 2143 suo
1807 2115 1844 2142 le—

1052 2155 1125 2181 viore
1139 2154 1248 2180 artificio
1261 2153 1411 2180 Heraclium
1425 2153 1533 2189 aggredi
1547 2159 1668 2184 conatur,
1685 2158 1713 2179 ut
1726 2161 1787 2179 eum
1802 2161 1845 2180 ro·

1050 2196 1095 2227 get
1108 2191 1286 2226 inspicienda,
1301 2199 1370 2225 quae
1384 2200 1435 2218 non
1450 2190 1550 2217 reddat.
1589 2190 1689 2217 Deinde
1702 2199 1715 2216 a
1729 2190 1844 2225 quibus-

1051 2229 1112 2255 dam
1124 2228 1300 2264 Syracusanis
1313 2228 1479 2259 admonetur,
1495 2228 1533 2263 (bi
1547 2233 1635 2255 autem
1648 2227 1758 2262 quidam
1770 2233 1843 2254 erant

1051 2265 1145 2292 affines
1160 2265 1254 2295 istius.
1274 2273 1389 2300 quorum
1407 2267 1457 2292 iste
1471 2274 1568 2292 uxores
1581 2273 1728 2299 numquam
1743 2264 1842 2291 alienas

1051 2303 1228 2334 existimavit,
1252 2302 1408 2329 Cleomenes
1430 2307 1456 2328 et
1473 2302 1613 2329 Aeschrio:
1640 2302 1688 2336 qui
1711 2306 1841 2336 quantum

1050 2339 1122 2374 apud
1140 2340 1235 2371 istum,
1256 2344 1282 2365 et
1294 2348 1375 2374 quam
1390 2340 1461 2374 turpi
1479 2339 1512 2365 de
1528 2347 1622 2365 caussa
1641 2339 1789 2373 potuerint,
1809 2347 1843 2365 ex

1051 2376 1162 2411 reliquis
1172 2377 1332 2403 criminibus
1342 2375 1523 2412 intelligetis:)
1533 2375 1570 2407 hi,
1583 2381 1611 2402 ut
1621 2375 1688 2406 dico,
1706 2375 1841 2402 hominem

1049 2413 1206 2445 admonent,
1226 2422 1282 2440 rem
1299 2422 1358 2440 esse
1376 2413 1548 2448 praeclaram,
1568 2413 1678 2439 domum
1693 2413 1705 2425 ’
1720 2412 1841 2439 refertam

1049 2451 1176 2478 omnibus
1194 2451 1289 2483 rebus;
1317 2451 1408 2486 ipsum
1425 2455 1514 2476 autem
1532 2449 1682 2476 Heraclium
1705 2449 1840 2476 hominem

1049 2497 1108 2514 esse
1118 2488 1244 2514 maiorem
1255 2492 1326 2516 natu.
1335 2496 1386 2514 non
1397 2487 1638 2522 promptissimum,
1646 2492 1672 2513 et
1681 2495 1752 2517 eum,
1765 2495 1841 2522 prae-

1050 2530 1088 2551 ter
1106 2524 1257 2556 Marcellos,
1281 2529 1435 2559 patronum,
1460 2533 1541 2559 quem
1565 2525 1622 2550 iure
1639 2533 1688 2550 suo
1705 2523 1778 2550 adire
1795 2528 1841 2550 aut

1049 2561 1182 2597 appellare
1195 2566 1298 2597 posset,
1319 2561 1416 2587 habere
1430 2561 1578 2593 neminem;
1601 2569 1661 2588 esse
1674 2561 1702 2587 in
1715 2569 1746 2587 eo
1759 2565 1840 2587 testa-

1048 2604 1146 2630 mento,
1161 2607 1216 2634 quo
1227 2598 1274 2625 ille
1287 2598 1364 2625 heres
1377 2603 1447 2624 esset
1461 2598 1585 2633 scriptus,
1602 2603 1632 2625 ut
1644 2602 1745 2624 statuas
1754 2597 1781 2624 in
1793 2606 1840 2633 pa-

1049 2636 1144 2663 laestra
1157 2635 1265 2662 deberet
1277 2643 1387 2670 ponere:
1412 2634 1555 2666 faciemus,
1571 2640 1601 2662 ut
1614 2635 1779 2670 palaestritae
1793 2643 1839 2661 ne-
1880 2662 1884 2667 ,

1048 2678 1112 2708 gent
1124 2681 1158 2699 ex
1171 2677 1327 2700 testamento
1340 2680 1399 2698 esse
1414 2673 1527 2707 positas:
1550 2677 1640 2707 petant
1654 2671 1836 2703 hereditatem.
