1941 3052
357 79 687 106 EPISTULARUM
718 81 771 106 AD
800 80 1030 108 DIVERSOS
1070 82 1424 109 LtB.1.E1³.3-7,

62 152 167 182 damus,
190 158 246 181 nec,
266 150 288 176 si
304 150 370 185 quid
387 160 437 177 non
457 151 662 181 obtinuerimus,
680 150 781 186 repulsi
797 160 856 178 esse
877 153 887 175 t?

61 189 211 216 videamur.
239 189 262 214 4.
275 188 346 214 Tuae
358 189 503 223 sapientiae
515 188 764 224 magnitudinisque
775 189 857 215 animi

62 231 111 257 est,
128 234 234 252 omnem
252 224 457 260 amplitudinem
476 230 501 252 et
510 226 667 261 dignitatem
680 230 752 252 tuam
764 226 791 252 in
804 227 858 252 vir·
878 218 887 263 ³⁴,

62 268 118 291 tute
137 267 216 298 atque
236 263 263 288 in
278 262 359 288 rebus
373 263 457 298 gestis
473 263 526 289 tuis
542 268 621 298 atque
636 264 663 289 in
674 268 717 289 tua
729 264 858 299 gravitate
879 263 887 289 ἰ
1000 294 1005 298 ἱ
1424 295 1430 300 ⁴
1443 295 1458 300 υ
1642 295 1647 300 ’

61 301 175 337 positam
196 300 363 326 existimare:
393 301 415 326 si
436 300 502 334 quid
517 309 550 326 ex
564 301 598 326 iis
614 301 707 331 rebus,
725 309 792 335 quas
809 301 857 327 tibi
909 299 981 313 ‘⁰¹'u'''
993 294 1046 317 '¹⁴¹⁸'
1061 294 1088 314 ‘¹⁰
1097 301 1176 335 “¹⁰3⁵‘'
1187 295 1259 320 regia,
1274 296 1301 315 ¹¹²
1311 295 1484 335 ⁵¹¹³⁵.“'¹¹⁵¹¹¹¹.⁵.'
1500 296 1527 315 ‘¹²
1537 300 1663 335 ‘⁰¹¹⁸¹³¹¹{¹‘f
1674 300 1704 335 f‘'

62 339 165 365 fortuna
177 337 270 373 largita
280 341 329 368 est,
338 337 528 364 nonnullorum
540 338 678 364 hominum
690 338 800 372 perfidia
811 338 858 364 de-
879 336 887 354 1
910 328 986 352 nenda,
998 329 1024 348 de
1035 336 1073 348 suu
1085 333 1107 349 et
1117 337 1171 357 reip.
1184 334 1251 355 statu,
1262 331 1288 351 de
1299 330 1391 351 Tulliae
1402 334 1499 357 nupms,
1511 331 1537 350 de
1548 330 1639 351 Lentuli
1649 331 1704 351 1111...

63 376 177 405 traxerit,
191 374 218 401 id
231 375 322 401 maiori
335 375 388 401 illis
401 374 496 405 fraudi,
510 384 591 410 quam
603 375 651 401 tibi
664 374 795 401 futurum.
835 375 857 401 Α
878 396 881 424 b

62 421 104 440 me
125 411 230 438 nullum
252 416 358 447 tempus
380 413 598 447 praetermittitur
616 412 649 438 de
668 413 720 438 tuis
738 413 816 438 rebus
833 417 858 438 et
886 435 887 443 ,

61 449 158 486 agendi
169 454 195 476 et
205 450 352 485 cogitandi:
369 454 482 485 utorque
494 449 525 476 ad
537 450 624 476 onmia
635 448 666 481 Q.
680 449 790 476 Selicio:
812 458 858 475 ne—
879 447 887 462 ¹³

878 486 887 498 '¹
909 486 957 512 tibi
973 495 1044 517 esse,
1062 487 1134 522 quod
1149 488 1241 514 crebro
1255 489 1349 515 certior
1366 498 1412 523 per
1423 497 1465 515 me
1477 490 1523 515 fias
1535 489 1568 515 de
1578 490 1704 516 omnibns

878 518 887 536 '¹
909 523 1002 554 rebus,
1020 529 1045 550 et
1061 532 1147 550 meam
1163 533 1225 560 erga
1240 530 1264 551 te
1280 525 1491 552 benevolentiam
1509 526 1584 553 facile
1601 528 1705 562 perspi-

61 496 114 523 que
125 487 195 513 enim
207 486 404 522 prudentiorem
416 495 580 522 quemquam
591 496 624 513 ex
636 487 698 518 tuis,
708 496 794 522 neque
806 486 856 513 fide

61 525 160 552 maiore
171 533 229 551 esse
241 524 338 556 iudico,
352 533 439 559 neque
450 525 622 551 amantiorem
637 525 685 550 tui.

104 621 120 640 V
142 621 161 639 lo.
191 619 267 638 ΑΚΘ.
292 621 376 639 Caussa
391 619 451 644 regin
466 626 478 639 a
493 618 598 645 Pompeio
611 618 652 638 iam
664 625 732 644 paene
743 618 857 642 derelicta,

59 697 139 710 caussa
149 696 172 710 se
183 689 290 709 conferat.

103 727 202 750 (Eiusdem
212 727 254 743 nuni
265 732 326 743 men-e
332 725 452 748 Februario.)
468 726 529 748 (Haec
539 731 568 748 ep.
579 731 589 742 a
600 725 702 749 superiore,
708 731 788 748 quacum
799 725 856 748 vulgo

59 762 146 785 iungitur,
157 762 202 780 M».
214 761 325 778 auctorit-te
335 767 345 778 a
355 761 412 779 Mart.
428 761 475 783 Lug.
492 764 509 778 et
520 760 607 778 Stliit'tzio
618 760 727 783 disiuncta.)

137 813 172 839 Μ.
185 813 214 838 Τ.
231 812 259 839 C.
276 811 304 838 S.
320 812 351 838 D.
366 812 395 838 P.
411 811 597 838 LENTULO
617 811 778 838 PROCOS.

115 864 136 888 t.
157 857 213 888 Hic
224 870 292 897 quae
303 866 422 897 agantur,
431 870 553 897 quaeque
565 866 621 888 acta
631 862 694 892 sint,
703 870 732 888 ea
744 866 768 888 te
779 866 804 888 et
812 861 855 888 lit-

59 899 122 925 teris
142 899 288 926 multorum
303 904 329 925 et
344 899 445 926 nuntiis
459 907 618 935 cognoscere
628 900 754 926 arbitror:
786 908 854 934 quae

58 941 145 963 autem
161 937 246 971 posita
259 937 362 963 suntin
372 938 532 967 coniectura,
546 945 669 972 quaeque
680 937 747 963 mihi
759 937 854 963 viden-

59 979 101 1001 tur
113 974 175 1006 fore,
189 983 217 1000 ea
230 979 294 1009 puto
306 974 354 1001 tibi
368 983 382 1000 a
394 983 436 1001 me
446 975 527 1001 scribi
538 979 668 1009 oportere.

111 1012 286 1047 Posteaquam
301 1012 444 1047 Pompeius
458 1017 484 1038 et
497 1012 568 1047 apud
580 1012 711 1047 populum
723 1021 747 1038 a.
759 1011 786 1038 d.
799 1021 851 1038 viu.

57 1049 120 1076 Idus
138 1050 226 1080 Febr.,
240 1058 325 1085 quum
337 1058 386 1085 pro
396 1049 494 1076 Milone
510 1050 618 1081 diceret,
634 1049 749 1076 clamore
760 1050 854 1076 convi-

57 1087 151 1122 cioque
172 1088 285 1114 iactatus
301 1091 354 1118 est,
375 1088 402 1114 in
418 1092 567 1123 senatuque
581 1096 595 1114 a
611 1087 709 1114 Catone
724 1095 816 1122 aspere
827 1091 853 1113 et

57 1125 149 1151 acerbe
170 1125 284 1151 nimium
300 1133 397 1160 magno
411 1124 518 1152 silentio
534 1129 575 1151 est
594 1129 749 1152 accusatus:
776 1125 852 1151 visus

56 1166 97 1188 est
117 1163 183 1189 milii
199 1162 369 1189 vehementer
383 1171 441 1188 esse
455 1162 636 1197 perturbatus.
681 1163 775 1197 Itaque
790 1161 852 1188 Ale-

55 1199 186 1226 xandrina
206 1208 309 1231 caussa,
331 1208 401 1235 quae
421 1200 498 1226 nobis
513 1199 602 1226 adhuc
617 1201 719 1236 integra
734 1204 783 1231 est,
801 1199 853 1235 (ni-

56 1237 93 1263 hil
114 1238 185 1263 enim
207 1237 256 1264 tibi
267 1237 381 1264 detraxit
393 1242 511 1269 senatus,
525 1238 577 1264 nisi
589 1237 625 1268 id,
638 1237 711 1272 quod
722 1246 769 1272 per
780 1245 852 1263 eam-

55 1274 116 1301 dem
135 1275 290 1311 religionem
307 1274 362 1301 dari
377 1274 453 1301 alteri
465 1283 516 1301 non
529 1274 636 1310 potest,)
647 1275 752 1301 videtur
762 1274 852 1301 abillo

55 1312 133 1347 plane
144 1321 202 1339 esse
213 1312 343 1347 deposita.
366 1313 390 1339 2.
412 1313 489 1338 Nunc
501 1312 527 1338 id
539 1321 688 1347 speramus,
701 1312 783 1347 idque
794 1320 853 1339 mo-

55 1349 145 1381 limur,
159 1355 189 1376 ut
199 1358 253 1381 rex,
267 1358 352 1385 quum
363 1348 503 1385 intelligat,
516 1358 575 1377 sese
586 1349 848 1386 id,quodcogitabat,

54 1392 85 1414 ut
99 1396 113 1414 a
129 1388 253 1423 Pompeio
269 1387 422 1418 reducatur,
441 1388 549 1423 assequi
565 1396 616 1414 non
632 1396 724 1422 posse:
742 1392 780 1418 et,
798 1388 851 1414 nisi

54 1433 101 1460 per
113 1430 138 1451 te
148 1425 183 1452 sit
194 1425 346 1456 restitutus,
362 1424 497 1451 desertum
509 1433 538 1451 se
549 1430 628 1460 atque
639 1425 772 1452 abiectum
785 1424 848 1456 fore,

54 1463 236 1498 proficiscatur
246 1462 278 1489 ad
291 1467 328 1489 te:
341 1462 414 1497 quod
425 1462 482 1489 sine
494 1462 548 1489 ulla
559 1462 734 1494 dubitatione,
743 1463 765 1489 si
773 1463 851 1489 Pom-

53 1500 131 1535 peius
147 1499 268 1535 paullum
287 1499 366 1526 modo
385 1499 529 1526 ostenderit
548 1500 600 1526 sibi
622 1500 738 1535 placere,
761 1499 848 1527 faciet.

53 1537 107 1564 Sed
122 1538 191 1564 nosti
207 1537 323 1564 hominis
339 1537 488 1564 tarditatem
503 1542 528 1564 et
539 1538 754 1564 taciturnitatem.
796 1538 849 1564 Nos

54 1579 140 1602 tamen
153 1574 230 1606 nihil,
243 1574 314 1610 quod
326 1575 357 1601 ad
369 1583 426 1601 eam
439 1583 493 1601 rem
505 1575 647 1609 pertineat,
662 1575 850 1610 praetermitti-

53 1621 124 1639 mus.
156 1612 256 1640 Ceteris
267 1613 383 1643 iniuriis,
397 1621 465 1647 quae
480 1613 630 1647 propositae
641 1617 704 1639 sunt
715 1621 728 1639 a
740 1613 847 1644 Catone,

54 1649 138 1681 facile,
151 1654 181 1677 ut
191 1658 277 1684 spero,
291 1650 457 1676 resistemus.
481 1650 605 1676 Amicum
618 1658 651 1676 ex
661 1649 848 1677 consularibus

53 1687 185 1714 neminem
202 1687 250 1714 tibi
266 1695 324 1714 esse
340 1686 430 1718 video,
453 1691 556 1722 praeter
566 1687 737 1714 Hortensium
754 1692 779 1714 et
795 1688 849 1714 Lu-

51 1724 167 1751 cullum:
189 1725 269 1751 ceteri
283 1730 346 1751 sunt
363 1725 459 1759 partim
476 1725 618 1751 obscurius
633 1726 734 1760 iniqui,
752 1726 847 1760 partim

53 1770 103 1789 non
115 1761 315 1789 dissimulanter
326 1762 395 1788 irati.
423 1762 462 1789 Tu
475 1761 515 1788 fac
526 1763 614 1789 animo
626 1761 685 1789 forti
698 1771 848 1799 magnoque

51 1799 102 1830 sis,
116 1807 271 1834 speresque,
285 1799 339 1826 fore
351 1804 392 1830 ut,
411 1799 492 1826 fracto
503 1800 604 1834 impetu
619 1799 748 1827 levissimi
761 1801 849 1827 homi-
870 1829 879 1838 μ

51 1837 102 1868 nis,
111 1841 182 1864 tuam
195 1837 334 1872 pristinam
345 1836 501 1873 dignitatem
513 1841 539 1864 et
549 1837 661 1873 gloriam
672 1846 845 1874 consequare.

105 1931 141 1951 Vt.
158 1930 201 1950 AR
209 1930 235 1951 G.
250 1930 341 1951 sotatur
351 1930 468 1952 Lentulum
483 1931 506 1952 in
517 1932 577 1952 tardo
589 1936 691 1958 «periitne
701 1932 733 1952 rei
744 1939 845 1959 progres-

51 1972 83 1989 ιιι,
95 1969 116 1986 et
127 1972 203 1990 magun
215 1972 264 1986 cue
275 1965 346 1986 animo
357 1965 426 1987 iubet.

223 2003 303 2025 (th-mne
313 2003 347 2021 (Ἲι.
359 2003 447 2024 hrum-ln,
458 2003 547 2026 Philippo
557 2010 604 2021 cun.
617 2005 672 2025 G‘m).

105 2098 128 2123 l.
147 2092 228 2128 Quae
239 2100 372 2131 gerantur,
385 2096 500 2131 accipies
512 2104 545 2123 ex
556 2096 683 2128 Pollione,
697 2098 744 2132 qui
758 2098 846 2124 omni-

50 2133 100 2161 bus
111 2134 224 2170 negotiis
237 2142 287 2160 non
300 2133 420 2160 interfuit
430 2133 528 2164 solum,
541 2134 588 2160 sed
600 2134 723 2169 praefuit.
765 2135 806 2162 Me
818 2136 845 2162 in

49 2179 154 2198 summo
165 2171 263 2202 dolore,
272 2179 352 2206 quem
364 2179 396 2197 ex
409 2171 462 2197 tuis
475 2171 554 2197 rebus
566 2172 650 2206 capio,
664 2173 780 2199 maxime
793 2173 845 2199 sci-

51 2207 109 2236 licet
119 2208 270 2236 consolatur
281 2217 353 2243 spes,
366 2208 438 2243 quod
451 2208 528 2234 valde
539 2209 670 2243 suspicor,
685 2209 747 2241 fore,
765 2210 846 2237 utin-
868 2221 869 2236 ι

51 2244 178 2282 fringatur
199 2246 337 2273 hominum
360 2245 530 2280 improbitas,
552 2250 578 2272 et
597 2246 717 2273 consiliis
739 2252 843 2274 tuorum
867 2248 869 2269 Γ

49 2283 206 2315 amicorum,
225 2288 251 2310 et
266 2284 323 2318 ipsa
338 2283 394 2309 die:
417 2291 487 2317 quae
502 2282 623 2310 debilitat
636 2284 808 2319 cogitationes
819 2289 845 2311 et
867 2315 868 2320 ¹

49 2319 215 2349 inimicorum
227 2325 252 2347 et
263 2320 438 2355 proditorum.
469 2321 492 2346 2.
509 2320 594 2346 Facile
605 2321 723 2347 secundo
735 2321 791 2348 loco
802 2330 844 2348 me
867 2321 868 2324 ’

49 2357 197 2385 consolatur
220 2358 365 2385 recordatio
391 2366 510 2384 meorum
537 2362 701 2392 temporum:
728 2367 843 2393 quorum

49 2393 189 2431 imaginem
203 2395 279 2422 video
290 2396 316 2422 in
329 2395 408 2421 rebus
421 2395 484 2421 tuis.
526 2395 591 2421 Nam
603 2395 651 2421 etsi
664 2396 766 2422 minore
778 2397 803 2422 iu
817 2405 843 2422 re
866 2402 867 2414 ι

51 2431 160 2459 violatur
172 2437 214 2459 tua
226 2432 357 2469 dignitas,
374 2441 455 2467 quam
469 2440 525 2458 mea
537 2432 611 2458 sulus
625 2432 720 2459 afflicta
732 2433 780 2459 sit:
804 2437 843 2460 tu-

50 2475 107 2495 men
119 2474 158 2496 est
169 2474 239 2497 tanta
249 2470 408 2501 similitudo,
423 2475 450 2496 ut
461 2478 565 2504 sperem
582 2474 605 2496 te
617 2470 682 2496 milii
695 2470 840 2506 ignoscere,

48 2505 71 2532 si
86 2514 115 2533 en
131 2515 182 2534 nou
198 2508 346 2538 timuerim,
369 2516 438 2543 quae
454 2515 486 2533 ue
502 2511 529 2534 tu
545 2507 655 2542 quidem
669 2515 797 2542 umquam
810 2508 843 2534 ti-

49 2543 142 2570 menda
153 2543 264 2572 duxisti.

49 2580 94 2611 ris,
107 2581 233 2608 utGraeci
245 2582 347 2613 dicunt,
362 2582 516 2618 unguiculis
528 2591 555 2608 es
566 2583 698 2617 cognitus.
721 2582 842 2609 illustra·
864 2584 865 2611 ξ

885 707 886 714 ’
908 718 970 736 cum
981 719 1061 745 quam
1073 711 1232 745 saepissime
1243 711 1388 746 colloquar.

305 2544 357 2571 Sed
373 2549 476 2580 praesta
489 2549 512 2571 te
524 2553 595 2575 eum,
608 2545 655 2579 qui
667 2545 732 2571 mibi
745 2554 758 2571 u
769 2550 842 2572 tene·
863 2565 872 2577 0

49 2616 168 2650 bit‚milii
182 2618 268 2651 crede,
277 2623 349 2647 tuam
361 2619 566 2655 amplitudinem
580 2619 718 2647 bominum
733 2620 838 2647 iniuria.

1657 85 1705 110 665

909 152 929 178 A
946 161 987 178 me
1003 153 1092 179 omnia
1107 161 1212 179 summa
1229 154 1255 179 in
1273 158 1295 180 te
1312 154 1399 180 studia
1416 153 1555 189 officiaque
1570 160 1704 189 exspecta.

909 190 966 216 Non
979 189 1068 216 fallam
1080 191 1231 225 opinionem
1244 196 1326 217 tuam.
1367 191 1439 217 Vale.

961 259 1011 279 wi.
1028 259 1105 280 ΑΚΘ.
1125 260 1158 280 De
1168 259 1292 280 litterarum
1304 261 1330 280 ud
1341 260 1456 280 Lentulum
1468 260 1598 284 crebritate,
1614 261 1640 280 de
1652 261 1705 281 ami-

1024 365 1092 389 (Eud.,
1103 373 1139 390 quo
1149 371 1209 388 sexta,
1219 371 1250 384 aut
1261 371 1355 390 sapiente,
1366 371 1386 384 ut
1397 367 1477 388 videtur,
1488 374 1536 384 anno
1546 374 1574 384 scr
1585 369 1592 387 )

981 404 1016 429 M.
1034 404 1064 429 Τ,
1081 404 1109 430 C.
1128 405 1155 431 S.
1174 406 1201 432 l).
1220 406 1248 431 Ρ.
1267 405 1448 432 LENTULO
1469 406 1630 433 PROCOS.

964 450 987 475 4.
1004 450 1067 485 Legi
1079 455 1137 476 tuas
1155 450 1266 481 litteras,
1282 451 1383 485 quibus
1396 452 1427 477 ad
1440 461 1481 478 me
1493 452 1588 478 scribis
1598 457 1704 488 gratum

909 561 977 587 cias.-
1000 570 1114 596 quorum
1126 561 1237 588 alterum
1249 563 1329 593 mihi,
1344 568 1372 589 ut
1385 569 1407 589 te
1421 564 1568 598 plurimum
1581 564 1701 600 diligam,

910 597 993 624 facere
1004 607 1113 625 necesse
1124 604 1172 630 est,
1186 600 1209 625 si
1222 599 1281 626 volo
1292 601 1314 626 is
1325 609 1392 631 esse,
1401 610 1481 635 quem
1495 606 1522 627 tu
1535 610 1576 627 me
1588 610 1646 628 esse
1658 611 1705 628 vo-

61 655 157 675 futurum
173 654 217 674 silvi
232 654 303 674 u‘deri
320 654 406 678 scribit,
422 658 447 674 ut
462 661 502 674 rex
512 654 538 673 ad
550 653 666 674 Lentulum
677 653 810 674 restituendi
822 653 857 674 sui
884 636 886 673 l
910 635 997 662 husu:
1019 635 1132 662 alterurn
1145 636 1211 663 faeio
1223 637 1347 668 libenter’
1364 643 1405 668 ult
1423 640 1549 673 quonian¹
1564 639 1705 665 intervallo

909 672 1026 699 locorum
1038 677 1063 699 et
1074 678 1224 708 temporum
1236 674 1363 701 disiuncti
1375 684 1479 706 sumus,
1494 685 1541 710 per
1554 676 1652 702 litteras
1667 682 1705 703 te-

1428 712 1504 745 Quod
1516 714 1539 739 si
1552 715 1636 740 rarius
1649 714 1701 744 fiet,

908 756 988 782 quam
1005 752 1032 774 tu
1049 748 1230 782 exspectabis,
1248 749 1275 775 id
1291 750 1341 775 erit
1355 758 1479 781 caussae,
1497 751 1569 785 quod
1582 760 1633 777 non
1645 752 1703 777 eius

906 785 1012 820 generis
1025 793 1097 811 meae
1110 785 1210 812 litterae
1222 791 1293 817 sunt,
1302 791 1331 812 ut
1342 795 1385 812 eas
1398 787 1510 814 audeam
1522 793 1620 814 temere
1631 797 1704 814 com-

907 823 1019 848 mittere.
1060 822 1169 854 Quoties
1190 824 1257 849 mihi
1277 829 1408 850 certorum
1431 825 1570 851 hominum
1588 830 1704 860 potestas

906 860 964 891 erit,
977 860 1078 894 quibus
1090 865 1159 886 recte
1170 860 1240 892 dem,
1259 870 1310 887 non
1322 863 1539 896 praetermittam.
1581 866 1604 889 2.
1627 863 1702 895 Quod

906 897 974 923 scire
986 898 1040 928 vis,
1058 906 1110 932 qua
1122 898 1239 933 quisque
1250 899 1277 925 in
1290 903 1314 925 te
1327 899 1376 925 fide
1387 900 1421 926 sit
1433 904 1458 926 et
1469 900 1618 931 voluntate,
1631 900 1704 927 disli-

905 934 955 960 cile
971 934 1044 961 dictu
1060 940 1100 961 est
1114 935 1148 962 de
1163 936 1289 971 singulis.
1330 937 1419 963 Unum
1435 937 1502 964 illud
1513 938 1613 969 audeo,
1631 939 1703 973 quod

905 976 980 998 antea
993 972 1041 998 tibi
1052 981 1131 1007 saepe
1142 973 1301 1009 significavi,
1315 983 1386 1000 nunc
1397 983 1513 1010 quoque,
1528 984 1555 1002 re
1567 981 1703 1010 perspecta

905 1014 930 1036 et
939 1010 1052 1045 cognita,
1067 1011 1196 1037 scribere:
1211 1011 1382 1038 veliementer
1392 1013 1523 1047 quosdam
1538 1013 1704 1044 homines&

904 1055 949 1073 eos
960 1048 1086 1079 maxime,
1099 1049 1146 1083 qui
1158 1053 1182 1075 te
1194 1053 1219 1075 et
1230 1049 1346 1075 maxime
1357 1049 1507 1076 debuerunt
1519 1055 1543 1076 et
1555 1050 1702 1085 plurimum

904 1085 996 1112 iuvare
1008 1090 1159 1120 potuerunt,
1168 1086 1298 1113 invidisse
1309 1086 1433 1122 dignitati
1445 1092 1512 1119 tuae,
1522 1088 1703 1114 simillimam-

904 1131 956 1157 que
968 1123 995 1148 in
1007 1131 1034 1148 re
1045 1122 1186 1155 dissimili,
1200 1124 1238 1150 tui
1252 1125 1377 1159 temporis
1390 1134 1474 1156 nunc,
1486 1130 1511 1152 et
1523 1126 1604 1152 nostri
1616 1135 1703 1160 quon-

903 1159 965 1186 dam
977 1159 1061 1187 fuisse
1078 1161 1219 1188 rationem:
1242 1166 1284 1193 ut,
1301 1171 1369 1197 quos
1385 1167 1414 1189 tu
1428 1163 1591 1198 reipublicae
1607 1172 1701 1189 caussa

906 1197 1026 1228 laeseras,
1036 1198 1123 1233 palam
1132 1203 1155 1225 te
1166 1204 1365 1235 oppugnarent,
1381 1209 1496 1235 quorum
1509 1202 1700 1231 auctoritatem,

903 1234 1060 1271 dignitatem
1073 1236 1291 1271 voluntatemque
1302 1237 1468 1269 defenderas,
1478 1243 1588 1264 nontam
1601 1247 1703 1264 memo·

905 1281 945 1298 res
961 1278 1050 1299 essent
1066 1273 1173 1300 virtutis
1187 1278 1261 1305 tuae,
1284 1283 1364 1309 quam
1383 1275 1470 1301 laudis
1491 1276 1603 1302 inimici.
1644 1276 1703 1307 Quo

903 1309 1014 1344 quidem
1031 1315 1161 1346 tempore,
1184 1316 1213 1338 ut
1229 1313 1373 1347 perscripsi
1389 1312 1421 1338 ad
1439 1317 1462 1339 te
1478 1318 1566 1343 antea,
1590 1314 1701 1348 cognoxi

904 1348 1073 1374 Hortensium
1086 1348 1263 1383 percupidum
1277 1350 1323 1379 tui,
1338 1350 1488 1376 studiosum
1502 1350 1653 1378 Lucullum,
1669 1359 1701 1376 cx

903 1385 1104 1420 magistratibus
1120 1390 1208 1412 autem
1223 1387 1252 1413 L.
1267 1387 1395 1413 Racilium
1413 1392 1437 1414 et
1449 1388 1499 1414 fide
1510 1392 1534 1414 et
1546 1389 1634 1413 animo
1645 1388 1702 1414 sin-

902 1422 998 1457 gulari.
1040 1423 1106 1449 Nam
1119 1428 1206 1450 nostra
1219 1426 1396 1460 propugnatio
1407 1434 1436 1451 ac
1450 1425 1571 1451 defensio
1584 1425 1701 1460 ‹tignita-

903 1461 936 1486 tis
949 1465 1021 1491 tuae,
1041 1465 1148 1495 propter
1159 1461 1372 1497 magnitudinem
1385 1462 1507 1489 beneficii
1519 1463 1570 1492 tui,
1590 1462 1700 1489 fortasse

903 1497 1039 1532 plerisque
1054 1497 1135 1524 officii
1151 1499 1276 1525 maiorem
1294 1501 1475 1526 auctoritatem
1492 1500 1589 1526 habere
1610 1500 1701 1526 videa—

902 1540 953 1565 tur,
965 1544 1047 1570 quam
1059 1537 1216 1562 sententiae.
1249 1538 1272 1563 3.
1292 1537 1426 1564 Praeterea
1438 1537 1547 1572 quidem
1559 1537 1592 1563 (le
1602 1546 1700 1564 consu-

903 1572 1003 1598 laribus
1016 1573 1116 1600 nemini
1127 1582 1236 1608 possum
1249 1579 1294 1600 aut
1304 1574 1386 1601 studii
1398 1580 1499 1611 orgate,
1508 1580 1553 1601 aut
1563 1575 1642 1601 officii
1655 1580 1700 1601 aut

901 1611 978 1636 amici
991 1611 1073 1637 animi
1086 1619 1144 1636 esse
1156 1611 1240 1637 testis.
1282 1612 1386 1638 Etenim
1399 1613 1570 1647 Pompeium,
1583 1613 1630 1647 qui
1643 1621 1699 1638 me-

900 1657 962 1674 cum
983 1649 1156 1683 saepissime,
1180 1657 1230 1675 non
1252 1649 1339 1675 solum
1361 1660 1374 1676 a
1399 1658 1440 1676 mc
1457 1656 1628 1685 provocatus,
1652 1649 1698 1676 seul

901 1686 979 1712 etiam
991 1694 1038 1712 sua
1052 1690 1146 1720 sponte
1157 1685 1190 1712 de
1202 1691 1226 1712 te
1237 1688 1434 1714 communicare
1450 1687 1528 1717 solet,
1547 1688 1612 1718 scis,
1632 1692 1700 1713 teui-

901 1723 1012 1758 poribus
1028 1724 1081 1750 illis
1097 1732 1148 1750 non
1159 1732 1238 1758 saepe
1249 1725 1275 1750 in
1287 1730 1379 1751 senatu
1394 1725 1486 1751 fuisse.
1527 1725 1575 1750 Cui
1588 1724 1699 1759 quidem

902 1761 1001 1787 litterae
1014 1766 1083 1793 tuae,
1096 1769 1164 1796 quas
1176 1762 1297 1796 proxime
1309 1763 1434 1792 miseras,
1447 1762 1520 1797 quod
1533 1762 1608 1789 facile
1620 1762 1700 1788 intel-

901 1798 1025 1829 lexerim,
1043 1799 1224 1833 periucundae
1242 1799 1358 1826 fuerunt.
1400 1800 1464 1826 Mihi
1480 1799 1590 1835 quidem
1604 1800 1699 1826 huma-

900 1836 968 1862 nitas
985 1840 1028 1862 tua
1046 1836 1086 1863 vel
1104 1845 1210 1863 summa
1222 1838 1310 1872 potius
1321 1838 1450 1872 sapientia
1464 1846 1514 1864 non
1528 1837 1643 1863 iucunda
1655 1846 1700 1863 so-

900 1873 965 1904 lum,
979 1873 1026 1900 scd
1037 1875 1116 1901 etiam
1128 1873 1294 1901 admirabilis
1306 1876 1362 1901 visa
1374 1880 1423 1902 est.
1465 1875 1555 1901 Virum
1567 1875 1638 1901 euim
1652 1883 1699 1901 ex·-

898 1911 1037 1938 cellentem
1055 1916 1080 1938 et
1095 1912 1143 1938 tibi
1161 1916 1203 1937 tua
1216 1913 1359 1947 praestanti
1372 1913 1397 1939 in
1410 1921 1471 1939 cum
1485 1912 1640 1939 liberalitate
1651 1912 1697 1938 dc-

901 1948 1033 1980 vinctum,
1057 1948 1178 1976 nonnihil
1199 1951 1395 1986 suspicantem,
1419 1955 1525 1985 propter
1544 1949 1695 1984 aliquorum

869 2005 870 2015 ,
898 1986 1050 2021 opinionem
1063 1995 1127 2013 snae
1138 1987 1306 2022 cupiditatis,
1326 1993 1349 2014 te
1361 1988 1393 2014 ab
1405 1997 1433 2014 se
1445 1987 1637 2017 abalienatum,
1652 1987 1696 2013 illa

123 2051 157 2077 M.
175 2051 204 2076 Τ.
222 2050 250 2076 C.
267 2050 294 2076 S.
312 2051 340 2076 D.
359 2050 385 2076 Ρ.
402 2050 586 2077 LENTULO
607 2051 769 2078 PROCOS·
869 2047 877 2061 ,
897 2023 1007 2058 epistola
1020 2024 1162 2051 retinuisti.
1197 2024 1248 2057 Qui
1261 2025 1326 2052 milii
1338 2034 1422 2060 quum
1435 2030 1612 2059 sempertuae
1625 2024 1696 2051 laudi

876 2110 877 2115 ι
898 2098 1057 2125 Caniniano:
1080 2103 1137 2125 tum
1155 2107 1230 2131 veru,
1253 2099 1328 2126 lectis
1345 2101 1397 2126 tuis
1414 2099 1522 2129 litteris,
1539 2105 1695 2134 perspectus

898 2060 987 2087 favere
1003 2061 1077 2087 visus
1092 2066 1145 2093 est,
1167 2062 1246 2089 etiam
1263 2063 1321 2097 ipso
1336 2063 1565 2097 suspiciosissimo
1580 2067 1696 2096 temporo

897 2140 937 2161 est
950 2144 964 2161 a
981 2143 1036 2166 me,
1058 2140 1111 2162 toto
1126 2136 1215 2163 animo
1231 2136 1264 2163 de
1280 2142 1304 2163 te
1319 2146 1348 2163 ac
1366 2137 1399 2163 de
1415 2138 1468 2163 tuis
1488 2137 1651 2162 ornamentis
1671 2143 1696 2162 ct

896 2172 1045 2199 commodis
1060 2174 1184 2208 cogitare.
1226 2175 1250 2201 6.
1272 2174 1358 2206 Qunrc
1373 2183 1415 2204 ea,
1429 2182 1497 2208 quae
1509 2174 1638 2201 scribam.
1657 2174 1695 2198 sic

899 2210 1005 2239 habeto,
1020 2218 1074 2240 me,
1092 2210 1251 2238 ‹·1uiiillore
1262 2219 1341 2245 saepe
1352 2212 1560 2242 rouununicntn,
1576 2211 1608 2236 dc
1621 2210 1694 2236 illius

897 2247 928 2273 ad
945 2252 969 2273 te
989 2247 1119 2273 sententia
1139 2252 1219 2282 atquo
1239 2249 1393 2274 auctoritate
1413 2248 1543 2274 scribere:
1566 2249 1693 2282 quoniam

896 2283 1159 2310 senatusconsultum
1176 2285 1281 2311 nullum
1298 2290 1395 2315 cxstnt,
1418 2294 1472 2320 quo
1487 2285 1604 2311 reductio
1624 2286 1693 2318 regis

896 2321 1069 2348 Alexandrini
1086 2322 1132 2347 tibi
1150 2322 1273 2357 adempta
1285 2323 1333 2348 sit:
1351 2331 1449 2357 enque,
1462 2331 1531 2357 quac
1543 2322 1575 2347 dc
1587 2330 1615 2347 cu
1628 2323 1694 2348 scri-

873 2374 874 2382 .
896 2363 993 2393 ptaest,
1003 2359 1204 2390 auctoritas,cui
1216 2360 1270 2386 scis
1282 2360 1456 2386 intercessum
1471 2368 1538 2388 csse.
1548 2365 1574 2385 ut
1588 2360 1692 2394 nequis

894 2396 1003 2422 omnino
1014 2404 1101 2431 regem
1115 2396 1264 2427 reduceret,
1283 2402 1379 2423 tamtam
1394 2397 1447 2423 vini
1461 2397 1552 2426 lmbct,
1567 2401 1594 2422 nt
1606 2397 1691 2431 magis

895 2434 1021 2460 iratorum
1035 2433 1172 2460 bominum
1185 2434 1320 2465 studium,
1333 2443 1414 2469 (μιιιιιι
1426 2435 1572 2461 constantis
1583 2439 1691 2460 senatus

893 2470 1036 2497 consilium
1049 2479 1106 2497 esse
1120 2471 1253 2498 videatur:
1271 2477 1294 2498 te
1307 2473 1456 2506 perspicere
1468 2480 1553 2506 posse.
1566 2472 1613 2506 qui
1627 2471 1692 2497 Cili-

864 2503 873 2517 “’
893 2508 1321 2544 ciamCyprumquetciicns,qui‹l
1334 2509 1438 2535 efficere
1449 2514 1473 2535 ct
1485 2509 1551 2544 quid
1562 2518 1650 2535 conse(
1664 2510 1689 2534 ui

894 2546 995 2580 possis:
1009 2550 1043 2576 et,
1057 2546 1079 2572 si
1092 2555 1133 2572 res
1145 2546 1296 2573 facultatem
1309 2547 1431 2573 habitura
1444 2546 1574 2576 videatur,
1589 2551 1617 2572 ut
1629 2547 1648 2572 A
1663 2556 1690 2572 e—

894 2582 1031 2609 xandriam
1048 2587 1127 2618 etque
1138 2585 1289 2620 Aegyptum
1307 2589 1395 2610 tenere
1407 2584 1507 2619 possis,
1524 2592 1583 2610 esse
1593 2588 1619 2610 et
1630 2589 1689 2610 tnnc

863 2614 872 2649 ¹,
892 2626 917 2648 et
929 2621 1010 2648 nostri
1023 2621 1128 2656 imperii
1139 2621 1286 2658 dignitatis,
1295 2621 1464 2651 Ptolemaide,
1474 2626 1519 2648 aut
1532 2621 1689 2657 aliquopw-

1447 2671 1478 2696 δέ
