1941 3052
225 162 274 186 1500
800 158 840 182 tit.
878 155 911 182 M.
946 155 976 182 T.

225 231 315 261 oratio.
338 238 406 265 (piae.
422 234 461 255 cst
477 238 489 254 n
507 236 548 254 me
559 228 643 262 primu
657 226 744 252 hnbita
757 227 782 252 in
794 225 907 252 senatu?
927 225 953 252 in
965 234 1017 261 qua

225 276 310 303 quum
336 267 475 302 perpaucis
500 265 652 291 nominatim
675 265 789 298 egissem
811 264 923 296 gratias,
945 263 1017 297 quod

225 313 318 331 omncs
339 303 486 330 ‹unnunmri
510 302 583 328 nullo
600 301 677 326 modo
693 305 808 335 possent.
826 300 914 325 scelus
931 305 1018 326 autem

226 347 295 368 csset
306 349 469 376 quemquam
489 339 638 373 praeteriri.
652 338 861 372 statuissemque
872 345 916 363 eos
931 337 1018 363 solum

227 380 375 408 nominare.
397 377 444 412 qui
461 384 570 402 caussae
587 379 690 401 nostrae
704 374 786 401 duces
802 379 827 400 et
841 374 918 409 quasi
935 374 1019 409 signi·
1040 381 1041 407 ζ

227 417 272 443 scri
295 415 421 441 fuissent:
450 415 475 440 in
498 413 539 439 liis
555 412 662 438 Plancio
676 412 773 447 gratias
789 412 841 447 egi.
888 412 1020 438 Recitetur

225 454 315 480 oratio,
338 460 406 486 quae
422 454 528 485 propter
544 450 579 476 rci
598 449 810 484 magnitudinem
826 448 895 474 dicta
911 449 943 474 de
955 450 1020 475 scri-

226 495 269 524 pto
280 494 333 515 est:
357 489 383 514 in
394 497 446 523 qun
459 496 507 523 ego
519 487 598 513 liomo
608 491 711 513 astutus
727 487 749 512 ei
767 494 808 512 me
819 486 959 517 dedebam.
976 486 1019 512 cui

226 526 292 553 nihil
314 534 410 561 magno
423 533 502 560 opere
516 524 650 554 deberem.
667 528 692 550 et
704 523 785 550 liuius
797 524 861 549 tanti
873 522 953 550 officii
964 531 1021 550 ser·-

225 565 336 590 vitutem
359 562 537 599 astringebam
563 562 715 588 testimonio
738 561 910 595 sempiterno.

224 606 323 631 cetera.
346 608 415 634 quae
436 608 449 626 a
475 608 517 625 mc
539 599 659 625 mandata
681 603 744 625 sunt
765 598 872 630 litteris,
895 599 1018 624 recitare:

226 638 412 673 praetermitto.
432 645 464 663 nc
475 641 519 663 aut
532 636 648 671 proferre
661 636 751 662 videar
761 635 793 661 ad
806 640 921 670 tempus.
935 640 980 662 aut
991 644 1021 662 co

223 683 321 711 genere
337 675 375 701 uti
389 674 544 704 litterarum.
557 673 629 709 quod
643 674 708 699 meis
720 673 817 699 studiis
828 674 925 708 aptius.
938 681 1019 709 quam

224 712 413 740 consuetudini
425 712 586 738 iudiciorum
599 720 657 737 esse
670 711 800 737 videatur.

279 750 380 776 xxxi.
406 750 448 775 75.
475 749 561 784 Atque
588 749 667 775 etiam
695 748 828 779 clamitas.
856 747 1018 774 Laterensis:

227 788 363 821 Quousque
383 789 433 813 ista
448 786 533 813 dicis?
554 787 626 813 Nihil
644 788 670 812 in
688 785 773 819 Cispio
787 788 927 819 profecisti.
970 785 1020 811 Ob-

224 827 318 851 sofflne
341 827 393 851 inm
412 828 472 850 sunt
490 832 578 857 preces
599 828 666 849 tuae.
711 823 747 849 De
767 823 859 857 Cispio
874 822 976 848 mihine
992 826 1020 848 tu

224 862 344 892 obiicias.
353 869 432 896 quem
445 869 502 897 ego,
515 861 548 887 de
560 869 601 887 me
614 861 680 886 bene
691 861 816 886 meritum
827 860 899 896 quia.
909 864 933 886 te
944 864 1018 889 teste.

224 907 410 935 cognoveram.
433 903 458 925 te
478 898 570 925 eodem
586 903 691 924 auctore
707 897 833 924 defendi‘?
857 901 883 923 et
898 897 921 923 ei
936 896 1018 927 dices.

212 937 372 972 'Quousque'
393 944 475 971 quem
492 944 580 971 negas.
599 935 670 970 quod
686 943 734 970 pro
745 935 835 970 Cispio
846 934 1018 965 contenderit.

224 974 367 1009 impetrare
379 972 516 1008 potuissc‘?
537 974 601 999 Nam
614 973 692 999 istius
704 972 787 1003 verbi.
799 973 942 1005 Quousque.
958 972 1021 997 baec

225 1015 327 1046 poterat
346 1019 405 1038 esse
421 1010 536 1037 invidia:
559 1010 636 1036 datus
651 1015 691 1036 est
707 1010 754 1036 tibi
771 1009 830 1036 ille:
856 1009 1021 1035 condonatus

224 1049 284 1075 ille:
317 1057 368 1075 non
385 1048 449 1075 facis
465 1048 559 1074 linem:
582 1047 649 1074 ferre
665 1056 716 1073 non
734 1055 892 1081 possumus;
925 1047 948 1072 ei
960 1046 1022 1081 qui-

224 1086 296 1117 dem,
319 1086 365 1120 qui
382 1094 430 1120 pro
445 1093 499 1112 uno
514 1084 645 1116 laborarit.
662 1085 689 1111 id
699 1085 789 1119 ipsum
802 1093 854 1111 non
866 1084 1019 1114 obtinuerit,

225 1160 323 1187 dentis.
364 1160 422 1186 Nisi
438 1160 503 1187 forte
519 1168 568 1195 ego
584 1168 654 1186 unus
671 1160 705 1185 ita
722 1167 764 1185 me
779 1159 851 1195 gessi
863 1159 889 1185 in
901 1158 1019 1189 iudiciis,

224 1198 260 1224 ita
273 1202 369 1224 etcum
384 1198 427 1224 his
438 1202 463 1224 et
474 1197 542 1224 inter
554 1197 601 1224 hos
614 1197 678 1227 vixi.
694 1197 717 1222 is
729 1197 756 1222 in
767 1197 870 1222 caussis
883 1200 1019 1231 patronus,

225 1235 248 1261 is
260 1236 287 1261 in
299 1234 434 1270 republica
446 1235 514 1261 civis
525 1238 550 1260 et
561 1243 621 1260 sum
634 1239 658 1260 et
670 1242 776 1268 semper
787 1233 835 1265 fui,
849 1233 922 1260 solus
934 1238 963 1260 ut
972 1242 986 1259 a
997 1237 1022 1259 te

225 1273 379 1303 constituar,
392 1273 439 1307 qui
451 1272 517 1298 nihil
530 1280 543 1297 a
556 1272 692 1298 iudicibus
706 1271 818 1297 debeam
830 1279 959 1306 umquam
972 1271 1023 1296 im-

225 1314 337 1344 petrare.
367 1310 410 1336 76.
432 1309 466 1335 Et
481 1309 547 1335 mihi
563 1309 727 1335 lacrimulam
739 1308 857 1343 Cispiani
869 1308 964 1334 iudicii
975 1308 1023 1334 ob-

224 1348 320 1374 iectas:
351 1347 390 1373 sic
404 1347 476 1373 enim
492 1346 600 1373 dixisti:
639 1347 696 1372 Vidi
706 1355 751 1379 eqo
764 1351 835 1372 tuam
850 1347 1021 1372 lacrimulam.

226 1384 300 1415 vide,
318 1393 399 1419 quam
411 1393 453 1410 me
464 1384 539 1410 verbi
552 1383 590 1410 tui
603 1383 744 1418 poeniteat.

225 1421 337 1452 mulam.
360 1421 407 1448 sed
425 1421 522 1447 multas
539 1421 669 1451 lacrimas.
687 1425 712 1447 et
725 1419 816 1446 fletum
828 1429 889 1447 cum
901 1419 1022 1456 singultu

225 1459 316 1485 videre
338 1459 458 1494 potuisti.
498 1458 538 1485 An
559 1467 618 1494 ego.
636 1458 683 1493 qui
698 1466 819 1484 meorum
836 1457 961 1488 lacrimis,
980 1465 1022 1483 me

225 1496 344 1527 absente.
361 1500 509 1523 commotus
525 1495 686 1527 simultates,
699 1503 767 1530 quas
779 1503 884 1521 mecum
897 1495 1020 1526 habebat,

224 1534 402 1569 deposuisset.
420 1541 548 1568 meaeque
559 1532 653 1559 salutis
665 1541 717 1559 non
729 1532 808 1559 modo
819 1541 871 1559 non
882 1540 1023 1568 oppugna-

224 1576 272 1602 tor,
285 1571 325 1606 (ut
336 1571 436 1598 inimici
450 1569 1020 1606 meiputarant)sedetiamdefensorfuisset.

225 1608 306 1635 huius
327 1609 354 1635 in
375 1608 494 1643 periculo
514 1617 566 1635 non
585 1607 703 1634 dolorem
720 1615 809 1634 meum
825 1605 1023 1643 significarem?

223 1646 266 1672 77.
279 1646 319 1672 Tu
331 1649 430 1677 autem.
444 1646 603 1676 Laterensis,
617 1645 664 1680 qui
676 1649 733 1671 tum
746 1644 868 1671 lacrimas
879 1652 952 1670 meas
962 1653 1023 1679 gra-

225 1687 264 1710 tas
275 1691 334 1709 esse
345 1683 461 1714 dicebas,
475 1691 547 1709 nunc
558 1682 664 1709 easdem
677 1682 719 1708 vis
729 1682 876 1708 invidiosas
888 1681 983 1707 videri.

278 1720 392 1747 xxxn.
409 1721 506 1756 Negas,
525 1720 690 1746 tribunatum
704 1719 805 1745 Plancii
819 1718 969 1754 quidquam
983 1721 1023 1744 at-

225 1756 322 1784 tulisse
332 1757 480 1784 adiumenti
490 1757 613 1792 dignitati
628 1765 715 1783 meae:
738 1761 817 1791 atque
824 1755 1022 1791 hocloco(quod

225 1794 366 1821 verissime
378 1794 462 1821 facere
474 1793 558 1829 potes)
571 1795 600 1820 L.
608 1794 711 1824 Racilii,
721 1793 892 1820 fortissimiet
898 1797 1023 1819 constan-

224 1832 323 1858 tissimi
344 1832 404 1863 viri.
422 1831 513 1858 divina
528 1831 556 1857 in
573 1840 615 1857 me
629 1831 722 1857 merita
733 1839 933 1857 commemoras.

224 1942 320 1970 Nullas
340 1943 412 1970 enim
433 1943 486 1969 sibi
501 1942 547 1969 ille
562 1951 649 1978 neque
666 1943 857 1973 contentiones.
871 1950 959 1977 neque
969 1942 1023 1968 ini-

225 1981 349 2011 micitias.
371 1989 459 2015 neque
474 1981 545 2006 vitae
560 1980 745 2006 dimicationes
757 1988 804 2006 nec
816 1988 863 2014 pro
874 1979 1019 2014 republica.

225 2026 274 2045 nec
285 2026 333 2053 pro
343 2025 385 2044 me
396 2017 573 2053 defugiendas
584 2017 698 2053 putavit.
720 2017 807 2052 Atque
820 2017 931 2048 utinam.
939 2025 1021 2052 quam

225 2063 275 2091 ego
293 2063 354 2081 sum
370 2055 397 2081 in
409 2054 486 2081 illum
498 2059 599 2091 gratus.
615 2059 668 2081 tam
681 2054 810 2085 licuisset.
824 2062 871 2089 per
881 2054 1022 2081 hominum

226 2093 291 2123 vim.
304 2096 330 2119 et
342 2092 469 2118 iniuriam
481 2093 510 2118 P.
522 2093 565 2123 R..
579 2092 602 2118 ei
614 2092 726 2128 gratiam
737 2091 848 2118 referre!
864 2091 957 2123 Sed‚si
970 2101 1022 2119 non

225 2129 318 2157 eadem
338 2129 475 2156 contendit
499 2130 527 2156 in
548 2129 686 2156 tribunatu
709 2129 847 2159 Plancius.
870 2130 1023 2156 existimare

225 2167 317 2198 debes.
341 2175 392 2193 non
409 2167 472 2193 huic
487 2166 651 2193 voluntatem
668 2166 797 2197 defuisse.
815 2166 862 2193 sed
873 2175 924 2198 me.
937 2175 1022 2202 quum

225 2208 330 2232 tantum
350 2204 403 2230 iam
419 2204 526 2231 Plancio
536 2204 670 2235 deberem,
684 2203 778 2230 Racilii
790 2204 927 2230 benefieiis
938 2204 1024 2231 fuisse

224 2245 390 2268 contentum.
415 2242 458 2267 78.
475 2241 515 2268 An
530 2250 593 2268 vero
608 2245 694 2276 putas.
708 2240 812 2267 iudices
822 2241 922 2268 idcirco
932 2243 1023 2268 minus

226 2287 284 2305 mea
295 2287 390 2305 caussa
405 2278 530 2310 facturos.
539 2278 612 2314 quod
623 2287 665 2305 me
677 2282 848 2314 essegratum
854 2278 1025 2306 crimineris?
1053 2291 1055 2300 ι

225 2325 268 2347 an,
281 2325 367 2351 quum
379 2316 496 2351 populus
502 2317 637 2343 Romanus
648 2315 696 2342 illo
702 2315 942 2348 senatusconsulto,
950 2316 1024 2352 quod

224 2354 254 2380 in
265 2357 438 2380 monumento
453 2354 530 2380 Marii
544 2353 643 2380 factum
655 2357 704 2384 cst,
717 2361 772 2388 quo
783 2361 842 2379 mea
852 2353 926 2380 salus
937 2354 1024 2380 omni-

226 2391 277 2417 bus
288 2395 328 2417 est
338 2391 465 2427 gentibus
476 2390 669 2422 commendata,
682 2391 731 2417 uni
744 2390 794 2417 Cn.
806 2390 914 2417 Plancio
923 2392 1023 2427 gratias

226 2429 317 2463 egerit,
329 2428 411 2464 (unus
422 2428 495 2455 enim
506 2428 557 2454 fuit
567 2428 600 2454 de
611 2427 813 2464 magistratibus
823 2432 870 2454 aut
880 2436 928 2463 pro
937 2429 1025 2464 magi—

227 2465 354 2491 stratibus
374 2465 498 2492 defensor
518 2465 614 2492 salutis
629 2473 716 2496 meae.
733 2465 777 2491 cui
793 2469 902 2492 senatus
918 2474 966 2500 pro
980 2474 1024 2492 me

227 2502 325 2536 gratias
341 2502 457 2537 agendas
472 2502 597 2537 putavit.)
612 2502 636 2528 ei
647 2511 696 2538 ego
706 2510 720 2528 a
732 2510 776 2528 me
785 2502 951 2529 referendam
963 2511 1025 2539 gra·

227 2539 291 2564 tiam
311 2547 363 2565 non
384 2539 493 2573 putem?
512 2540 606 2574 Atqui.
625 2539 690 2565 haec
704 2547 790 2574 quum
804 2539 895 2570 vides,
912 2548 967 2575 quo
981 2548 1024 2566 me
1046 2553 1049 2560 .

227 2574 334 2601 tandem
346 2576 435 2601 animo
445 2577 473 2603 in
484 2581 509 2603 te
520 2581 598 2611 putas
608 2585 676 2607 esse.
685 2576 854 2602 Laterensis?
866 2576 954 2603 ullum
965 2585 1024 2604 esse

227 2615 331 2638 tantum
343 2612 502 2646 periculum,
515 2618 617 2641 tantum
630 2613 755 2645 laborem.
769 2617 868 2640 tantam
878 2615 1025 2641 contentio-

228 2656 299 2679 nem,
321 2657 403 2683 quam
421 2657 470 2685 ego
485 2659 537 2677 non
551 2650 630 2677 modo
644 2659 692 2685 pro
707 2649 794 2676 salute
808 2654 862 2681 tua.
880 2651 928 2678 sed
943 2652 1023 2678 etiam

229 2694 277 2720 pro
296 2685 426 2722 dignitate
441 2686 609 2723 defugerim?
641 2687 700 2720 Quo
714 2686 825 2723 quidem
841 2688 920 2716 etiam
936 2689 1023 2725 magis

955 560 1021 587 Nolo
1042 560 1043 587 i

785 1384 843 1409 Non
855 1382 934 1409 modo
946 1382 1023 1409 lacri-
1044 1382 1046 1392 ⁴

973 1830 1022 1856 cui
1044 1819 1053 1854 Γ

224 1869 335 1904 quidem
347 1877 404 1904 ego.
417 1869 487 1895 sicut
497 1867 686 1899 Cn.*Plancio.
695 1866 1022 1903 numquamdissimulavi
1044 1870 1047 1906 Ι

225 1913 268 1932 me
293 1906 441 1941 plurimum
466 1905 576 1937 debere.
599 1913 759 1940 semperque
783 1913 846 1940 prae
864 1912 908 1931 me
928 1904 1020 1931 seram.
1044 1908 1047 1942 t

1011 154 1286 182 CICERONIS

1046 237 1048 244 ν
1069 234 1144 254 sum.
1163 234 1213 252 non
1229 225 1316 252 dicam
1333 226 1425 255 miser.
1438 227 1508 259 (nam
1525 227 1574 253 hoc
1588 227 1698 262 quidem
1715 227 1863 254 abhorrete

1071 263 1168 288 virtute
1189 263 1322 296 verbum.)
1337 263 1382 289 sed
1398 268 1468 289 certa
1483 266 1629 291 exercitus:
1653 274 1702 291 non
1718 266 1782 300 quia
1793 265 1865 291 mul-

1071 301 1104 325 tis
1126 299 1219 330 debeo.
1241 300 1310 335 (leve
1325 301 1396 326 enim
1412 306 1451 326 est
1466 309 1544 332 onus,
1562 303 1682 328 beneficii
1698 303 1803 338 gratia.)
1818 302 1865 329 sed

1070 337 1132 372 quin
1154 345 1234 372 saepe
1248 341 1419 368 concurrunt.
1433 343 1538 373 propter
1549 338 1699 374 aliquorum
1711 340 1744 366 de
1757 348 1797 366 me
1809 348 1866 366 me.h

1071 374 1181 400 ritorum
1198 375 1266 400 inter
1277 375 1350 409 ipsos
1361 376 1551 406 contentiones.
1565 381 1594 402 ut
1605 378 1696 403 eodem
1709 382 1827 411 tempore
1838 377 1866 404 in

1070 419 1163 437 omnes
1184 420 1276 437 verear
1296 419 1328 438 ne
1343 412 1389 438 vix
1406 413 1506 447 possim
1523 418 1614 448 gratus
1630 414 1724 440 videri.
1755 415 1797 440 79.
1813 413 1866 440 Sed

1071 457 1120 482 cuo
1141 449 1190 475 hoc
1205 449 1272 475 meis
1284 449 1448 483 ponderibus
1459 451 1625 480 examinabo.
1639 459 1688 477 non
1701 451 1787 478 solum
1799 450 1866 486 quid

1071 486 1170 520 cuique
1189 485 1310 517 debeam.
1333 486 1380 512 sed
1396 487 1474 513 etiam
1489 487 1556 522 quid
1572 489 1704 523 cuiusque
1715 489 1828 517 intersit,
1841 492 1868 515 et

1071 523 1137 557 quid
1158 531 1171 549 a
1191 531 1232 549 me
1246 523 1380 559 cuiusque
1392 529 1498 559 tempus
1511 530 1609 559 poscat.
1637 525 1759 552 ΧΧΧΙΙΙ.
1772 527 1868 559 Agitur

1072 561 1192 586 studium
1206 566 1291 591 tuum.
1306 560 1347 587 vel
1360 562 1479 591 etiam.si
1492 562 1720 593 vis.existimatio.
1731 558 1868 589 laustiedi-

1049 618 1050 622 .
1074 598 1168 624 litatis:
1192 602 1217 624 at
1228 598 1276 624 Cn.
1289 598 1389 625 Plancii
1401 598 1483 628 salus.
1498 599 1590 634 patria.
1605 599 1734 626 fortunae.
1756 599 1866 626 Salvum

1073 640 1100 661 tu
1123 644 1165 661 me
1179 643 1238 661 csse
1252 636 1365 670 cupisti:
1398 636 1440 662 liic
1452 635 1513 663 fecit
1528 637 1616 666 etiam.
1635 641 1662 663 ut
1676 645 1734 663 case
1750 645 1866 672 possem.

1073 673 1205 699 Distincor
1234 677 1321 699 tamen
1351 677 1377 699 ct
1403 673 1517 700 divellor
1540 673 1643 705 dolore.
1675 679 1701 700 et
1726 675 1753 700 in
1772 682 1867 700 caussa

1072 710 1173 745 dispari
1193 710 1290 736 offendi
1313 715 1338 737 te
1357 719 1371 737 a
1392 719 1447 741 me.
1464 711 1554 737 doleo:
1576 711 1637 742 sed.
1654 711 1760 738 medius
1775 711 1865 742 fidius,

1050 753 1051 773 1
1073 748 1158 774 multo
1172 748 1253 774 citius
1265 756 1351 774 meam
1363 747 1477 774 salutem
1491 756 1537 783 pro
1549 753 1572 775 te
1583 749 1712 779 abiecero.
1725 757 1806 784 quam
1817 749 1866 776 Cn.

1073 785 1172 811 Plancii
1188 785 1302 811 salutem
1320 785 1451 812 tradidero
1465 786 1625 812 contentioni
1643 790 1712 812 tuae.
1742 787 1784 812 80.
1806 786 1869 813 Ete-

1049 826 1051 845 J
1073 823 1137 853 nim.
1160 822 1272 853 iudices.
1293 830 1379 857 quum
1396 823 1522 850 omnibus
1535 831 1578 850 me
1589 824 1735 850 virtutibus
1745 823 1868 850 affectum

1073 868 1131 886 esse
1146 860 1235 895 cupio.
1254 865 1310 886 tum
1332 860 1399 886 nibil
1415 865 1464 891 est.
1482 860 1555 896 quod
1571 860 1671 891 malim.
1687 869 1768 896 quam
1787 869 1830 887 me
1843 865 1869 888 et

1072 901 1177 933 gratum
1189 906 1257 928 csse.
1271 901 1297 923 et
1308 897 1402 924 videri.
1443 897 1511 924 Haec
1522 903 1561 924 est
1573 898 1644 924 enim
1657 906 1708 924 una
1720 899 1805 925 virtus
1816 906 1868 925 non

1073 934 1160 961 solum
1172 935 1297 965 maxima.
1311 934 1358 961 sed
1370 935 1448 961 etiam
1460 940 1543 962 mater
1555 936 1684 962 virtutum
1695 936 1816 962 omnium
1828 943 1870 962 re-

1074 971 1218 1007 liquarum.
1249 971 1321 1004 Quid
1336 976 1376 998 est
1392 973 1484 1007 pietas.
1499 973 1550 999 nisi
1563 972 1686 999 voluntas
1697 977 1769 1009 grata
1780 974 1808 999 in
1821 981 1870 1008 pa·

1073 1008 1178 1035 rentes?
1197 1010 1245 1044 qui
1265 1013 1329 1036 sunt
1349 1010 1411 1036 boni
1430 1011 1516 1039 cives.
1534 1010 1581 1045 qui
1597 1010 1674 1041 belli.
1688 1010 1734 1045 qui
1750 1010 1822 1037 domi
1836 1009 1870 1037 de

1074 1047 1156 1082 patria
1172 1047 1239 1073 bene
1251 1051 1391 1078 merentes,
1401 1048 1452 1073 nisi
1463 1048 1511 1082 qni
1524 1047 1623 1082 patriae
1634 1047 1762 1074 beneficia
1774 1048 1870 1074 memi-

1050 1081 1051 1091 ¹
1073 1083 1188 1110 nerunt?
1215 1084 1263 1119 qui
1279 1084 1372 1115 sancti.
1389 1085 1436 1120 qui
1449 1084 1607 1121 religionum
1619 1084 1744 1116 colentes.
1758 1085 1810 1111 nisi
1821 1085 1869 1120 qui

224 1123 287 1153 dici.
313 1123 456 1156 Quousque,
474 1122 608 1149 irridentis
624 1122 709 1157 magis
724 1126 772 1153 est,
785 1130 866 1157 quam
878 1121 1021 1156 reprelien—
1043 1121 1052 1157 ῚῚζ

1050 1185 1052 1196 ‹.
1074 1163 1099 1185 et
1110 1159 1221 1185 memori
1233 1164 1321 1185 mente
1332 1156 1511 1193 persolvunt?
1525 1159 1598 1191 Quae
1609 1164 1694 1194 potest
1705 1168 1763 1186 esse
1774 1160 1871 1186 iucun-

1051 1197 1052 1200 ’
1073 1196 1142 1222 ditas
1153 1196 1232 1227 vitae.
1245 1196 1359 1222 sublatis
1370 1196 1514 1223 amicitiis‘?
1533 1204 1601 1232 quae
1612 1205 1690 1232 porro
1700 1197 1870 1232 amicitiapo-

1074 1237 1126 1260 test
1140 1242 1200 1260 esse
1214 1234 1284 1260 inter
1301 1233 1438 1269 ingratos?
1457 1236 1496 1260 81.
1512 1233 1580 1266 Quis
1590 1238 1631 1260 est
1642 1239 1761 1261 nostrum
1774 1234 1871 1261 libera·
1915 1263 1919 1273 ·

1074 1122 1196 1147 meritam
1217 1122 1270 1147 diis
1286 1121 1484 1148 immortalibus
1499 1121 1611 1156 gratiam
1627 1122 1707 1149 iustis
1723 1122 1870 1149 honoribus

1075 1270 1135 1297 liter
1154 1270 1297 1301 educatus.
1313 1271 1357 1297 cui
1372 1279 1425 1297 non
1439 1271 1603 1301 educatores.
1622 1272 1664 1297 cui
1681 1279 1733 1298 non
1750 1272 1870 1307 magistri

1074 1309 1117 1335 sui
1137 1313 1217 1344 atque
1232 1309 1360 1339 doctores.
1376 1309 1420 1335 cui
1436 1317 1488 1335 non
1501 1308 1574 1335 locus
1584 1308 1630 1335 ille
1641 1313 1733 1335 mutus
1743 1309 1810 1344 ipse.
1823 1309 1871 1336 ubi

1075 1345 1144 1372 altus
1164 1350 1210 1372 aut
1220 1345 1316 1372 doctus
1327 1350 1376 1378 est.
1394 1354 1455 1372 cum
1467 1350 1540 1382 grata
1554 1346 1734 1373 recordatione
1744 1346 1772 1373 in
1783 1350 1872 1373 mente

1075 1382 1216 1410 versetur?
1244 1383 1329 1410 Cuius
1348 1391 1413 1419 opes
1434 1388 1521 1410 tantae
1536 1391 1595 1410 esse
1611 1388 1732 1419 possunt.
1749 1388 1795 1410 aut
1810 1392 1873 1410 um-

1074 1429 1156 1456 quam
1173 1419 1290 1451 fuerunt.
1307 1429 1377 1456 quae
1387 1421 1446 1447 sine
1461 1420 1607 1447 multorum
1619 1421 1764 1448 amicorum
1774 1420 1871 1448 officiis

1074 1462 1144 1485 stare
1165 1457 1288 1493 possint?
1306 1466 1376 1494 quae
1390 1462 1468 1489 certe.
1486 1458 1591 1485 sublata
1602 1459 1729 1485 memoria
1740 1463 1766 1485 et
1775 1458 1870 1494 gratim
1911 1460 1916 1468 “

1075 1495 1165 1522 nullae
1184 1499 1288 1522 exstare
1302 1500 1426 1531 possunt.
1466 1495 1598 1531 Equidem
1614 1495 1651 1522 nil
1668 1500 1721 1522 tam
1732 1495 1872 1531 proprium

1074 1533 1192 1560 hominis
1203 1533 1336 1563 existimo.
1345 1541 1427 1568 quam
1439 1541 1490 1559 non
1502 1532 1582 1560 modo
1592 1532 1729 1563 beneficio.
1738 1533 1872 1559 sedetiam

1075 1569 1276 1597 benevolentiae
1292 1570 1489 1606 significatione
1504 1569 1623 1606 alligari:
1645 1570 1712 1597 nihil
1730 1578 1807 1605 porro
1818 1575 1872 1596 tam

1074 1607 1264 1639 inhumanum,
1278 1612 1330 1634 tam
1340 1608 1467 1639 immane.
1480 1611 1533 1634 tam
1546 1607 1642 1639 ferum.
1655 1615 1737 1643 quam
1747 1607 1873 1634 commit·

1051 1656 1053 1672 ε
1075 1650 1138 1675 tere.
1158 1649 1188 1671 ut
1198 1644 1327 1671 beneficio
1337 1653 1389 1671 uon
1401 1644 1488 1671 dicam
1499 1644 1638 1680 indignus,
1655 1644 1703 1671 sed
1715 1645 1802 1671 victus
1812 1651 1872 1671 esse

1075 1681 1191 1708 videare.
1222 1683 1264 1708 82.
1285 1681 1359 1714 Quae
1379 1690 1465 1717 quum
1480 1682 1516 1708 ita
1531 1682 1598 1713 sint.
1616 1682 1669 1708 iam
1684 1681 1869 1711 succumbam.

1075 1719 1234 1750 Laterensis.
1257 1719 1301 1745 isti
1323 1724 1370 1746 tuo
1388 1719 1508 1751 crimini;
1530 1719 1558 1744 in
1574 1727 1606 1746 eo
1618 1719 1686 1754 ipso.
1700 1719 1727 1745 in
1739 1727 1793 1754 quo
1803 1718 1871 1746 nibil

1074 1761 1162 1791 potest
1185 1763 1245 1782 esse
1266 1756 1390 1787 nimium.
1413 1757 1541 1791 quoniam
1553 1756 1588 1782 ita
1599 1760 1628 1782 tu
1639 1757 1689 1787 vis.
1702 1757 1817 1783 nimium
1829 1763 1872 1783 me

1073 1797 1179 1829 gratum
1191 1801 1250 1819 esse
1260 1793 1418 1820 concedam:
1440 1797 1583 1828 petamque
1594 1801 1609 1820 a
1618 1793 1705 1824 vobis.
1716 1793 1829 1824 iudices.
1842 1798 1874 1820 ut

1074 1839 1136 1858 eum
1156 1830 1286 1857 beneficio
1300 1830 1523 1866 complectamini.
1539 1839 1620 1866 quem
1631 1831 1679 1866 qui
1691 1830 1870 1866 reprehendit,
1912 1847 1915 1850 ‹

1073 1869 1101 1895 in
1122 1877 1154 1895 eo
1168 1868 1348 1903 reprehendit.
1365 1868 1438 1904 quod
1449 1873 1554 1904 gratum
1569 1873 1672 1903 praeter
1681 1867 1791 1895 modum
1802 1868 1874 1895 dicat

1074 1914 1142 1932 esse.
1183 1906 1277 1941 Neque
1296 1906 1368 1932 enim
1392 1905 1426 1932 ad
1446 1905 1634 1941 negligendam
1655 1914 1741 1932 meam
1759 1905 1872 1941 gratiam

1074 1943 1153 1970 debet
1173 1942 1270 1973 valere.
1288 1943 1361 1978 quod
1376 1943 1445 1970 dixit
1459 1943 1540 1973 idem.
1559 1951 1607 1970 vos
1618 1951 1666 1970 nec
1677 1947 1811 1974 nocentes.
1824 1950 1873 1969 nec

1044 1983 1053 2008 ἑξ
1074 1980 1206 2017 litigiosos
1221 1988 1289 2011 esse.
1306 1989 1361 2015 quo
1371 1981 1462 2007 minus
1474 1988 1518 2007 me
1528 1980 1600 2016 apud
1611 1989 1658 2007 vos
1670 1979 1757 2006 valere
1767 1984 1873 2015 oporte·

1074 2023 1122 2045 ret.
1144 2018 1227 2051 Quasi
1242 2018 1344 2045 veroin
1355 2018 1472 2044 amicitia
1486 2025 1544 2044 mea
1556 2026 1608 2044 non
1619 2017 1685 2044 haec
1696 2017 1828 2052 praesidia
1837 2017 1873 2052 (si
1906 2039 1910 2043 .

1073 2064 1143 2090 quae
1163 2054 1229 2082 forte
1244 2059 1309 2082 sunt
1323 2055 1352 2082 in
1362 2055 1415 2090 me)
1424 2059 1515 2090 parata
1524 2063 1631 2090 semper
1641 2055 1734 2081 amicis
1744 2062 1804 2081 esse
1815 2062 1874 2080 ma·
1908 2057 1913 2064 '

1076 2092 1181 2124 luerim,
1198 2101 1279 2128 quam
1292 2093 1452 2119 necessaria.
1492 2092 1597 2118 Etenim
1612 2100 1662 2128 ego
1671 2091 1705 2118 de
1715 2100 1758 2118 me
1768 2096 1873 2118 tantum

1053 2148 1054 2157 .
1075 2130 1160 2157 audeo
1180 2130 1281 2161 dicere.
1307 2130 1452 2156 amicitiam
1477 2137 1564 2156 meam
1584 2129 1714 2164 voluptati
1735 2129 1870 2164 pluribus.
1900 2156 1903 2158 .

1074 2176 1156 2203 quam
1168 2167 1303 2203 praesidio
1313 2167 1410 2194 fuisse:
1434 2175 1531 2202 meque
1541 2166 1713 2193 vehementer
1723 2167 1792 2193 vitae
1798 2173 1873 2193 meae
1907 2171 1909 2174 ’

1075 2205 1230 2240 poeniteret.
1252 2205 1275 2231 si
1291 2205 1319 2231 in
1335 2212 1393 2231 mea
1405 2204 1583 2231 familiaritate
1594 2204 1668 2231 locus
1679 2207 1750 2230 esset
1759 2204 1870 2234 nemini.

1075 2243 1127 2269 nisi
1140 2242 1266 2277 litigioso.
1280 2246 1325 2268 aut
1336 2242 1451 2269 nocenti.

1128 2279 1254 2306 xxxiv.
1271 2280 1313 2305 83.
1330 2278 1383 2306 Sed
1399 2279 1450 2306 hoc
1465 2278 1556 2305 nescio
1570 2277 1704 2313 quomodo
1721 2277 1873 2313 frequenter

1053 2333 1055 2341 .
1074 2317 1102 2343 in
1122 2325 1165 2343 me
1179 2316 1349 2352 congessisti.
1366 2324 1484 2351 saneque
1499 2316 1528 2342 in
1542 2324 1573 2342 eo
1587 2314 1679 2341 creber
1694 2313 1778 2346 fuisti.
1795 2318 1820 2341 te
1830 2313 1873 2341 id-

1053 2348 1055 2356 '
1073 2355 1144 2381 circo
1154 2355 1182 2381 in
1194 2353 1272 2380 ludos
1283 2361 1407 2380 caussam
1417 2353 1549 2380 coniicere
1559 2351 1688 2382 noluisse.
1702 2359 1735 2378 ne
1745 2359 1804 2388 ego.
1813 2359 1871 2378 mea

1074 2391 1280 2423 consuetudine.
1297 2390 1400 2426 aliquid
1410 2390 1444 2417 de
1454 2390 1558 2416 theosis
1568 2389 1766 2415 misericordiae
1776 2396 1872 2415 caussa

1074 2428 1206 2462 dicerem3
1227 2428 1301 2464 quod
1315 2428 1343 2454 in
1355 2428 1415 2454 aliis
1429 2426 1562 2454 aedilibus
1573 2431 1632 2453 ante
1644 2425 1777 2453 fecissem.
1799 2425 1872 2453 Non-

1075 2466 1143 2492 nihil
1155 2466 1233 2502 egisti
1245 2465 1375 2492 hocloco:
1398 2473 1459 2491 nam
1469 2463 1537 2490 mihi
1548 2464 1671 2498 eripuisti
1685 2467 1870 2490 ornamentum
1900 2484 1904 2493 ,

1075 2504 1201 2530 orationis
1221 2511 1310 2529 meae:
1331 2501 1481 2532 deridebor,
1498 2501 1522 2527 si
1536 2501 1699 2527 mentionem
1714 2500 1870 2527 mensarum
1900 2524 1904 2533 ,

1075 2539 1170 2572 fecero.
1191 2547 1278 2575 quum
1293 2543 1323 2566 tu
1337 2539 1365 2566 id
1380 2538 1559 2574 praedixeris:
1591 2539 1649 2564 sine
1664 2537 1767 2564 thensis
1781 2541 1869 2564 autem

1054 2573 1055 2590 ¹
1074 2577 1142 2612 quid
1162 2582 1254 2612 potero
1265 2576 1372 2603 dicere‘?
1400 2577 1448 2602 Hic.
1462 2575 1541 2602 etiam
1558 2574 1698 2606 addidisti,
1715 2583 1758 2601 me
1771 2574 1872 2601 idcirco

1046 2610 1055 2631 *J
1075 2623 1134 2641 mea
1154 2614 1212 2651 lege
1223 2614 1320 2642 exsilio
1330 2613 1460 2640 ambitum
1473 2614 1604 2643 sanxisse.
1621 2617 1652 2638 ut
1662 2611 1870 2638 miserabiliores

1074 2651 1194 2687 epilogos
1214 2659 1322 2686 possem
1342 2650 1439 2677 dicere.
1479 2649 1538 2676 Non
1553 2649 1630 2676 vobis
1645 2649 1737 2675 videor
1747 2657 1809 2676 cum
1820 2648 1870 2675 ali-

1053 2700 1055 2723 ,¹
1074 2696 1129 2723 quo
1147 2688 1335 2716 declamatore.
1359 2695 1411 2714 non
1429 2694 1492 2714 cum
1513 2686 1610 2714 laboris
1629 2691 1655 2713 et
1671 2686 1721 2713 fori
1735 2685 1870 2721 discipulo
1912 2695 1913 2698 ¹
