1941 3052
492 611 524 638 M.
573 610 770 638 TULLII

804 518 828 542 5.

818 610 1142 640 CICERONIS

593 709 1040 748 RHETORICORUM

743 829 815 847 VEL
843 829 890 848 DF.

194 919 804 969 INVENTIONE
879 917 1438 970 RHETORICA

671 1047 831 1073 LIBRI
869 1045 973 1073 DUO

493 1151 551 1174 QUI
576 1152 723 1176 RELIQUI
749 1152 842 1172 SUNT
866 1152 911 1171 EX
935 1151 1144 1175 QUATTUOR.

522 1335 739 1363 NOTITIA
778 1333 1114 1362 LITTERARIA.

114 1421 163 1442 Hoc
176 1428 240 1449 epm,
256 1421 280 1442 1'72
295 1428 339 1449 quo
355 1421 497 1448 conficiendo
514 1425 629 1443 auctorem
644 1423 752 1443 (ihr-vrum
767 1423 798 1443 ad
810 1421 948 1442 Herennium
964 1421 1039 1441 Cicero
1055 1424 1144 1441 sermm
1160 1419 1250 1440 videtur
1267 1419 1309 1446 (cf.
1321 1418 1413 1439 Saluiiez.
1426 1419 1522 1445 Argum.
1535 1418 1597 1437 lihrr.
1609 1418 1639 1437 ml

2 1458 67 1484 Her.)
88 1458 125 1478 vel
137 1458 268 1478 ulamluzam
283 1457 325 1485 (cf.
343 1458 368 1478 de
380 1457 431 1478 Ιιιυ-
443 1457 475 1482 ΙΙ,
488 1458 531 1483 59.)
547 1459 609 1479 edere
624 1465 670 1479 ηοιι
686 1462 739 1479 ante
750 1465 835 1478 aunum
846 1460 893 1479 565.
912 1458 937 1478 U.
955 1457 976 1477 C.
989 1457 1068 1485 potuit
1084 1457 1127 1484 (tf
1142 1456 1210 1476 notit.
1226 1455 1269 1476 litt.
1285 1455 1347 1475 librr.
1363 1456 1394 1474 m!
1407 1455 1517 1481 Merena.)
1529 1453 1638 1475 Schiitxio

5 1497 79 1515 mrtem
90 1495 218 1515 adolescens
229 1493 293 1514 iutra
304 1500 377 1514 armos
389 1495 437 1515 666.
447 1497 469 1515 et
478 1496 525 1515 672.
537 1494 691 1521 romeripriue
703 1494 796 1515 videtur.

203 1638 355 1668 LIBER
390 1638 592 1668 PRIMUS.

81 1713 157 1734 ARG,
176 1712 254 1734 Cicero
265 1712 357 1740 primum
371 1713 398 1734 de
409 1720 484 1739 magno
496 1713 636 1740 eloquentiae
646 1713 669 1733 in
680 1712 738 1733 ornni
749 1712 795 1733 vita

4 1755 29 1769 ne
38 1748 151 1776 republica
164 1755 206 1768 usu
218 1750 240 1768 et
253 1748 330 1773 abusu,
341 1749 367 1769 de
378 1748 464 1774 origiue
474 1749 522 1769 eius
533 1753 555 1769 et
564 1749 715 1773 incrementis,
723 1748 760 1768 via
770 1755 795 1768 ac

3 1783 89 1804 ratione
99 1783 180 1804 sensim
190 1782 316 1810 sensimque
325 1783 396 1804 auctis
407 1783 506 1804 disserit.
523 1783 609 1805 Deinde
618 1784 645 1804 de
655 1783 796 1811 eloquentiae

4 1818 77 1840 officio
94 1821 116 1839 et
129 1819 179 1842 sine.
193 1819 284 1839 materia
299 1821 321 1839 et
334 1819 435 1846 pai-tibus
449 1819 502 1844 ugit,
520 1826 609 1845 quar-um
625 1818 721 1845 quinque
731 1818 794 1843 facit,

3 1853 159 1878 inventionem,
171 1853 349 1881 dispositionem,
361 1854 515 1879 elocutionem,
526 1853 794 1881 memoriumfflrununtia-

4 1887 92 1909 tionem.
108 1889 139 1909 Ac
154 1888 266 1916 deinceps,
277 1889 349 1915 qualis
359 1889 458 1910 inventio
472 1889 495 1909 in
506 1889 565 1909 omni
575 1895 701 1909 caussarum
712 1888 795 1909 consti<

4 1923 89 1944 tutione
98 1926 143 1944 turn
153 1923 305 1948 coniecturali.
317 1926 360 1944 tum
372 1924 493 1949 definitiva,
509 1926 553 1944 tum
565 1922 662 1949 generali
671 1931 720 1945 esse
731 1924 795 1944 debe-

4 1961 34 1984 nt,
44 1961 144 1980 accurate
154 1958 258 1986 explieat.
283 1960 330 1984 Quo
342 1959 399 1980 facto
410 1959 559 1984 exordiorum,
576 1959 734 1984 narrationum,
746 1966 795 1986 pnr-

5 1993 115 2019 titiunum,
130 1993 327 2018 confirmationum,
343 1993 511 2019 refutationum,
531 1993 696 2015 conclusionum
707 1994 795 2019 regulas

5 2034 29 2050 te
42 2031 158 2056 praecepta
174 2029 244 2056 ponit,
265 2035 382 2056 eorumque
395 2036 460 2056 quum
470 2029 565 2050 virtutes
580 2032 623 2050 kum
634 2029 690 2049 vitiu
701 2032 723 2050 et
731 2036 793 2049 unum

4 2063 144 2085 demonstrat.
351 2088 364 2099 .

57 2118 78 2144 1.
99 2119 122 2144 l.
142 2112 231 2153 Saepe
248 2121 274 2144 et
291 2117 408 2144 multum
426 2117 476 2144 hoc
489 2126 594 2144 mecum
609 2117 732 2153 cogitavi.
748 2118 795 2144 bo-

4 2154 65 2181 nine
83 2163 115 2181 an
133 2154 196 2181 mali
215 2154 277 2190 plus
296 2155 414 2182 attulerit
432 2155 587 2182 hominibus
602 2160 626 2181 et
639 2155 794 2181 civitatibus

4 2192 78 2227 copia
91 2192 196 2219 dicendi
210 2201 240 2218 ac
253 2201 391 2219 summum
405 2192 571 2228 eloquentiae
581 2192 711 2219 studium.
728 2193 794 2218 Nam

4 2237 88 2265 quum
102 2234 128 2256 et
141 2234 245 2256 nostrae
258 2229 422 2264 reipublicae
435 2230 592 2256 detrimenta
606 2229 753 2261 considero,
770 2234 795 2256 et

4 2267 180 2294 maximarum
194 2267 333 2293 civitatum
347 2272 448 2293 veteres
463 2268 552 2294 animo
565 2267 726 2294 calamitates
741 2267 795 2293 col—

5 2302 65 2340 ligo,
87 2313 138 2331 non
155 2305 295 2331 minimam
313 2304 391 2330 video
409 2313 455 2339 per
468 2305 659 2331 disertissimos
673 2304 795 2331 homines

3 2341 134 2368 invectam
157 2346 258 2377 partem
280 2341 523 2374 incommodorum3
550 2351 636 2377 quum
651 2346 739 2368 autem
754 2351 795 2368 res

4 2378 38 2405 ab
51 2383 138 2406 nostra
152 2379 278 2406 memoria
292 2383 398 2413 propter
412 2383 570 2405 vetustatem
585 2384 697 2406 remotas
709 2388 742 2406 ex
753 2379 796 2405 lit-

5 2419 119 2443 terarum
137 2417 317 2443 monumentis
336 2420 453 2450 repetere
467 2416 586 2447 instituo,
602 2416 701 2443 multus
715 2417 796 2443 urbes

4 2453 168 2485 constitutas,
185 2453 300 2488 plurima
310 2453 378 2479 bella
391 2453 522 2484 restincta,
535 2454 702 2480 firmissimas
712 2454 796 2480 socie-

5 2493 78 2522 tates,
103 2491 283 2517 sanctissimas
309 2491 439 2517 amicitias
462 2490 582 2526 intelligo
604 2500 690 2525 quum
713 2491 794 2517 annui

4 2527 103 2554 ratione
120 2532 177 2554 tum
196 2527 301 2554 facilius
319 2527 470 2562 eloquentia
488 2533 661 2562 comparatas.
695 2528 732 2554 Ac
754 2537 795 2554 me

5 2563 113 2598 quidem
128 2565 174 2591 diu
188 2565 345 2601 cogitantem
361 2565 426 2591 ratio
439 2566 497 2599 ipsa
508 2565 534 2591 in
546 2565 613 2591 hanc
625 2565 794 2600 potissimum

6 2602 161 2628 sententiam
175 2602 256 2634 ducit,
273 2607 303 2628 ut
316 2602 476 2633 existimem.
497 2603 655 2637 sapientiam
669 2603 727 2628 sino
740 2602 796 2628 elo-

5 2639 112 2672 quentia
127 2647 221 2674 parum
232 2639 357 2674 prodesse
367 2639 530 2670 civitatibus¹
544 2639 723 2674 eloquentiam
734 2648 796 2666 vero

5 2674 63 2702 sine
79 2677 208 2711 sapientia
226 2677 341 2703 nimium
358 2677 452 2703 obesse
471 2676 642 2712 plerumque.
669 2676 794 2712 prodesse

7 2719 162 2748 numquam.
196 2712 282 2746 Quare
296 2715 319 2741 si
335 2715 406 2749 quis,
422 2715 530 2741 omissis
545 2714 701 2741 rectissimis
716 2719 794 2749 atque

846 1629 1043 1656 honestissimis
1070 1629 1167 1655 studiis
1195 1628 1303 1655 rationis
1332 1632 1356 1654 et
1383 1627 1462 1654 officii
1472 1648 1478 1658 ,
1506 1625 1640 1653 consumit

845 1676 952 1693 omnem
975 1676 1081 1701 operam
1106 1667 1133 1693 in
1156 1666 1341 1692 exercitatione
1360 1665 1475 1696 dicendi¹
1497 1665 1520 1690 is
1535 1663 1640 1690 inutilis

846 1705 907 1733 sibi„
925 1704 1092 1739 perniciosus
1106 1704 1206 1738 patriae
1219 1703 1287 1729 civis
1298 1702 1392 1735 alitur3
1408 1703 1525 1737 quivero
1536 1701 1570 1727 ita
1581 1709 1640 1727 sese

846 1746 929 1768 armat
943 1741 1102 1776 eloquentia,
1113 1746 1140 1767 ut
1155 1750 1206 1767 non
1217 1749 1371 1775 oppugnare
1382 1739 1519 1766 commoda
1530 1739 1638 1774 patriae,

846 1779 893 1805 sed
907 1788 955 1813 pro
968 1779 1010 1805 his
1025 1787 1192 1814 propugnare
1206 1778 1298 1813 possit,
1320 1778 1342 1804 is
1369 1777 1435 1803 mibi
1450 1777 1492 1803 vir
1505 1781 1530 1802 et
1545 1776 1602 1802 suis
1616 1780 1642 1801 et

846 1816 963 1851 publicis
987 1817 1134 1843 rationibus
1158 1815 1330 1846 utilissimus,
1358 1819 1437 1850 atque
1459 1813 1640 1840 amicissimus

845 1854 913 1881 civis
928 1853 981 1880 sore
996 1854 1110 1880 videtur.

902 1893 927 1918 2.
943 1891 980 1918 Ac
1003 1892 1026 1917 si
1051 1891 1177 1917 volumus
1199 1890 1283 1916 huius
1307 1889 1354 1920 rei,
1377 1897 1446 1924 quae
1460 1892 1569 1915 vocatur
1587 1887 1642 1914 elo-

846 1929 964 1964 quentia,
985 1929 1043 1955 sive
1061 1929 1125 1955 artis
1144 1928 1201 1954 sive
1215 1927 1297 1954 studii
1313 1927 1369 1953 sive
1384 1926 1580 1952 exercitationis
1594 1934 1642 1951 cu-

847 1967 952 1993 iusdam
967 1967 1024 1992 sive
1039 1966 1172 1992 facultatis
1186 1974 1199 1991 a
1215 1969 1307 1991 natura
1321 1964 1461 1999 profectae,
1474 1962 1642 1990 considerare

847 2004 1023 2039 principiun1;
1053 2004 1217 2038 reperiemus
1240 2002 1267 2028 id
1289 2011 1322 2029 ex
1345 2002 1541 2028 honestissimis
1564 2009 1642 2028 caus-

846 2042 884 2068 sis
910 2046 1001 2068 natum
1028 2045 1107 2076 atque
1129 2041 1162 2066 ab
1185 2040 1292 2075 optimis
1311 2039 1458 2066 rationibus
1481 2038 1639 2074 profectum.

847 2080 877 2105 11.
891 2080 957 2105 Nam
969 2078 1019 2105 suit
1029 2078 1164 2113 quoddam
1177 2082 1385 2112 tempus,quum
1398 2077 1423 2102 in
1437 2077 1508 2111 agris
1520 2076 1641 2102 homines

847 2117 947 2151 passim
963 2116 1108 2142 bestiarum
1123 2115 1202 2141 modo
1217 2115 1381 2149 vagabantur
1395 2119 1420 2140 et
1433 2114 1484 2139 sibi
1500 2114 1572 2140 victu
1588 2112 1642 2139 sero

847 2154 928 2180 vitam
944 2153 1138 2188 propagabant3
1155 2161 1203 2178 nec
1217 2153 1316 2178 ratione
1331 2152 1411 2178 animi
1423 2151 1581 2186 quidquam,
1595 2150 1641 2176 sed

847 2191 974 2226 pleraque
997 2191 1101 2217 viribus
1123 2190 1241 2225 corporis
1264 2189 1497 2221 administrabant3
1522 2187 1640 2214 nondum

846 2228 953 2254 (livinae
968 2228 1112 2263 religionis.
1130 2236 1181 2254 non
1196 2227 1307 2253 humani
1321 2226 1401 2253 oflicii
1416 2226 1481 2252 ratio
1490 2225 1640 2257 colebatur,

847 2275 925 2292 nemo
940 2265 1072 2301 legitimas
1087 2265 1189 2291 viderat
1200 2265 1320 2299 nuptias;
1338 2273 1389 2290 non
1403 2268 1487 2289 certos
1496 2263 1640 2297 quisquam

847 2308 986 2337 aspexerat
1005 2303 1116 2335 liber0s;
1141 2311 1202 2333 non,
1224 2302 1266 2328 ius
1285 2300 1424 2336 aequabile
1438 2300 1504 2335 quid
1520 2299 1641 2325 utilitatis

849 2340 964 2372 liaberet¹
987 2344 1130 2375 acceperat.
1166 2341 1201 2366 lta
1217 2343 1323 2373 propter
1337 2346 1450 2364 errorem
1466 2342 1545 2372 atque
1560 2336 1641 2362 insci-

847 2378 944 2403 entiam
962 2386 1038 2404 caeca
1057 2387 1086 2403 ae
1105 2377 1241 2403 temeraria
1260 2375 1420 2402 dominatrix
1440 2374 1521 2400 animi
1535 2373 1642 2408 cupidi-

848 2419 886 2441 tas
900 2414 932 2440 ad
947 2424 975 2441 se
987 2414 1146 2449 explendam
1162 2414 1265 2440 viribus
1275 2413 1392 2447 corporis
1403 2412 1568 2442 abutebatur,
1582 2420 1642 2446 per-

848 2452 1034 2478 niciosissimis
1048 2451 1219 2478 satellitibus.
1246 2450 1304 2482 Quo
1319 2455 1435 2484 tompore
1449 2448 1568 2484 quidam,
1585 2457 1642 2474 ma-

846 2498 917 2523 gnus
936 2489 1059 2515 videlicet
1078 2489 1119 2514 vir
1132 2493 1157 2514 et
1171 2488 1287 2522 sapitum,
1304 2487 1435 2521 cognovit.
1452 2495 1520 2521 quae
1535 2486 1642 2512 matori-

847 2536 875 2552 cs
894 2531 919 2552 et
937 2531 1035 2561 quanta
1054 2526 1086 2552 ad
1105 2526 1236 2551 maximas
1251 2534 1291 2550 res
1305 2524 1489 2558 opportunitas
1504 2523 1530 2549 in
1545 2524 1641 2549 animis

848 2564 946 2590 inesset
961 2563 1110 2593 hominum„
1131 2563 1153 2588 si
1168 2562 1230 2597 quis
1244 2571 1301 2587 earu
1317 2566 1405 2596 posset
1419 2560 1513 2587 elicere
1527 2566 1551 2586 et
1566 2569 1641 2595 prae—

846 2600 969 2635 cipiendo
984 2600 1119 2627 meliorem
1135 2599 1257 2630 re‹ldcre;
1273 2599 1319 2633 qui
1334 2599 1469 2633 dispersos
1481 2598 1602 2624 homines
1615 2598 1640 2623 in

847 2638 917 2673 agris
932 2642 957 2664 ct
972 2638 998 2664 in
1013 2638 1088 2664 tectis
1102 2637 1272 2663 silvosa-ibus
1287 2635 1390 2662 abditos
1412 2636 1511 2662 ratione
1525 2634 1640 2670 quadam

846 2675 976 2710 compulit
999 2684 1083 2701 unum
1107 2675 1133 2701 in
1158 2674 1244 2700 locum
1267 2677 1293 2700 et
1312 2673 1490 2709 congregavit.
1511 2678 1537 2698 et
1554 2681 1599 2698 eos
1614 2673 1640 2697 in

848 2721 928 2740 uuam
942 2721 1079 2748 quamque
1093 2721 1146 2739 rem
1159 2711 1288 2738 inducens
1300 2710 1392 2737 utilem
1403 2715 1481 2745 atquo
1493 2710 1638 2739 honestam,
