1941 3052
326 104 657 131 EPISTOLARUM
686 104 743 131 AD
770 103 1002 131 DIVERSOS
1031 105 1112 131 LIB.
1135 105 1220 132 XIII.
1251 106 1313 132 ΕΡ.
1335 107 1350 132 6
1370 108 1468 132 -13,

76 173 212 210 Rupilius,
225 174 254 200 P.
267 174 297 201 F.
310 175 446 206 Menenia,
459 175 508 210 qui
519 180 559 202 est
569 176 696 211 magister
706 176 734 201 in
746 184 775 201 ea
786 175 872 201 socie-

77 217 138 239 tate.
179 213 203 238 3.
225 211 299 244 Quae
315 220 400 247 quum
416 213 453 238 ita
468 213 535 244 sint,
553 213 580 239 in
597 213 724 239 maiorem
736 212 846 239 modum
858 221 872 238 a

76 254 101 276 te
111 253 181 284 peto,
195 248 243 275 Cn.
255 249 374 283 Pupium
382 270 388 281 ,
406 250 454 284 qui
465 254 505 276 est
517 250 543 276 in
554 251 644 284 operis
655 250 714 276 eius
726 250 870 281 societatiS,

75 286 202 313 omnibus
209 286 262 312 tuis
268 285 366 312 officiis
377 291 456 321 atque
467 287 541 314 omni
554 287 711 314 liberalitate
718 291 816 317 tueare,
825 296 873 313 cu-

76 331 182 358 resque,
191 327 221 349 ut
231 323 290 349 eius
300 332 405 358 operae,
419 324 491 358 quod
502 324 552 351 tibi
564 324 641 350 facile
653 324 723 351 factu
734 329 782 355 est,
791 332 872 359 quam

75 361 244 396 gratissimae
255 361 310 387 sint
318 362 409 392 sociis,
425 370 537 396 remque
548 366 573 388 et
585 361 727 388 utilitatem
738 362 871 388 sociorum

75 398 164 433 (cuius
179 397 218 423 rei
233 402 361 432 quantam
376 404 535 434 potestatem
549 404 674 433 quaestor
688 398 797 430 habeat,
820 407 872 425 non

75 443 137 461 sum
153 434 286 470 ignarus,)
301 444 348 470 per
363 440 388 462 te
399 445 481 471 quam
497 437 614 462 maxime
631 435 768 462 defensam
784 440 810 462 et
824 444 873 462 au-

75 477 145 499 ctam
157 471 236 498 velis.
277 472 306 498 Id
317 481 403 507 quum
415 473 483 500 mihi
494 473 680 509 gratissimum
692 472 801 504 feceris,
815 478 871 499 tum

75 509 145 536 illud
159 509 210 535 tibi
224 514 351 544 expertus
367 511 493 545 promitto
504 515 530 538 et
540 510 673 545 spondeo,
692 515 716 536 te
731 511 818 537 socios
828 511 872 536 Bi-

75 547 199 583 thyniae,
216 547 240 572 si
256 547 290 573 iis
305 548 497 579 commodaris,
520 556 654 574 memores
669 556 728 574 esse
743 552 770 574 et
781 552 872 583 gratos

75 584 258 620 cogniturum.

128 678 158 699 X.
178 679 256 699 ARG.
272 680 302 700 Μ.
317 679 397 704 Bruto,
412 686 474 706 quem
488 680 583 704 Caesar,
603 679 625 700 in
641 679 769 700 Africanum
790 678 871 700 bellum

75 713 223 740 profecturus,
236 714 324 734 Galliae
331 714 459 741 Cisalpinae
469 714 671 741 praefecerat,(lib.
682 716 715 734 Vl.
728 721 761 741 ep.
772 716 804 740 6.)
815 715 871 735 Var-

75 755 163 773 ronem,
175 752 311 776 quaentorem
322 753 382 769 sorte
392 749 473 773 clatum,
484 750 628 770 commendat.

261 786 348 809 (Romae,
358 786 436 803 (taceare
446 786 480 803 Ill.
491 786 565 809 Lepido
576 793 622 804 coss.
634 788 688 807 708.)

266 839 434 868 CICERO
467 841 615 868 BRUTO
649 842 677 868 S.

132 887 156 913 1.
178 881 275 919 Quum
288 885 321 912 ad
332 890 357 913 te
367 890 430 913 tuus
441 891 580 922 quaestor,
597 888 632 914 M.
645 888 740 919 Varro,
763 887 871 922 profici-

74 928 207 955 sceretur,
229 923 461 950 commendatione
480 933 558 960 egere
579 933 641 951 eum
662 934 714 952 non
730 925 869 960 putabam.

74 961 145 987 Satis
156 961 230 987 enim
241 961 459 987 commendatum
470 962 521 988 tibi
532 971 594 988 eum
608 962 757 989 arbitrabar
768 963 801 989 ab
813 964 871 997 ipso

74 1007 147 1025 more
159 999 304 1030 maiorum,
318 999 365 1033 qui
374 1019 380 1030 ,
395 1003 425 1025 ut
436 1004 460 1025 te
472 1008 524 1026 non
536 999 617 1035 fugit,
632 1000 700 1026 hanc
711 1005 871 1035 quaesturae

73 1036 290 1062 coniunctionem
302 1035 447 1062 liberorum
459 1037 654 1064 necessitudini
665 1038 816 1072 proximam
824 1046 872 1064 vo-

73 1071 125 1099 luit
139 1081 208 1100 esse.
249 1073 303 1099 Sed
314 1082 399 1108 quum
411 1074 465 1100 sibi
476 1074 511 1100 ita
522 1076 702 1109 persuasisset
714 1076 780 1110 ipse,
798 1083 871 1101 meas

73 1109 107 1137 de
117 1119 147 1136 se
158 1115 279 1137 accurate
290 1112 404 1145 scriptas
416 1110 517 1138 litteras
528 1113 678 1139 maximum
689 1112 761 1147 apud
773 1117 796 1139 te
804 1121 871 1147 pon-

72 1147 125 1174 dus
137 1147 285 1179 habituras,
294 1156 308 1174 a
320 1157 417 1183 meque
428 1149 609 1181 contenderet,
618 1154 648 1176 ut
658 1158 739 1184 quam
751 1149 871 1185 diligen-

72 1185 178 1212 tissime
189 1185 349 1212 scriberem:
371 1185 455 1212 malui
467 1185 566 1218 facere,
583 1187 655 1222 quod
667 1196 743 1213 meus
755 1186 871 1213 familia—

73 1223 111 1249 ris
127 1223 193 1249 tanti
207 1231 256 1248 sua
272 1224 401 1249 interesse
412 1223 596 1250 arbitraretur.
637 1226 661 1251 2.
684 1225 717 1251 Ut
728 1225 812 1260 igitur
822 1224 871 1250 de-

72 1259 136 1286 bere
153 1268 195 1286 me
212 1259 298 1286 facere
315 1260 364 1286 hoc
375 1260 524 1296 intelligas:
543 1270 628 1296 quum
640 1262 759 1296 primum
772 1262 806 1288 M.
820 1262 871 1288 Te-

73 1297 177 1323 rentius
189 1297 216 1323 in
228 1296 315 1323 forum
328 1298 413 1328 venit,
430 1298 463 1324 ad
479 1299 625 1325 amicitiam
637 1308 665 1325 se
677 1308 763 1325 meam
775 1304 871 1325 contu-

73 1333 113 1361 lit.
154 1334 268 1365 Deinde,
286 1339 316 1361 ut
327 1343 355 1360 se
366 1335 560 1367 corroboravit,
578 1336 647 1362 duae
658 1345 769 1363 caussae
779 1345 870 1363 acces-

72 1376 177 1402 serunt,
192 1380 261 1406 quae
271 1380 358 1398 meam
370 1373 397 1398 in
409 1372 487 1399 illum
499 1373 713 1400 benevolentiam
725 1378 867 1410 augerent:

71 1417 139 1440 una,
153 1408 225 1444 quod
238 1409 395 1436 versabatur
406 1410 433 1436 in
447 1410 496 1437 hoc
507 1411 597 1438 studio
608 1416 710 1443 nostro,
724 1420 778 1447 quo
789 1412 869 1438 ctiam

73 1455 145 1473 nunc
160 1447 278 1473 maxime
294 1446 471 1479 delectamur,
488 1452 514 1474 et
528 1457 590 1474 cum
607 1449 729 1485 ingenio,
748 1453 777 1475 ut
789 1449 867 1480 nosti,

72 1492 121 1510 nec
132 1484 191 1510 sine
202 1484 349 1517 industria;
364 1484 471 1516 deinde,
480 1485 553 1520 quod
565 1491 668 1512 mature
679 1495 707 1513 se
717 1486 831 1513 contulit
842 1486 869 1512 in

71 1522 212 1547 societates
226 1521 449 1556 publicanorum:
471 1522 544 1557 quod
558 1523 670 1558 quidem
682 1523 794 1551 nollem:
814 1532 871 1550 ma-

72 1559 155 1585 ximis
172 1559 244 1585 enim
263 1558 371 1585 damnis
386 1559 496 1586 affectus
512 1565 561 1586 est.
603 1560 655 1587 Sed
672 1566 760 1587 tamen
775 1570 869 1587 caussa

71 1596 224 1622 communis
235 1595 339 1622 ordinis
351 1596 419 1622 mihi
430 1597 691 1625 commendatissimi
702 1598 765 1625 fecit
775 1599 870 1625 amici-

71 1633 136 1660 tiam
148 1637 264 1659 nostram
278 1633 433 1660 firmiorem.
459 1634 560 1661 Deinde
574 1640 695 1662 versatus
707 1637 734 1662 in
746 1636 869 1670 utrisque

71 1670 211 1697 subselliis
227 1671 327 1705 optima
344 1675 369 1697 et
384 1670 437 1698 fide
453 1676 478 1698 et
494 1671 564 1698 fama
579 1673 631 1698 iam
644 1678 704 1699 ante
716 1673 784 1699 hanc
796 1682 870 1699 com-

71 1708 246 1734 mutationem
258 1708 423 1743 reipublicae
434 1709 557 1744 petitioni
568 1719 627 1736 sese
638 1710 712 1737 dedit
726 1711 870 1737 honorem-

71 1753 124 1779 que
141 1745 364 1771 honestissimum
380 1747 547 1773 existimavit
563 1747 680 1774 fructum
698 1747 797 1775 laboris
813 1749 866 1774 sui.

71 1783 96 1808 3.
117 1782 164 1808 His
180 1787 269 1809 autem
283 1783 452 1818 temporibus
463 1793 477 1810 a
489 1793 531 1810 nie
542 1785 686 1812 Brundisio
697 1794 759 1812 cum
773 1786 868 1812 litteris

71 1824 97 1846 et
112 1819 245 1846 mandatis
260 1819 396 1855 profectus
412 1821 444 1847 ad
461 1821 602 1848 Caesarem
619 1827 672 1849 est:
690 1831 743 1857 qua
761 1824 788 1849 in
805 1832 831 1849 re
843 1828 869 1850 et

71 1865 189 1883 amorem
204 1857 263 1883 eius
280 1858 306 1883 in
323 1858 497 1892 suscipiendo
513 1860 620 1895 negotio
634 1861 776 1895 perspexi,
799 1865 824 1887 et
841 1861 867 1886 in

71 1893 238 1920 conficiendo
249 1902 279 1920 ac
290 1895 469 1922 renuntiando
481 1896 572 1922 fidem.
590 1897 688 1924 Videor
695 1897 772 1928 mihi,
781 1906 867 1932 quum

71 1931 215 1965 separatim
226 1931 259 1957 de
271 1931 401 1966 probitate
413 1933 472 1958 eius
487 1938 512 1959 ct
523 1933 644 1960 moribus
660 1933 782 1961 dicturus
799 1935 868 1961 fuis-

70 1977 138 1999 sem,
146 1968 169 1994 si
180 1968 256 2003 prius
267 1977 399 2000 caussam,
408 1978 456 1995 cur
467 1978 528 1996 eum
541 1975 612 1997 tanto
622 1979 701 2006 opere
712 1971 865 2007 diligerem,

70 2005 121 2032 tibi
145 2006 332 2040 exposuissem
341 2026 347 2037 ,
374 2007 401 2032 in
426 2007 484 2041 ipsa
507 2016 603 2034 caussa
623 2010 781 2043 exponenda
803 2010 867 2036 satis

70 2043 151 2070 etiarn
163 2042 196 2069 de
207 2042 338 2077 probitate
349 2042 462 2070 dixisse.
485 2044 537 2071 Sed
550 2049 637 2071 tamen
649 2047 792 2080 separatim
805 2056 867 2082 pro-

70 2080 147 2107 mitto
159 2080 185 2106 in
198 2088 295 2115 meque
307 2081 421 2115 recipio,
440 2080 494 2107 fore
510 2090 571 2108 enm
588 2082 637 2109 tibi
654 2087 680 2109 et
696 2083 825 2119 voluptati
842 2089 868 2111 et

69 2118 144 2144 usui.
185 2117 252 2143 Nam
264 2122 289 2144 et
300 2117 451 2144 modestum
464 2119 600 2146 hominem
612 2128 766 2155 cognosces,
780 2126 805 2148 et
815 2130 867 2156 pu-

70 2154 188 2186 dentem,
196 2159 222 2181 et
232 2164 245 2181 a
257 2155 404 2189 cupiditate
415 2156 488 2182 omni
500 2157 721 2189 remotissimum,
731 2163 865 2193 praeterea

70 2193 162 2228 magni
175 2192 274 2218 laboris
285 2201 462 2227 summaeque
474 2193 632 2221 industriae.
668 2196 691 2222 l».
714 2196 805 2231 Neque
817 2205 866 2232 ego

70 2228 136 2256 haec
152 2228 274 2264 polliceri
290 2229 388 2260 debeo,
406 2239 476 2264 quae
491 2231 540 2257 tihi
557 2231 622 2266 ipsi,
639 2240 724 2267 quum
742 2233 809 2260 bene
820 2242 866 2259 eo-

69 2267 175 2302 gnoris,
193 2266 338 2293 iudicanda
354 2272 430 2300 suut3
448 2267 496 2293 sed
511 2272 598 2295 tamen
611 2269 637 2295 in
647 2270 775 2297 omnibus
788 2271 865 2297 novis

69 2304 307 2331 coniunctionibus
320 2304 442 2336 interest,
460 2305 550 2339 qualis
562 2306 666 2340 primus
678 2307 767 2334 aditus
777 2309 825 2339 sit,
839 2312 865 2334 et

89 2349 123 2368 ua
133 2341 364 2368 commendatione
381 2342 459 2376 quasi
471 2343 604 2369 amicitiae
620 2342 688 2370 sores
700 2346 863 2379 aperiantur.

69 2348 145 2411 guod
157 2387 206 2415 ego
217 2378 259 2405 his
272 2378 367 2405 litteris
379 2379 484 2405 efficere
497 2379 584 2406 volui:
607 2381 657 2407 etsi
670 2381 696 2407 id
709 2382 765 2415 ipsa
778 2391 826 2416 per
835 2391 864 2408 se

69 2415 240 2442 necessitudo
259 2421 419 2451 quaesturae
440 2416 560 2442 effecisse
575 2417 664 2444 debet.
706 2418 758 2445 Sed
776 2424 863 2445 tamen

69 2452 156 2480 nihilo
167 2453 302 2479 infirmius
315 2453 392 2484 illud,
407 2453 456 2479 hoc
467 2453 566 2480 addim.
600 2455 668 2481 Cura
682 2455 772 2490 igitur,
786 2457 809 2482 si
822 2465 863 2482 nie

69 2490 134 2516 tanti
155 2489 235 2522 facis,
255 2491 348 2525 quanti
366 2496 391 2517 et
403 2491 484 2517 Varro
500 2492 636 2518 existimat
652 2497 677 2518 et
692 2493 750 2527 ipse
766 2494 861 2525 sentio,

69 2530 100 2553 ut
108 2535 189 2562 quam
200 2528 319 2562 primum
331 2528 494 2564 intelligam,
514 2528 581 2555 lianc
593 2538 680 2555 meam
691 2531 865 2557 commenda-

68 2563 168 2591 tionem
180 2569 282 2592 tantum
294 2565 334 2591 illi
347 2565 469 2592 utilitatis
481 2566 612 2598 attulisse,
625 2571 757 2602 quantum
769 2572 795 2594 et
807 2568 864 2603 ipse

69 2601 183 2636 sperarit
193 2610 242 2629 nec
252 2610 302 2638 ego
312 2602 470 2630 dubitarim.

1668 108 1717 133 765

977 174 1017 195 ΧΙ.
1035 175 1052 194 Α
1060 175 1111 195 RG.
1131 175 1273 195 Commendat
1284 176 1351 196 Bruto
1362 175 1489 201 vectigalia,
1501 182 1555 202 quae
1566 175 1685 202 Arpinates
1696 176 1718 195 in

925 208 1001 229 Gallia
1011 209 1121 229 habehant
1129 225 1134 234 ,
1145 213 1166 230 et
1176 210 1314 237 legar-1⁸,qui
1325 211 1350 231 ad
1362 218 1388 231 ea
1397 211 1505 236 exigenda
1513 210 1717 238 proficiscebantur.

1104 247 1192 269 (Romae,
1204 248 1282 265 Caesare
1293 248 1327 265 Ill.
1336 248 1410 271 Lepido
1421 255 1467 265 coss.
1480 249 1534 268 708.)

982 327 1004 352 1.
1027 320 1102 358 Quia
1114 335 1221 362 semper
1234 328 1426 359 animadverti,
1444 328 1564 355 studiose
1575 332 1600 354 te
1610 335 1719 362 operam

923 362 995 393 dare,
1008 368 1038 389 ut
1052 372 1084 389 ne
1095 364 1162 398 quid
1174 373 1294 391 meorum
1306 365 1356 391 tibi
1367 370 1437 392 esset
1448 366 1583 401 ignotum:
1597 369 1720 400 propter-

923 408 953 426 ea
965 408 1018 426 non
1029 400 1137 432 dubito,
1155 402 1222 436 quin
1237 403 1321 433 scias,
1338 411 1390 429 non
1405 402 1492 429 solum
1507 403 1586 429 cuius
1602 402 1720 428 munici-

923 437 962 471 pii
974 437 1040 468 sim,
1063 437 1111 463 sed
1122 438 1203 464 etiam
1214 447 1295 473 quam
1307 439 1451 475 diligenter
1462 440 1562 467 soleam
1573 448 1647 466 meos
1659 447 1720 465 mu-

923 474 1041 508 nicipeS,
1059 474 1214 509 Arpinates,
1238 477 1316 503 tueri.
1357 477 1476 509 Quorum
1497 477 1609 512 quidem
1629 477 1719 503 omnia

923 511 1063 537 commoda
1074 520 1222 547 omnesque
1234 512 1387 545 facultates,
1401 515 1503 549 quibus
1515 520 1540 541 et
1551 523 1625 541 sacra
1636 513 1720 540 confi-

923 557 982 574 cere
997 552 1023 574 et
1033 553 1102 575 sarta
1114 554 1181 575 tecta
1193 550 1300 576 aedium
1312 560 1449 577 sacrarum
1461 551 1634 586 locorumque
1645 559 1720 577 com-

924 586 1049 611 munium
1061 587 1129 612 tueri
1141 588 1255 621 possint,
1272 589 1422 615 consistunt
1433 589 1460 615 in
1473 589 1515 615 his
1527 588 1717 624 vectigalibus,

923 631 993 658 quae
1004 623 1104 649 habent
1115 624 1142 650 in
1153 625 1292 658 provincia
1304 625 1401 652 Gallia.
1441 626 1482 652 Ad
1498 635 1528 652 ea
1545 625 1656 652 visenda
1671 634 1720 660 pe-

922 661 1085 695 cuniasque,
1111 670 1180 696 quae
1196 670 1210 687 a
1225 662 1327 689 colonis
1343 662 1488 694 debentur,
1511 663 1659 699 exigendas
1680 667 1720 689 to-

923 702 1031 732 tamque
1043 706 1099 723 rem
1115 703 1140 725 et
1155 700 1368 735 cognoscendam
1383 705 1408 726 et
1424 700 1664 727 administrandam
1681 699 1720 726 le—

922 739 997 770 gatos
1009 735 1113 769 equites
1124 736 1257 763 Romanos
1269 737 1409 768 misimus,
1425 737 1457 769 Q.
1471 737 1617 768 Fufidium,
1631 737 1662 769 Q.
1676 737 1717 767 F..

923 773 958 798 M.
971 772 1112 803 Faucium,
1126 773 1161 799 M.
1175 774 1216 805 F„
1230 774 1262 806 Q.
1274 775 1448 806 Mamercum,
1461 774 1492 806 Q.
1506 775 1535 801 F.
1558 777 1582 801 2.
1596 776 1657 801 Peto
1669 779 1719 800 ate

923 810 951 835 in
962 810 1090 836 maiorem
1103 810 1212 837 modum
1224 820 1272 846 pro
1288 817 1375 838 nostra
1392 811 1606 843 necessitudine,
1625 817 1654 838 ut
1669 811 1720 837 tibi

922 855 952 873 ea
963 855 1005 872 res
1016 856 1096 874 curae
1107 848 1156 879 sit,
1169 857 1333 884 operamque
1344 849 1392 875 des
1400 870 1406 880 ,
1419 854 1449 876 ut
1459 858 1506 884 per
1517 854 1541 875 te
1552 858 1634 884 quam
1646 857 1720 875 com-

922 884 1081 911 modissime
1104 886 1242 921 negotium
1262 887 1407 921 municipii
1422 886 1624 913 administretur
1637 894 1719 921 quam

922 922 1097 957 primumque
1117 923 1286 950 conficiatur:
1310 924 1451 959 ipsosque,
1474 933 1590 959 quorum
1611 924 1718 951 nomina

922 959 1033 994 scripsi,
1052 964 1173 995 utquam
1185 960 1455 988 honorificentissime
1471 970 1519 996 pro
1531 967 1576 988 tua
1586 967 1679 988 natura
1695 965 1720 986 ct

922 1005 1004 1031 quam
1021 996 1212 1024 liberalissime
1227 1003 1333 1026 tractes.
1374 1001 1398 1025 3.
1420 999 1506 1025 Bonos
1519 1000 1590 1025 viros
1602 999 1634 1025 ad
1646 1004 1719 1025 tuam

922 1034 1151 1061 necessitudinem
1168 1035 1326 1062 adiunxeris
1342 1037 1578 1071 municipiumque
1596 1035 1721 1072 gratissi-

922 1080 996 1097 mum
1013 1071 1144 1099 beneficio
1159 1077 1204 1100 tuo
1219 1073 1389 1100 devinxeris:
1412 1074 1482 1100 mihi
1493 1082 1556 1100 vero
1567 1075 1647 1100 etiam
1658 1081 1721 1108 gra-

921 1109 976 1135 tius
988 1108 1092 1141 feceris,
1101 1110 1174 1145 quod
1188 1119 1273 1145 quum
1284 1120 1391 1146 semper
1402 1111 1470 1138 tueri
1482 1112 1634 1146 municipes
1646 1118 1720 1137 meos

921 1148 1065 1178 consuevi,
1083 1152 1139 1174 tum
1157 1148 1201 1174 hic
1217 1157 1303 1175 annus
1319 1149 1464 1183 praecipue
1479 1148 1511 1175 ad
1529 1157 1616 1175 meam
1627 1155 1719 1175 curam

920 1182 1096 1219 officiumque
1115 1186 1239 1220 pertinet.
1281 1186 1349 1213 Nam
1374 1186 1555 1213 constituendi
1576 1186 1719 1221 municipii

920 1229 1016 1248 caussa
1033 1222 1082 1248 hoc
1098 1231 1167 1249 anno
1179 1223 1292 1249 aedilem
1305 1223 1391 1250 filium
1404 1232 1495 1250 meum
1507 1224 1565 1250 fieri
1581 1223 1668 1254 volui,
1694 1228 1720 1250 et

921 1257 1010 1285 fratris
1022 1259 1109 1286 filium
1120 1265 1146 1286 et
1158 1261 1192 1286 M.
1206 1260 1344 1291 Caesium,
1363 1261 1499 1288 hominem
1518 1261 1585 1287 mihi
1602 1262 1719 1287 maxime

921 1297 1121 1324 necessarium:
1140 1298 1163 1323 is
1178 1298 1251 1324 enim
1267 1298 1439 1333 magistratus
1455 1299 1481 1324 in
1499 1303 1588 1325 nostro
1603 1298 1720 1324 munici-

921 1335 975 1369 pio,
990 1343 1038 1361 nec
1049 1334 1119 1361 alius
1130 1334 1204 1361 ullus
1215 1336 1299 1362 creari
1310 1335 1390 1362 solet:
1403 1344 1471 1370 quos
1483 1335 1673 1365 cohonestaris,
1691 1336 1718 1361 in

921 1373 1072 1407 primisque
1089 1380 1145 1402 me,
1171 1373 1194 1398 si
1209 1381 1251 1398 res
1267 1373 1376 1407 publica
1393 1373 1536 1407 municipii
1553 1378 1598 1399 tuo
1617 1372 1716 1403 studio,

922 1409 1063 1445 diligentia
1074 1409 1143 1435 bene
1155 1410 1340 1436 administrata
1352 1410 1411 1436 erit.
1452 1409 1529 1442 Quod
1540 1415 1569 1436 ut
1583 1409 1674 1439 facias,
1694 1415 1718 1436 te

923 1447 1096 1474 vehementer
1107 1447 1187 1473 etiam
1199 1452 1278 1482 atque
1290 1448 1369 1474 etiam
1383 1456 1455 1483 rogo.

974 1517 1027 1537 ΧΙΙ.
1045 1517 1063 1536 A
1072 1517 1123 1537 RG.
1144 1518 1285 1537 Commendat
1305 1517 1412 1537 Fufidium
1420 1533 1425 1541 ,
1451 1516 1544 1542 legatum
1569 1517 1716 1544 Arpinatium.

922 1559 1014 1579 eumque
1023 1559 1085 1572 suuni
1097 1553 1203 1578 quondam
1214 1552 1237 1572 in
1249 1552 1330 1573 cilicia
1340 1552 1391 1572 trib.
1404 1552 1449 1572 mil.

1103 1590 1196 1610 (numne,
1207 1590 1284 1607 future
1295 1590 1327 1606 lll.
1340 1589 1414 1612 Lepid-1
1424 1596 1470 1606 ems.
1484 1591 1520 1607 708
1533 1591 1538 1605 ἰ

979 1672 1001 1697 l.
1022 1666 1087 1697 Alia
1104 1669 1215 1705 epistola
1230 1671 1409 1697 communiter
1419 1670 1606 1697 commendavi
1619 1670 1666 1697 tibi
1680 1670 1717 1696 le-

920 1712 996 1743 gatos
1007 1708 1192 1742 Arpinatium,
1210 1712 1239 1733 ut
1249 1708 1323 1742 potui
1337 1707 1560 1743 diligentissime,
1581 1708 1628 1734 bac
1639 1717 1718 1743 sepa-

921 1746 998 1771 ratim
1009 1745 1040 1778 Q.
1054 1745 1206 1776 Fufidium,
1224 1754 1342 1780 quocum
1353 1746 1420 1772 milii
1432 1753 1526 1772 omnes
1538 1746 1718 1772 necessitudi-

920 1791 967 1809 nes
978 1782 1219 1818 sunt,diligentius
1230 1783 1399 1813 commendo,
1409 1792 1460 1809 non
1473 1788 1501 1809 ut
1512 1782 1615 1818 aliquid
1627 1783 1659 1809 de
1672 1783 1716 1809 illa

919 1820 1152 1847 commendatione
1162 1819 1330 1851 deminuam,
1344 1820 1391 1846 sed
1404 1825 1432 1847 ut
1444 1821 1512 1847 lianc
1524 1820 1631 1847 addam.
1651 1822 1716 1847 Nam

919 1862 945 1884 et
960 1858 1105 1893 privignus
1121 1863 1161 1884 est
1175 1858 1208 1884 M.
1222 1858 1323 1888 Caesii,
1345 1858 1398 1884 mei
1410 1859 1527 1884 maxime
1538 1863 1563 1884 et
1576 1857 1717 1884 familiaris

919 1900 944 1921 et
959 1896 1117 1926 necessarii,
1135 1900 1161 1922 et
1176 1894 1226 1921 fuit
1242 1896 1269 1921 in
1281 1894 1374 1922 Cilicia
1387 1904 1493 1922 mecum
1506 1896 1631 1922 tribunus
1644 1895 1716 1921 mili-

919 1937 990 1959 tum:
1009 1942 1063 1967 quo
1077 1933 1104 1959 in
1117 1941 1228 1959 munere
1241 1934 1275 1959 ita
1289 1942 1318 1959 se
1335 1933 1468 1964 tractavit,
1488 1938 1517 1959 ut
1531 1933 1666 1967 accepisse
1683 1933 1716 1958 al»

919 1978 949 1996 eo
961 1970 1124 1996 beneficium
1137 1970 1252 2001 viderer,
1267 1979 1318 1996 non
1330 1970 1449 1997 dedisse.
1480 1972 1505 1996 Ξ.
1523 1971 1569 1996 Est
1582 1975 1715 2005 praeterea

918 2007 1000 2042 (quod
1017 2007 1089 2042 apud
1105 2013 1129 2034 te
1144 2007 1215 2034 valet
1230 2007 1391 2043 plurimum)
1405 2016 1419 2034 a
1437 2008 1534 2034 nostris
1550 2008 1649 2033 studiis
1664 2016 1714 2033 non

919 2045 1076 2071 abhorrens.
1116 2045 1204 2077 Quare
1228 2045 1310 2071 velim
1335 2053 1397 2071 eum
1423 2054 1504 2080 quam
1527 2044 1715 2071 liberalissime

918 2082 1095 2117 complectare
1106 2091 1270 2117 operamque
1281 2082 1342 2112 des,
1356 2087 1385 2108 ut
1397 2083 1423 2108 in
1435 2091 1464 2108 ea
1477 2082 1616 2117 legatione,
1634 2090 1714 2116 quain

918 2120 1038 2154 suscepit
1051 2124 1142 2146 contra
1158 2128 1238 2145 suum
1254 2119 1436 2150 commodum,
1452 2125 1561 2145 secutus
1573 2120 1714 2145 suu-torita-

919 2161 971 2182 tem
993 2165 1094 2187 meam,
1117 2165 1198 2191 quam
1221 2157 1338 2182 maxime
1359 2157 1418 2182 eius
1439 2156 1552 2182 excellat
1573 2156 1713 2182 industria.

918 2193 982 2219 Vult
997 2194 1084 2224 euim,
1106 2194 1133 2219 id
1149 2193 1221 2228 quod
1236 2194 1338 2227 optimo
1353 2193 1452 2228 cuique
1474 2198 1567 2219 natura
1584 2193 1713 2219 triliuuun

917 2235 970 2261 cst,
986 2239 1068 2264 quam
1081 2231 1227 2256 maximam
1241 2230 1346 2256 laudem
1362 2239 1447 2264 quum
1460 2239 1473 2256 a
1486 2230 1577 2260 nobis,
1593 2231 1640 2264 qui
1652 2238 1713 2255 euni

918 2267 1092 2302 impulimus,
1112 2272 1168 2293 tum
1183 2276 1196 2293 a
1209 2268 1359 2301 municipio
1368 2268 1512 2302 consequi:
1531 2267 1603 2301 quod
1616 2267 1640 2292 ei
1651 2276 1714 2293 con-

917 2306 1015 2340 tinget,
1033 2305 1056 2330 si
1073 2304 1121 2331 liae
1134 2313 1191 2330 mea
1208 2304 1439 2330 commendatione
1456 2309 1531 2330 tuum
1543 2313 1604 2339 erga
1617 2313 1644 2329 se
1656 2309 1713 2330 stu-

916 2342 992 2368 dium
1004 2342 1054 2368 erit
1064 2346 1235 2367 consecutus.

970 2411 1032 2431 xm.
1051 2411 1118 2431 ARG
1145 2411 1284 2430 eommunia·
1298 2410 1446 2430 t'ntrnuinm.

1100 2448 1186 2468 (lh-nme,
1197 2448 1273 2464 (urum
1288 2447 1320 2464 ΙΙΙ,
1332 2447 1405 2470 Lquod--
1414 2454 1459 2464 run.
1473 2449 1526 2465 rus>

1087 2490 1122 2517 Μ.
1143 2490 1173 2516 Τ,
1195 2490 1224 2516 (ἶ.
1247 2489 1275 2516 S.
1299 2491 1326 2516 Ρ.
1349 2491 1378 2516 D.
1401 2490 1537 2517 BRUTO.

971 2523 1007 2553 L.
1025 2527 1181 2554 Castronius
1198 2528 1306 2557 Paetus,
1329 2527 1406 2563 longe
1422 2528 1547 2562 princeps
1569 2529 1710 2562 municipii

917 2565 1059 2596 Lucensis,
1073 2569 1113 2590 est
1126 2565 1268 2594 honestus.
1285 2565 1385 2599 gravis,
1400 2564 1497 2599 plenus
1510 2564 1607 2595 oflicii,
1625 2565 1710 2592 bonus

916 2601 994 2636 plane
1011 2602 1052 2628 vir
1067 2607 1092 2628 et
1107 2611 1192 2637 quuin
1209 2601 1370 2632 virtutibus,
1389 2607 1445 2628 tum
1461 2603 1540 2629 etiam
1553 2602 1670 2630 fortuna.
1687 2604 1710 2628 si

915 2639 982 2674 quid
999 2639 1048 2665 hoc
1064 2639 1096 2666 ad
1113 2648 1168 2665 rein
1186 2639 1313 2674 pertinet,
1331 2644 1454 2666 ornatus:
1473 2648 1550 2666 meus
1566 2645 1654 2666 autem
1671 2644 1710 2665 est
