1941 3052
222 102 271 128 752
796 102 837 125 ⁸0.

223 172 258 198 tio
273 176 352 205 atque
369 171 436 196 actio
451 179 526 204 iipeiii
544 170 660 203 priiiiuiii
677 168 775 203 populo
793 169 908 194 iiomuno
926 168 1013 195 attulit
1034 169 1043 199 ἷ1
1064 172 1162 201 aciem,
1178 179 1232 205 quo
1249 171 1304 197 loco
1319 176 1437 201 steterat.
1456 174 1623 207 processerit.

870 100 903 125 M.
926 99 955 125 T.
996 99 1267 127 CICERONIS

1663 174 1754 209 Itaque
1767 182 1853 209 quum

224 208 353 234 libertatis
370 207 575 240 rei-uperiiiidae.
618 207 669 231 Nec
690 215 750 231 veru
767 206 824 240 ipsc
839 211 928 240 postea
946 211 1013 232 teni·
1041 203 1043 247 ἱ
1064 209 1168 243 equites
1185 213 1303 234 nostruin
1319 217 1400 235 cornu
1416 210 1529 236 circuire
1546 210 1656 241 vellent,
1679 212 1796 246 recipere
1812 220 1855 238 mu

223 254 273 280 piis«
291 245 375 270 iilliiiii
394 244 523 269 iiiteriiiisi
541 243 573 267 ile
590 242 726 276 republica
743 252 792 268 noii
815 243 949 277 cogitandi
970 252 1013 269 so-
1042 250 1043 279 }
1064 246 1139 280 coepi
1153 250 1178 271 et
1193 244 1279 271 levem
1295 251 1455 272 armaturam
1470 256 1603 281 opponere
1614 249 1764 275 Maurorum
1777 249 1856 284 equi·-

224 281 292 312 liiiii,
313 282 358 306 sed
376 282 454 306 etiaiii
471 280 576 312 agendi.
617 283 641 305 3.
663 279 752 311 Quod,
772 280 823 305 nisi
840 289 881 306 res
898 280 1014 306 urbanas

222 325 332 352 iietiiqiie
343 318 430 343 ouiiiiii
443 317 474 342 iiil
488 322 510 342 te
526 316 637 350 perferri
653 317 808 347 arbitrarer,
827 317 883 351 ipse
899 318 1014 351 perscri-

224 357 326 381 Iwreiii:
360 363 524 388 quiunquam
549 362 620 379 cram
647 354 772 379 iiiiixiiiiis
792 354 1014 388 occupationibus

223 392 379 426 impu-ditiis.
420 390 471 416 Sed
490 390 533 416 illa
549 399 693 425 cognosces
704 399 737 417 ex
748 390 820 422 aliis;
839 401 852 417 a
866 400 906 417 iiie
918 400 1012 426 pauca,

222 434 248 455 et
258 438 287 454 eii
300 429 464 454 siiiiiiiiatiiii.
506 427 640 453 llubeiiius
657 427 749 454 sortem
761 433 883 454 senatum
893 449 898 459 ‚
916 437 1014 455 consu-

224 466 290 492 lares
307 466 402 499 partim
421 465 543 495 timidos,
566 466 662 499 partim
682 465 750 491 male
764 466 918 492 sentientes.
959 466 1015 491 Ma-

221 512 305 538 guum
317 502 446 528 daiiinuiii
463 501 560 528 sactum
578 507 618 528 cst
632 503 657 528 in
671 502 774 528 Servio.
797 503 826 528 L.
839 504 1015 537 Caesaropti-

1036 285 1044 342 ,l

1065 283 1146 312 tibus,
1161 291 1192 309 ne
1204 292 1311 309 aversos
1323 288 1425 309 nostros
1437 284 1653 319 aggrederentur.
1694 286 1801 312 Interim
1815 286 1857 312 vi·

1064 320 1114 345 deo
1136 329 1177 345 me
1191 329 1250 345 esse
1267 321 1334 346 inter
1347 322 1510 347 Antonianos
1525 322 1723 358 Antoniumque
1739 328 1798 358 ponit
1813 332 1856 350 me

1064 366 1123 383 esse
1135 357 1280 392 aliquanto.
1308 358 1423 392 Ite-pente
1435 367 1535 393 equum
1547 359 1648 385 immisi
1659 359 1691 386 ad
1702 369 1760 386 eam
1773 360 1857 394 legio-

1042 421 1044 435 Ι
1066 404 1125 420 nem
1138 395 1268 425 tii-onum,
1285 404 1353 429 quae
1370 396 1495 422 veniebat
1509 404 1542 422 ex
1554 397 1648 422 castris
1659 402 1734 423 scuto
1748 399 1855 424 reiecto.

1036 515 1045 538 ς.
1065 507 1199 541 cognitus.

223 549 264 566 iiie
275 540 366 571 seiitit3
390 539 451 570 sed,
474 539 546 573 quod
562 539 713 565 avunculus
729 544 781 570 est,
805 549 856 566 non
871 541 1015 566 acerrimas
1036 541 1045 561 ἰ

221 577 287 603 ‹lieit
298 577 452 602 sententias.
473 576 603 602 Consules
615 577 729 612 egregii;
744 577 896 611 praeclarus
907 578 936 603 D.
948 578 1015 604 Bru-
1036 582 1037 600 ἓ

223 620 277 646 tiis;
293 622 359 649 puer
369 614 495 648 egregius
507 613 614 644 Caesam
633 614 730 649 dequo
742 623 820 648 spero
832 614 958 649 equidem
973 624 1015 641 re-

224 652 306 685 liqua.
346 651 399 676 lloc
417 659 478 676 vero
493 656 595 677 certuin
615 652 723 681 habeto.
746 652 799 677 nisi
816 652 860 678 ille
877 657 1014 678 veteranos

222 688 342 714 celeriter
352 688 569 722 conscripsisset,
588 688 760 724 legionesque
772 689 840 715 duae
851 689 884 715 de
895 690 1013 716 exercitu

222 726 329 752 Antonii
341 725 374 751 ad
386 726 444 751 cius
455 734 484 751 se
495 727 678 752 auctoritatem
689 726 878 757 contulissent,
897 731 976 762 atque
992 728 1014 753 is

221 763 361 798 oppositus
372 767 443 788 esset
455 767 536 788 terror
547 763 672 794 Antonio.
690 763 757 789 nihil
770 763 913 790 Antonium
930 764 1015 790 scele-

222 838 271 863 etsi
283 837 373 863 audita
384 845 443 863 esse
457 837 618 869 arbitrabar,
637 838 709 864 volui
726 842 812 865 tamen
829 839 930 866 notiora
944 848 1012 865 esse.

223 874 301 900 l'lura
312 874 442 905 scribam,
459 874 482 900 si
494 875 555 909 plus
567 876 614 902 otii
626 875 753 902 habuero.

277 943 365 964 XXIX.
381 943 457 964 ARG.
474 943 575 970 ,impium
587 944 684 964 exsulem
695 945 749 965 bene
762 952 849 972 inperare
860 945 927 966 iubet.

500 981 581 1004 (Scripta
592 987 639 998 anim
650 981 736 1002 inserto.)

441 1022 607 1050 CICERO
647 1025 796 1051 AMPIO.

283 1060 319 1086 De
341 1068 400 1086 meo
421 1060 511 1086 studio
531 1069 593 1096 erga
615 1062 727 1088 salutem
753 1068 778 1088 et
802 1061 1012 1089 incolumitatem

223 1097 423 1128 tuam,credote
435 1106 563 1133 cognosse
574 1107 607 1124 ex
620 1098 713 1125 litteris
726 1104 844 1129 tiioruiii;
859 1100 960 1134 quibus
972 1108 1014 1125 nie

222 1134 436 1161 cumulatissime
451 1134 614 1161 satisfecisse
629 1141 699 1162 certo
710 1137 778 1162 scio:
798 1145 845 1162 nec
862 1137 904 1162 his
919 1146 1014 1163 corice-
1036 1142 1037 1163 ξ

222 1171 264 1201 do,
278 1180 442 1206 quamquam
454 1177 517 1198 sunt
528 1172 658 1207 singulari
671 1174 697 1199 in
710 1178 734 1199 te
746 1173 940 1204 benevolentia,
950 1179 978 1200 ut
990 1179 1013 1200 te
1036 1172 1044 1196 '1

222 1208 328 1234 salvum
340 1208 442 1239 malint,
456 1217 537 1243 quam
549 1218 607 1244 ego.
648 1210 689 1236 Illi
702 1211 768 1237 mihi
781 1219 889 1237 necesse
900 1216 941 1237 est
950 1220 1015 1238 con-

221 1246 325 1277 cedant,
340 1250 368 1272 ut
378 1246 427 1271 tibi
438 1245 509 1280 plus,
523 1255 603 1280 quam
616 1247 680 1281 ipsi,
698 1247 746 1274 hoc
759 1253 876 1283 tempore
888 1248 1014 1282 prodesse

222 1284 337 1317 possim:
360 1282 432 1317 quod
452 1283 562 1318 quidem
584 1292 632 1310 nec
648 1284 738 1311 destiti
756 1284 854 1316 facere,
877 1294 926 1311 nec
941 1285 1015 1311 desi-

221 1325 303 1346 stam:
326 1324 351 1346 et
367 1321 419 1346 iam
434 1320 462 1346 in
478 1321 594 1347 maxima
611 1330 638 1347 re
655 1321 717 1352 feci,
735 1327 760 1349 et
776 1322 949 1349 fundamenta
963 1323 1014 1349 ieci

221 1356 315 1383 salutis
332 1362 402 1383 tuae.

221 1402 273 1428 que
295 1394 344 1420 tibi
364 1393 438 1420 nulla
458 1403 486 1421 rc
507 1395 663 1423 defuturum
682 1405 741 1423 esse
756 1397 884 1424 confidas.

222 1432 310 1457 Nonas
320 1431 479 1464 Quinctiles.

925 1397 1013 1424 Pridie

274 1501 351 1521 XXX.
367 1501 443 1521 ΑΚΘ.
462 1501 575 1522 Priielium
585 1503 678 1530 exponit
691 1504 718 1524 aii
728 1503 835 1524 Mutinam
850 1504 929 1525 factum
944 1503 1013 1525 rietu-

222 1535 319 1562 riaiiiqiie
327 1536 353 1556 ile
363 1536 461 1557 Antonio
473 1536 570 1557 relatam.

307 1573 337 1597 (lii
347 1572 411 1590 casiri:
421 1573 471 1596 apud
482 1573 583 1594 Matinum,
595 1574 659 1592 accisis
668 1575 734 1595 Pausa,
745 1575 807 1593 Hirtio
816 1582 862 1593 coss.

388 1615 517 1643 GALBA
548 1617 734 1645 CICERONI
763 1618 845 1645 SAL.

277 1659 300 1684 t.
321 1653 404 1685 Xvu.
422 1658 534 1686 Kalend.
553 1660 629 1692 Maii,
646 1670 700 1696 quo
715 1661 759 1688 die
773 1663 858 1688 Pansa
875 1662 903 1689 in
919 1663 1014 1689 castris

221 1695 299 1721 Hirtii
310 1700 365 1721 erat
376 1695 491 1727 siiturus,
500 1705 562 1723 cum
573 1706 626 1732 quo
637 1706 686 1734 ego
697 1707 778 1730 eram,
787 1700 858 1734 (nam
869 1700 895 1726 ei
905 1700 1013 1726 obviam

222 1741 401 1767 processeram
414 1733 498 1759 millia
510 1742 582 1768 pass.
595 1740 712 1767 centum,
728 1745 782 1771 quo
793 1737 925 1763 maturius
937 1738 1014 1763 veni-

222 1770 285 1804 retz)
306 1770 436 1796 Antonius
453 1770 570 1805 legiones
591 1771 685 1799 eduxit
704 1772 785 1804 duas,
811 1773 963 1800 Secundam
988 1779 1014 1800 et

220 1806 346 1838 Quintam
371 1808 550 1843 trigesimam,
577 1813 603 1835 et
622 1809 744 1836 cohortes
764 1812 909 1845 praetorias
934 1811 1010 1842 duas,

221 1852 302 1869 unam
318 1852 408 1875 suam.
430 1844 539 1871 alteram
555 1845 648 1877 Silani,
662 1852 887 1883 evocatorumque
899 1854 1011 1883 partem.

222 1881 257 1906 Ita
272 1881 380 1907 obviam
397 1882 470 1908 venit
485 1882 576 1913 nobis,
598 1883 670 1918 quod
686 1893 734 1910 nos
754 1890 879 1920 quattuor
895 1885 1012 1921 legiones

221 1918 337 1944 tironum
349 1918 446 1944 habere
457 1919 544 1945 solum
557 1920 744 1948 arbitrabatur.
784 1922 836 1948 Sed
851 1928 943 1953 noctu,
959 1931 1013 1957 quo

220 1955 304 1981 tutius
316 1955 406 1981 venire
423 1956 450 1982 in
464 1961 549 1982 castra
565 1966 719 1991 possemus,
738 1958 869 1993 legionem
880 1960 1010 1990 Martiam,

220 1992 264 2018 cui
276 2000 325 2027 ego
335 2000 458 2026 praeesse
469 1993 603 2025 solebam,
620 2000 645 2021 et
656 1995 724 2021 duas
735 1997 856 2023 cohortes
868 1998 1012 2031 praetorias

220 2029 329 2055 miserat
340 2030 441 2056 Hirtius
452 2030 539 2057 nobis.
580 2033 604 2059 2.
626 2032 715 2064 Quum
732 2034 836 2068 equites
848 2035 955 2061 Antonii
965 2043 1013 2069 ap-

220 2067 381 2101 paruissent,
397 2068 526 2094 contineri
538 2077 623 2103 neque
637 2069 705 2105 legio
716 2071 808 2097 Martia
820 2080 906 2106 neque
918 2072 1013 2098 cohor-

221 2108 260 2130 tes
271 2105 417 2138 praetoriae
428 2109 583 2139 potucrunt;
598 2115 666 2141 quas
677 2108 755 2142 sequi
767 2109 905 2143 coepimus
917 2110 1010 2140 coacti,

220 2140 328 2175 quando
343 2149 387 2167 eas
404 2142 516 2168 retinere
531 2151 583 2169 non
604 2148 786 2178 potueramus.
827 2147 958 2172 Antonius
979 2146 1012 2172 ad

874 1578 927 1598 711.)

220 2178 318 2204 Forum
330 2178 467 2205 Gallorum
482 2188 545 2205 suas
561 2181 651 2215 copias
667 2183 832 2209 continebat:
850 2192 938 2218 neque
949 2184 1011 2210 sciri
1034 2179 1035 2198 ³

220 2214 326 2241 volebat
340 2224 368 2241 se
384 2215 502 2251 legiones
519 2217 629 2251 habere,
652 2223 754 2245 tantum
768 2221 918 2255 equitatum
933 2225 959 2247 et
974 2221 1012 2247 le-

219 2261 280 2278 vem
296 2257 456 2279 armaturam
476 2254 642 2282 ostendebat.
682 2257 858 2292 Posteaquam
879 2258 959 2289 vidit,
982 2266 1011 2284 se

219 2290 312 2321 invito,
322 2289 454 2325 legionem
467 2291 512 2322 ire,
522 2292 605 2318 Pansa
616 2294 694 2327 sequi
705 2302 734 2319 se
744 2294 811 2320 duas
824 2294 943 2330 legiones
954 2296 1012 2321 ius-

219 2327 254 2352 sit
266 2327 391 2354 tironum.
430 2328 523 2354 Postea
539 2338 601 2356 vero
616 2338 698 2364 quam
713 2332 852 2367 angustias
867 2332 975 2367 paludis
986 2337 1012 2358 et

219 2363 348 2390 silvarum
360 2366 544 2397 transivimus,
557 2367 627 2393 acies
638 2372 678 2393 est
689 2368 817 2395 instructa
828 2378 843 2395 a
854 2369 932 2396 nobis
943 2369 1011 2396 duo-

219 2399 306 2426 decim
327 2402 486 2429 cohortium.
536 2405 560 2430 3.
589 2404 714 2430 Nondum
740 2411 868 2433 venerant
892 2406 1010 2442 legiones

220 2436 301 2469 duam
325 2444 432 2472 repente
448 2440 579 2467 Antonius
596 2441 624 2467 iii
635 2442 719 2467 aciem
730 2451 793 2468 suas
804 2445 894 2478 copias
905 2444 939 2470 de
950 2445 1010 2470 vico

221 2474 348 2507 produxit
357 2480 382 2501 et
391 2477 449 2502 sine
461 2486 532 2503 mora
543 2479 687 2504 concurrit.
714 2479 801 2506 Primo
813 2481 848 2506 ita
860 2485 1009 2516 pugnatum

220 2514 268 2551 est,
277 2515 305 2536 ut
317 2512 404 2552 acrius
415 2522 466 2539 non
477 2519 567 2548 posset
577 2523 611 2542 ex
621 2520 733 2550 utraque
744 2522 817 2550 parte
828 2519 957 2553 pugnari:
971 2523 1010 2544 et-

220 2555 243 2572 si
254 2546 390 2589 dexterius
400 2558 495 2581 cornu,
514 2552 540 2577 in
556 2560 610 2586 quo
620 2561 692 2578 eram
703 2561 766 2579 cuin
777 2554 884 2580 Martiae
897 2555 1010 2590 legionis

220 2583 374 2610 cohortibus
394 2591 463 2615 octo,
491 2588 591 2622 inipetu
610 2590 697 2624 primo
717 2589 857 2626 fugaverat
877 2591 1010 2627 legionem

221 2628 295 2646 xxxv
311 2622 431 2653 Antonii,
455 2629 481 2649 ui
502 2625 617 2659 amplius
641 2635 737 2661 passus
759 2628 921 2663 quingentos
941 2629 1009 2656 ultra

442 1357 481 1384 Tu
495 1358 534 1383 sac
546 1358 614 1384 bono
625 1359 714 1385 animo
726 1368 876 1395 magnoque
888 1361 938 1390 sis,
957 1368 1015 1386 me—
1043 1370 1045 1384 ι

1066 432 1206 458 Antoniani
1219 441 1261 457 ine
1275 433 1394 467 iiisequi3
1409 434 1490 459 nostri
1502 433 1555 468 pila
1567 434 1698 460 coniicere
1710 434 1788 460 velle.
1820 435 1856 460 Ita

1066 469 1220 504 nescioquo
1232 469 1284 495 sato
1295 478 1355 495 sum
1367 475 1501 499 servatus.
1515 470 1587 505 quod
1599 479 1659 497 sum
1671 472 1723 497 cito
1733 480 1747 497 a
1759 472 1857 498 nostrii-i

1240 508 1264 532 i.
1287 507 1313 532 In
1331 507 1388 541 ipsa
1410 507 1536 539 Aemilia.
1560 508 1606 533 ubi
1626 508 1721 534 cohors
1737 508 1857 535 Caesaris

1066 544 1194 578 praetoria
1207 549 1270 573 erat,
1287 544 1333 569 diu
1346 550 1494 579 pugnaturn
1505 549 1554 571 est.
1594 545 1681 571 Cornu
1693 546 1855 575 sinisterius,

1065 581 1137 616 quod
1149 586 1203 607 erat
1216 582 1363 611 intiriiiius,
1382 582 1428 608 ubi
1440 582 1547 608 Martiae
1559 581 1671 617 legionis
1682 582 1751 609 duae
1762 582 1858 609 cohor-

1067 623 1104 644 tes
1120 623 1207 649 erant,
1225 623 1250 645 et
1264 618 1359 645 cohors
1375 620 1504 653 praetoria
1539 619 1633 654 pedem
1650 619 1746 646 reteri-e
1761 627 1858 654 coepe-

1036 680 1037 685 ,
1066 661 1140 687 runt,
1163 655 1234 690 quod
1250 656 1283 682 ab
1299 657 1418 690 equitatu
1434 657 1630 687 circuibantur,
1648 665 1702 692 quo
1718 656 1759 683 vel
1771 656 1858 692 pluri-

1067 702 1139 719 mum
1157 693 1225 719 valet
1241 694 1382 719 Antonius.

1042 1827 1044 1831 ν
1065 1812 1148 1838 fleret.

223 801 268 829 ris,
283 799 350 826 nihil
363 799 529 826 crudelitatis
541 801 745 834 praeteriturum
759 800 852 827 fuisse.
874 802 941 827 Ilaec
954 802 1012 831 tibi,
1036 786 1037 796 i
1065 772 1129 794 sua*

1043 999 1045 1007 ¹
1066 1000 1136 1018 rum.

1042 1116 1044 1124 ·
1066 1103 1223 1138 reliquerat,
1241 1112 1310 1138 quae
1325 1103 1359 1129 ab
1375 1104 1488 1130 Antonio
1503 1107 1577 1129 erant
1594 1107 1773 1139 oppugnatae.

1042 1756 1044 1765 ι
1065 1743 1218 1764 scrutantur
1233 1736 1385 1763 tabellarios
1401 1742 1427 1763 et
1441 1737 1564 1763 retinent.

1422 693 1511 726 Quum
1531 702 1625 720 omnes
1645 702 1673 720 se
1694 695 1859 729 recepissent

1066 731 1148 757 nostri
1163 731 1284 761 ordines,
1307 731 1424 765 recipere
1441 740 1482 757 me
1498 732 1663 757 novissimus
1677 731 1752 766 coepi
1768 730 1801 757 ad
1812 739 1857 757 ca-

1169 768 1314 798 Antonius,
1337 772 1473 803 tamquam
1491 769 1586 799 victor.
1609 773 1694 795 castra
1710 769 1814 803 putavit
1829 776 1858 795 se

1066 814 1144 840 posse
1155 814 1259 840 capere.
1299 804 1358 837 Quo
1372 814 1457 840 quum
1470 807 1555 836 venit,
1572 805 1726 840 complures
1739 806 1776 832 ibi
1789 806 1858 831 ami-

1066 843 1101 869 sit
1115 851 1163 869 nec
1178 843 1232 878 egit
1245 842 1406 877 quidquam.
1447 843 1544 869 Audita
1560 851 1600 873 re.
1619 843 1720 869 Ilii-tius
1735 851 1797 869 cum
1813 851 1858 869 co-

1036 895 1037 900 =
1067 880 1189 906 hortibus
1203 881 1298 915 viginti
1311 881 1442 906 veteranis
1453 880 1575 906 redeunti
1587 881 1700 906 Antonio
1712 881 1738 906 in
1753 888 1801 906 sua
1813 888 1858 906 ca—

1036 913 1045 941 Ἢ
1066 922 1118 943 stra
1134 922 1262 948 occurrit,
1279 918 1425 952 copiasque
1436 918 1495 944 eius
1505 926 1598 944 omnes
1609 917 1723 947 delevit,
1740 916 1858 950 fugavit-

1065 963 1118 989 que
1129 954 1222 981 codem
1236 954 1300 985 loco,
1314 955 1361 980 ubi
1372 960 1427 981 erat
1438 960 1600 990 pugnatum.
1614 954 1646 980 ad
1659 955 1755 981 Forum
1767 954 1858 981 Gallo-

1176 992 1308 1018 Antonius
1323 1001 1384 1018 cum
1401 992 1539 1027 equitibus
1555 992 1617 1018 hora
1629 992 1714 1018 noctis
1725 996 1818 1026 quarta
1830 999 1858 1017 se

1066 1030 1093 1055 in
1109 1034 1193 1055 castra
1209 1038 1258 1055 sua
1274 1029 1306 1055 ad
1323 1029 1451 1055 Mutinam
1469 1029 1577 1063 recepit.
1617 1030 1642 1055 5.
1665 1029 1765 1054 Ilii-tius
1782 1029 1809 1054 in
1828 1036 1858 1054 ea

1065 1071 1150 1092 castra
1166 1066 1258 1097 rediit,
1276 1066 1347 1092 unde
1363 1067 1447 1092 Pansa
1461 1067 1575 1097 exierat.
1593 1065 1639 1092 ubi
1655 1065 1723 1092 duas
1739 1064 1859 1129 Ιεςίοιὲεε

1835 1110 1859 1129 ic

1065 1146 1167 1176 partem
1189 1141 1315 1167 maiorem
1336 1149 1446 1167 suarum
1466 1141 1604 1176 copiarum
1621 1141 1753 1166 Antonius
1768 1140 1859 1166 amisit

1065 1182 1263 1204 veteranarum.
1304 1178 1357 1204 Nec
1373 1178 1401 1204 id
1416 1183 1503 1204 tamen
1519 1178 1577 1204 sine
1593 1177 1682 1212 aliqua
1699 1177 1798 1203 iactura
1813 1185 1859 1204 co-

1066 1215 1183 1242 hortium
1196 1215 1422 1250 praetorianarum
1433 1220 1583 1242 nosti-arum
1594 1219 1620 1241 et
1631 1214 1743 1250 legionis
1750 1214 1858 1241 Martiae

1043 1267 1044 1275 ι
1066 1252 1122 1278 fieri
1134 1253 1230 1287 potuit.
1265 1252 1379 1287 Aquilae
1389 1253 1467 1283 duae,
1480 1253 1557 1288 signa
1568 1253 1707 1287 sexaginta
1717 1256 1779 1278 sunt
1790 1251 1859 1278 rela-

1043 1296 1045 1301 ’
1065 1295 1089 1316 ta
1102 1290 1220 1316 Antonii.

1261 1290 1312 1316 iies
1323 1289 1391 1316 bene
1401 1295 1475 1326 gesta
1487 1295 1536 1316 est.
1576 1290 1608 1316 A.
1623 1289 1651 1315 d.
1663 1297 1712 1316 xii.
1725 1288 1858 1315 Kalendas

1065 1328 1128 1353 Maii
1139 1336 1171 1354 ex
1186 1327 1290 1354 castris.

1118 1397 1207 1417 xxxi.
1227 1396 1296 1416 ARG
1319 1397 1359 1421 Se,
1375 1403 1503 1423 quamquain
1514 1402 1575 1420 sei-o.
1589 1399 1660 1416 tamen
1672 1395 1813 1423 percupidum
1823 1402 1857 1417 re-

1066 1431 1191 1453 stituendae
1201 1431 1337 1459 reipublicae
1347 1431 1452 1452 ostendit.
1484 1433 1559 1455 (Ριωι,
1568 1433 1631 1451 nii-tin
1641 1439 1687 1451 mu.
1698 1434 1753 1454 711.)

1116 1477 1146 1505 C.
1167 1476 1326 1503 ASINIUS
1347 1475 1489 1503 POLLIO
1509 1476 1536 1503 S.
1558 1476 1588 1502 D.
1610 1475 1808 1503 CICERONI.

1124 1517 1146 1541 i.
1170 1510 1289 1541 Minime
1301 1515 1399 1540 mirum
1412 1514 1460 1540 tibi
1471 1513 1551 1540 debet
1561 1513 1647 1539 videri
1659 1512 1727 1540 nihil
1738 1521 1780 1539 me
1790 1513 1859 1540 scri-

1066 1552 1153 1586 psisse
1170 1551 1204 1578 de
1221 1551 1374 1586 republica,
1396 1555 1571 1586 posteaquam
1587 1551 1654 1577 itum
1671 1555 1711 1577 est
1725 1550 1759 1577 ad
1773 1559 1856 1577 arma.

1066 1590 1133 1615 Nam
1149 1588 1233 1615 saltus
1243 1588 1458 1619 Castulonensis,
1474 1589 1523 1623 qui
1537 1596 1644 1622 semper
1655 1588 1740 1614 tenuit
1755 1592 1858 1614 nostros

1065 1626 1218 1653 tabellarios
1226 1647 1232 1657 ,
1248 1626 1298 1652 etsi
1310 1634 1381 1652 nunc
1392 1625 1620 1660 frequentioribus
1632 1624 1778 1651 latrociniis
1787 1624 1858 1651 inf&

1065 1664 1130 1690 stior
1141 1663 1226 1690 factus
1237 1668 1290 1694 est,
1309 1667 1395 1689 tamen
1412 1671 1583 1697 nequaquam
1600 1667 1670 1688 tanta
1682 1663 1710 1688 in
1721 1670 1794 1688 mora
1805 1666 1854 1692 est,

1065 1705 1164 1736 quanta
1179 1701 1227 1736 qui
1243 1699 1309 1726 locis
1323 1699 1451 1726 omnibus
1465 1699 1591 1734 dispositi
1606 1699 1640 1725 ab
1655 1704 1767 1734 utraque
1783 1704 1857 1734 parte

1604 1737 1695 1771 Itaque
1716 1737 1769 1762 nisi
1788 1744 1857 1763 nave

1064 1775 1180 1810 perlatae
1192 1774 1293 1801 litterae
1309 1779 1410 1805 essent,
1427 1774 1537 1800 omnino
1551 1774 1696 1804 nescirem,
1713 1773 1780 1808 quid
1796 1773 1857 1800 istic

1188 1812 1265 1838 Nunc
1284 1820 1347 1838 vero
1366 1815 1459 1838 nactus
1479 1812 1659 1841 occasionem,
1682 1815 1856 1846 posteaquam

1064 1850 1186 1885 navigari
1200 1853 1324 1884 coeptum
1335 1853 1388 1878 est,
1411 1848 1588 1883 cupidissime
1599 1853 1624 1874 et
1634 1856 1716 1883 quam
1726 1847 1857 1874 creberri-

1064 1895 1106 1912 me
1122 1891 1225 1921 potero,
1242 1886 1359 1912 scribam
1373 1885 1406 1912 ad
1421 1891 1456 1912 te.
1496 1887 1521 1912 2.
1544 1886 1582 1912 Ne
1598 1893 1720 1912 moveare
1731 1886 1791 1912 eius
1799 1893 1857 1911 ser-

1064 1924 1200 1955 monibus,
1208 1932 1299 1958 quem,
1311 1924 1416 1950 tametsi
1427 1931 1506 1949 nemo
1517 1927 1565 1953 est,
1573 1923 1621 1958 qui
1632 1922 1724 1949 videre
1736 1922 1809 1953 velit,
1817 1926 1857 1949 ta-

1064 1970 1126 1987 men
1138 1969 1309 1996 nequaquam
1323 1960 1445 1996 proinde,
1458 1968 1488 1986 ac
1499 1959 1599 1996 dignus
1610 1964 1662 1991 est,
1679 1959 1794 1986 oderunt
1807 1959 1857 1987 ho-

1064 1999 1165 2029 mines,
1188 1998 1339 2033 periculum
1358 2006 1410 2024 non
1429 2003 1478 2023 est.
1517 1997 1590 2024 Adeo
1604 2002 1645 2024 est
1658 1997 1731 2023 enim
1750 1997 1857 2024 invisus

1064 2036 1145 2066 mihi,
1163 2040 1192 2062 ut
1207 2035 1275 2062 nihil
1292 2044 1344 2062 non
1359 2035 1486 2061 acerbum
1501 2039 1606 2069 putem,
1626 2034 1699 2069 quod
1713 2042 1856 2061 commune

1063 2081 1125 2099 cum
1137 2072 1184 2099 illo
1195 2074 1239 2099 sit.
1279 2073 1378 2099 Natura
1389 2077 1477 2098 autem
1488 2080 1546 2098 mea
1557 2077 1583 2098 et
1593 2071 1682 2098 studia
1693 2071 1801 2098 trahunt
1812 2079 1856 2098 me
1899 2094 1902 2100 .

1063 2110 1097 2136 ad
1112 2110 1186 2145 pacis
1201 2114 1226 2136 et
1242 2109 1372 2136 libertatis
1388 2109 1572 2144 cupiditatem.
1612 2109 1704 2144 Itaque
1718 2108 1787 2135 illud
1802 2109 1856 2135 ini-
1896 2109 1909 2139 ,’,

1063 2148 1131 2174 tium
1142 2146 1232 2173 civilis
1243 2146 1307 2173 belli
1318 2155 1398 2181 saepe
1408 2145 1515 2172 deflevi.
1548 2146 1638 2178 Quum
1652 2153 1716 2172 vero
1726 2154 1778 2172 non
1790 2145 1855 2172 lice·

1063 2189 1102 2211 ret
1117 2184 1185 2210 mihi
1200 2183 1302 2210 nullius
1317 2184 1401 2219 partis
1417 2192 1489 2214 esse,
1506 2184 1570 2218 quia
1586 2182 1728 2218 utrobique
1742 2191 1854 2218 magnos

1063 2222 1187 2248 inimicos
1198 2221 1340 2251 habebam,
1353 2229 1384 2247 ea
1393 2225 1479 2247 castra
1490 2220 1557 2256 fugi,
1571 2221 1598 2246 in
1609 2220 1710 2255 quibus
1721 2219 1799 2254 plane
1811 2225 1855 2246 tu-
1896 2227 1902 2254 j

1062 2263 1119 2285 tum
1140 2267 1183 2284 me
1202 2258 1236 2285 ab
1256 2258 1364 2284 insidiis
1384 2258 1488 2284 inimici
1508 2257 1627 2284 sciebam
1647 2265 1699 2284 non
1715 2256 1850 2289 suturum;
1891 2260 1896 2268 ⁸

1062 2295 1219 2330 compulsus
1234 2303 1278 2326 eo,
1295 2304 1349 2330 quo
1359 2296 1471 2321 minime
1482 2294 1618 2325 volebam,
1634 2302 1668 2320 ne
1683 2294 1711 2320 in
1725 2294 1854 2320 extremis

1061 2341 1159 2363 essem,
1172 2332 1251 2367 plane
1262 2332 1382 2368 pericula
1392 2341 1445 2358 non
1456 2332 1610 2358 dubitanter
1619 2331 1684 2357 adii.
1715 2333 1739 2358 3.
1756 2331 1854 2358 Caesa-

1061 2379 1118 2396 rem
1133 2378 1210 2401 vero,
1227 2369 1300 2405 quod
1315 2378 1358 2396 me
1373 2370 1401 2396 in
1417 2374 1487 2395 tanta
1503 2368 1607 2395 fortuna
1622 2368 1700 2395 modo
1713 2369 1853 2404 cognitum
1893 2374 1899 2382 ·

1061 2407 1306 2434 vetustissimorum
1318 2406 1492 2433 familiarium
1504 2405 1560 2432 loeo
1570 2405 1673 2436 habuit.
1681 2405 1766 2432 dilexi
1776 2413 1854 2432 sum·
1896 2399 1897 2402 ¹

1061 2453 1105 2471 ma
1120 2453 1182 2471 cum
1197 2445 1294 2479 pietate
1309 2449 1334 2470 et
1349 2444 1411 2470 fide.
1450 2443 1523 2475 Quae
1538 2451 1598 2469 mea
1613 2443 1744 2469 sententia
1759 2449 1853 2478 gerere

1062 2481 1130 2507 mihi
1141 2481 1229 2512 licuit,
1243 2482 1278 2508 ita
1289 2480 1354 2512 feci,
1367 2486 1397 2507 ut
1405 2481 1524 2515 optimus
1533 2481 1650 2514 quisque
1661 2480 1778 2506 maxime
1788 2487 1852 2514 pro-
1892 2501 1894 2505 .

1061 2518 1140 2545 barit.
1178 2518 1255 2550 Quod
1270 2519 1362 2545 iussus
1377 2526 1452 2549 sum,
1469 2525 1500 2543 eo
1514 2521 1632 2552 tempore
1647 2522 1727 2551 atque
1741 2517 1777 2543 ita
1787 2515 1849 2548 feci,

1061 2560 1090 2582 ut
1105 2560 1244 2590 appareret
1259 2556 1343 2582 invito
1357 2556 1517 2589 imperatum
1531 2562 1600 2580 esse.
1640 2554 1724 2581 Cuius
1735 2553 1797 2580 facti
1808 2554 1852 2580 in·-

1060 2593 1210 2619 iustissima
1225 2592 1328 2619 invidia
1343 2592 1448 2618 erudire
1463 2600 1505 2618 me
1519 2592 1617 2626 potuit.
1634 2599 1716 2626 quam
1731 2590 1850 2617 iucunda

1039 2649 1040 2652 ι
1061 2628 1184 2660 libertas,
1201 2634 1226 2656 et
1240 2638 1322 2664 quam
1336 2630 1434 2656 misera
1450 2629 1501 2655 sub
1512 2629 1692 2655 dominatione
1702 2629 1757 2655 vita
1768 2633 1848 2655 esset.
