1941 3052
400 133 448 160 IN
479 133 680 160 VERREM
713 133 811 160 ACT.
834 133 864 159 11.

52 205 125 244 quod
139 215 200 234 cum
215 206 328 242 imperio
341 205 426 232 fuisti.
448 206 569 232 Etiamne
578 204 717 241 privatus?
730 205 844 231 etiamne

54 244 134 272 reus?
147 245 261 270 etiamne
274 252 358 279 paene
372 243 514 270 damnatus
527 243 645 270 hostium
660 243 742 269 duces
756 242 846 277 priva-

53 287 78 309 ta
91 283 119 308 in
133 281 212 308 domo
221 280 373 307 retinuisti?
386 290 480 312 unum,
496 281 608 307 alterum
619 288 748 311 mensem,
764 287 845 314 prope

53 328 154 346 annum
171 318 287 354 denique
305 318 377 344 domi
396 323 457 344 tuae
475 319 587 353 piratae,
616 327 630 344 a
652 326 706 352 quo
728 321 846 352 tempore

53 357 123 392 capti
141 360 216 387 sunt,
237 355 325 390 quoad
343 364 390 390 per
408 364 450 381 me
465 355 567 382 licitum
582 359 635 386 est,
655 355 776 381 fuerunt:
797 354 847 380 hoc

53 398 106 425 est,
126 393 214 428 quoad
234 402 281 428 per
294 393 337 419 Μ’.
353 392 467 419 Acilium
483 393 654 419 Glabrionem
673 391 777 418 licitum
795 395 843 422 est,

53 432 101 466 qui
119 430 271 466 postulante
289 439 332 456 me
350 430 461 465 produci
480 435 559 465 atque
577 431 605 456 in
623 437 754 456 carcerem
768 428 846 455 condi

53 468 204 504 imperavit.
244 467 334 493 XXX.
358 467 435 499 Quod
453 472 493 493 est
510 467 622 493 huiusce
640 467 677 493 rei
691 465 754 492 ius?
778 474 847 501 quae

53 504 236 532 consuetudo?
249 505 321 540 quod
335 504 508 539 exemplum?
520 505 628 530 Hostem
639 504 798 530 acerrimum
808 507 848 528 at-

53 551 107 578 que
125 542 331 569 infestissimum
350 542 443 577 populi
456 542 580 572 Romani,
601 550 649 568 seu
667 541 756 576 potius
775 548 847 566 com-

53 589 164 607 munem
179 579 282 606 hostem
295 580 417 615 gentium
431 580 622 614 nationumque
636 578 757 605 omnium
771 577 848 612 quis—

53 626 136 653 quam
154 617 276 644 omnium
295 617 447 643 mortalium
465 617 585 651 privatus
600 616 667 642 intra
681 615 785 641 moenia
800 614 848 640 do-

54 656 91 681 mi
106 663 170 681 suae
184 655 296 681 retinere
309 653 423 689 poterit?
447 654 490 679 77.
509 653 593 686 Quid,
614 653 637 678 si
650 652 748 687 pridie,
765 660 846 686 quam

54 701 69 719 a
83 700 125 718 me
139 696 168 718 tu
182 696 287 718 coactus
301 700 329 718 es
347 691 478 722 confiteri,
497 690 604 717 civibus
617 690 743 716 Romanis
761 689 847 715 securi

54 730 199 765 percussis,
216 728 380 764 praedonum
394 728 491 754 ducem
504 728 604 758 vivere,
619 727 691 762 apud
706 731 730 754 te
745 726 848 752 habita-

54 775 96 794 re:
116 767 153 798 si,
173 767 298 801 inquam,
319 765 404 800 pridie
417 765 497 792 domo
510 769 554 791 tua
568 764 744 800 profugisset,
761 764 784 790 si
798 763 848 789 ali-

54 812 136 840 quam
154 812 264 830 manum
282 808 370 830 contra
389 803 519 837 populum
533 803 682 829 Romanum
701 801 787 828 facere
801 809 848 835 po-

54 842 162 872 tuisset,
188 840 254 876 quid
271 840 391 866 diceres‘?
416 840 496 875 Apud
513 848 556 866 me
574 840 717 866 habitavit:
742 847 847 865 mecum

54 878 119 905 fuit:
139 887 188 913 ego
201 877 279 904 illum
293 877 326 904 ad
339 877 470 904 iudicium
485 886 589 908 meum,
609 886 663 912 quo
678 876 783 903 facilius
797 876 849 902 cri-

54 924 116 942 men
130 916 299 942 inimicorum
313 915 416 941 diluere
429 923 550 950 possem,
575 915 668 941 vivum
683 919 762 949 atque
775 914 849 940 inco-

55 953 155 979 lumem
173 953 317 979 reservavi.
357 953 429 978 Itane
446 952 527 979 vero‘?
543 956 573 978 tu
586 957 631 978 tua
645 951 763 987 pericula
776 959 849 977 com-

53 991 130 1017 muni
144 990 262 1025 periculo
275 989 422 1016 defendes?
434 995 463 1016 tu
477 989 618 1025 supplicia,
635 998 703 1024 quae
717 989 848 1015 debentur

54 1027 178 1054 hostibus
192 1028 278 1058 victis,
294 1027 327 1054 ad
341 1032 426 1059 tuum,
443 1036 495 1054 non
509 1027 542 1054 ad
555 1026 648 1062 populi
660 1026 771 1053 Romani
781 1030 849 1052 tem-

53 1073 106 1100 pus
124 1064 262 1092 conferes‘.>
284 1065 378 1100 populi
391 1065 501 1091 Romani
521 1065 606 1091 hostis
619 1065 715 1099 privati
731 1063 848 1090 hominis

53 1102 183 1129 custodiis
197 1101 395 1129 asservabitur‘?
411 1103 444 1129 At
458 1103 537 1129 etiam
551 1103 598 1138 qui
613 1101 787 1137 triumphant,
804 1109 849 1127 eo-

53 1148 107 1175 que
124 1139 227 1166 diutius
248 1141 324 1166 vivos
343 1140 461 1167 hostium
480 1140 561 1166 duces
580 1144 728 1171 reservant,
754 1143 784 1165 ut
806 1138 848 1164 his

53 1185 101 1212 per
123 1177 291 1212 triumphum
313 1177 401 1204 ductis
427 1177 640 1213 pulcherrimum
666 1176 848 1212 spectaculum

53 1214 225 1250 fructumque
252 1215 375 1241 victoriae
405 1215 521 1250 populus
547 1215 683 1241 Romanus
713 1214 849 1249 percipere

54 1252 152 1287 possit,
180 1256 266 1278 tamen
285 1261 370 1287 quum
389 1252 422 1279 de
440 1252 496 1279 foro
513 1253 541 1278 in
560 1252 721 1287 Capitolium
739 1259 848 1278 currum

53 1288 157 1316 flectere
167 1289 307 1324 incipiunt,
320 1289 381 1316 illos
391 1290 454 1316 duci
464 1291 492 1316 in
502 1298 634 1316 carcerem
644 1290 751 1316 iubent:
764 1288 849 1315 idem-

54 1335 107 1361 que
124 1326 182 1353 dies
200 1331 226 1352 et
243 1327 389 1353 victoribus
408 1327 513 1362 imperii
532 1332 558 1353 et
575 1327 653 1353 victis
677 1327 746 1352 vitae
769 1326 848 1352 finem

54 1363 126 1390 facit.
152 1364 194 1390 78.
209 1364 242 1390 Et
256 1372 327 1390 nunc
340 1364 466 1399 cuiquam
478 1364 557 1390 credo
570 1373 629 1390 esse
643 1363 767 1394 dubium,
783 1364 849 1398 quin

54 1406 82 1428 tu
97 1401 124 1428 id
137 1401 332 1428 commissurus
347 1410 398 1428 non
413 1401 509 1433 fueris,
526 1402 682 1436 praesertim
696 1410 780 1436 quum
795 1406 850 1427 sta-

54 1439 168 1469 misses,
188 1443 219 1465 ut
231 1439 282 1470 ais,
303 1439 351 1465 tibi
366 1447 488 1465 caussam
506 1447 565 1465 esse
583 1438 737 1470 dicendam,
756 1443 786 1465 ut
804 1438 849 1464 ille

54 1476 212 1510 archipirata
227 1484 278 1502 non
293 1477 382 1511 potius
401 1477 488 1502 securi
506 1475 641 1507 feriretur,
662 1485 757 1511 quam,
777 1475 849 1511 quod

54 1517 109 1540 erat
125 1517 187 1539 ante
204 1513 295 1540 oculos
314 1514 444 1548 positum,
469 1518 515 1540 tuo
533 1513 651 1548 periculo
673 1513 792 1540 viveret‘?
821 1513 849 1539 Si

54 1551 126 1577 enim
140 1555 210 1577 esset
224 1555 359 1582 mortuus,
380 1555 421 1582 tu,
441 1551 488 1586 qui
503 1552 604 1577 crimen
618 1551 657 1577 ais
671 1556 695 1577 te
710 1551 847 1581 metuisse,

54 1596 166 1623 quaero,
182 1588 227 1614 cui
241 1587 384 1622 probares?
409 1597 493 1623 quum
508 1593 652 1619 constaret,
672 1589 754 1614 istum
770 1588 850 1623 Syra—

53 1625 128 1652 cusis
142 1625 175 1652 ab
190 1625 264 1652 nullo
277 1625 367 1652 visum
381 1634 440 1652 esse
454 1626 653 1660 archipiratam,
676 1626 708 1652 ab
722 1626 849 1652 omnibus

53 1662 247 1690 desideratum:
269 1671 354 1698 quum
368 1663 501 1690 dubitaret
515 1672 605 1694 nemo,
621 1663 688 1698 quin
703 1663 750 1689 abs
764 1667 789 1689 te
802 1671 850 1697 pe-

53 1700 133 1727 cunia
148 1699 275 1726 liberatus
289 1705 372 1733 esset,
397 1709 484 1736 quum
502 1700 583 1736 vulgo
599 1701 770 1736 loquerentur
783 1709 850 1735 sup-

54 1738 172 1773 positum
186 1738 213 1764 in
228 1738 286 1764 eius
301 1738 398 1769 locum,
413 1747 495 1773 quem
510 1747 557 1775 pro
571 1738 617 1764 illo
628 1738 738 1773 probare
750 1738 847 1764 velles:

54 1783 140 1810 quum
154 1779 183 1801 tu
197 1779 222 1801 te
237 1774 324 1802 fassus
339 1784 412 1802 esses
427 1775 453 1801 id
467 1776 568 1802 crimen
583 1780 654 1802 tanto
668 1780 727 1802 ante
737 1776 849 1802 metuis-

54 1820 98 1839 se:
126 1812 150 1838 si
167 1821 229 1838 eum
247 1813 349 1839 diceres
367 1821 426 1839 esse
444 1817 594 1844 mortuum,
613 1813 676 1848 quis
691 1817 715 1839 te
729 1812 850 1839 audiret‘?

55 1857 136 1880 nunc,
151 1857 236 1885 quum
251 1851 345 1877 vivum
359 1851 442 1876 istum
457 1850 546 1876 nescio
559 1859 640 1885 quem
655 1850 794 1885 producis,
811 1855 850 1877 ta—

55 1895 151 1913 menne
165 1886 193 1913 id
206 1887 278 1914 credi
296 1887 388 1914 voles‘?
425 1888 468 1913 7⁹.
489 1887 578 1920 Quid‘?
600 1888 623 1914 si
641 1887 805 1923 aufugisset,
826 1888 849 1914 si

54 1923 144 1951 vincla
161 1925 279 1959 rupisset
296 1925 344 1956 ita,
369 1929 399 1951 ut
415 1925 481 1951 Nico
498 1925 544 1951 ille
562 1925 748 1951 nobilissimus
767 1926 850 1960 pirata

55 1961 125 1993 fecit,
141 1970 223 1996 quem
233 1962 262 1988 P.
275 1961 415 1994 Servilius,
431 1970 484 1997 qua
496 1961 620 1989 felicitate
629 1967 741 1997 ceperat,
758 1963 849 1989 eadem

55 1999 236 2034 recuperavit:
260 1999 327 2034 quid
345 1998 466 2026 diceres?
490 1999 589 2026 Verum
608 1999 658 2026 hoc
675 2004 743 2026 erat:
768 2000 791 2026 si
805 2000 850 2026 ille

55 2035 138 2062 semel
150 2044 229 2062 verus
243 2036 400 2071 archipirata
416 2037 502 2063 securi
516 2045 662 2071 percussus
672 2041 752 2068 esset,
769 2045 851 2072 pecu-

56 2074 128 2100 niam
142 2072 216 2099 illam
231 2081 282 2100 non
297 2073 422 2107 haberes3
449 2074 473 2099 si
487 2073 531 2100 hic
545 2073 629 2100 falsus
643 2078 714 2100 esset
728 2079 850 2101 mortuus

55 2115 102 2137 aut
115 2109 290 2146 profugisset,
306 2119 358 2137 non
372 2115 442 2137 esset
455 2110 564 2137 difficile
578 2110 661 2137 alium
674 2111 701 2137 in
716 2112 849 2146 suppositi

56 2147 145 2175 locum
159 2156 321 2182 supponere.
360 2147 440 2174 Plura
457 2148 528 2179 dixi,
548 2157 628 2183 quam
644 2147 731 2179 volui,
753 2148 786 2174 de
804 2148 850 2175 illo

55 2185 228 2220 archipirata:
253 2189 278 2211 et
291 2189 378 2211 tamen
392 2193 431 2216 ea,
447 2193 515 2220 quae
528 2186 676 2212 certissima
690 2190 754 2212 sunt
768 2185 850 2212 huius

55 2222 178 2249 criminis
196 2227 364 2258 argumenta,
389 2223 564 2257 praetermisi.
605 2222 670 2249 Volo
691 2223 763 2249 enim
782 2223 849 2250 mihi

56 2263 140 2287 totum
159 2268 218 2286 esse
236 2260 336 2286 crimen
356 2259 404 2286 hoc
418 2260 561 2295 integrum.
601 2260 649 2286 Est
662 2265 750 2287 certus
765 2259 847 2292 locus,

55 2301 126 2324 certa
140 2296 191 2328 lex,
207 2301 310 2323 certum
325 2296 450 2328 tribunal,
466 2305 521 2331 quo
534 2296 583 2323 hoc
597 2302 755 2324 reservetur.

111 2334 212 2361 XXXI.
235 2336 277 2361 80.
299 2335 351 2361 Hac
370 2338 439 2360 tanta
460 2334 556 2368 praeda
570 2339 676 2365 auctus,
697 2335 848 2370 mancipiis,

55 2376 172 2408 argento.
188 2376 262 2398 veste
273 2371 458 2406 locupletatus,
475 2371 559 2397 nihilo
569 2371 615 2398 dili
637 2372 721 2399 entior
734 2372 766 2398 ad
781 2372 851 2399 clas-

55 2417 113 2435 sem
131 2409 290 2441 ornandam,
311 2409 411 2436 milites
430 2408 592 2435 revocandos
610 2417 624 2435 a
637 2409 774 2444 endosque
791 2418 850 2436 osse

55 2446 155 2481 coepit,
182 2455 268 2481 quum
287 2455 316 2473 ea
335 2455 377 2473 res
399 2455 450 2473 non
473 2445 561 2472 solum
585 2447 736 2480 provinciae
758 2446 848 2477 saluti,

55 2491 150 2510 verum
164 2484 242 2510 etiam
257 2485 311 2519 ipsi
325 2484 436 2519 praedae
455 2492 514 2510 esse
532 2488 631 2518 posset.
672 2483 738 2510 Nam
752 2488 851 2510 aestate

56 2528 176 2552 summa,
196 2529 251 2556 quo
269 2526 386 2556 tempore
404 2521 483 2548 ceteri
502 2525 635 2556 praetores
654 2520 728 2547 obire
742 2521 851 2555 provin-

55 2558 124 2584 ciam
137 2562 164 2584 et
176 2567 333 2586 concursare
346 2562 556 2589 consueverunt,
577 2562 622 2584 aut
640 2558 719 2584 etiam
738 2559 765 2584 in
779 2563 851 2584 tanto

56 2594 221 2630 praedonum
235 2600 307 2622 metu
322 2601 347 2622 et
360 2595 479 2631 periculo
497 2595 549 2630 ipsi
568 2595 706 2621 navinare:
735 2603 766 2622 eo
784 2599 851 2621 tem-

92 2640 120 2658 re
137 2632 170 2659 ad
189 2631 323 2660 luxuriam
344 2633 523 2668 libidinesque
541 2641 604 2659 suas
641 2641 701 2659 omo
715 2641 763 2658 sua
779 2633 849 2668 regia

57 2639 137 2706 &uae
154 2669 225 2706 regis
238 2670 359 2698 Hieronis
379 2670 441 2703 fuit,
462 2679 514 2706 qua
533 2674 666 2705 praetores
684 2671 722 2697 uti
741 2668 848 2706 solent.]

900 132 984 159 LIB.
1005 133 1032 159 V.
1067 132 1164 160 CAP.
1198 134 1231 160 27
1250 148 1287 152 —
1307 134 1348 159 32.
1639 131 1687 158 337

895 209 1035 231 contentus
1062 213 1114 231 non
1141 203 1200 230 fuit.
1241 202 1433 234 Tabernaeula,
1461 202 1688 237 quemadmodum

896 246 1069 268 consueverat
1083 241 1248 276 temporibus
1263 242 1385 272 aestivis,
1401 240 1473 275 quod
1487 245 1561 266 antea
1576 241 1628 266 iam
1643 240 1690 266 de-

897 280 1055 310 monstravi,
1071 279 1204 305 carbaseis
1218 279 1317 305 intenta
1331 278 1412 308 velis,
1433 277 1554 304 collocari
1568 278 1648 303 iussit
1662 278 1689 303 in

897 316 996 343 littore:
1024 316 1096 351 quod
1110 321 1150 343 est
1164 316 1239 342 littus
1253 317 1281 342 in
1294 315 1383 342 Insula
1398 315 1538 351 Syracusis
1553 319 1612 349 post
1625 315 1692 340 Are-

898 354 992 380 thusae
1007 353 1105 380 fontem
1120 357 1227 388 propter
1240 354 1331 388 ipsum
1346 353 1482 379 introitum
1497 356 1576 386 atque
1590 352 1690 378 ostium

898 396 989 425 portus
1007 400 1117 417 amoeno
1133 399 1197 417 sane
1215 395 1240 417 et
1257 391 1290 417 ab
1308 391 1415 417 arbitris
1429 394 1527 416 remoto
1542 389 1607 415 loco.
1647 390 1690 415 8⁴.

898 429 945 454 Hic
963 429 1020 454 dies
1039 429 1154 455 aestivos
1172 429 1311 463 sexaginta
1332 432 1435 462 praetor
1457 426 1549 461 populi
1567 426 1688 456 Romani,

898 470 987 492 custos
1001 465 1178 500 defensorque
1193 465 1353 500 provinciae,
1369 465 1407 491 sic
1418 465 1493 494 vixit,
1510 468 1539 490 ut
1550 463 1691 489 muliebria

898 503 1017 538 quotidie
1031 503 1153 529 convivia
1167 507 1268 533 essent,
1289 503 1330 529 vir
1343 502 1511 528 accumberet
1524 509 1601 527 nemo
1615 509 1692 535 prae-

898 545 937 566 ter
950 541 1040 575 ipsum
1054 545 1079 566 et
1093 544 1286 575 praetextatum
1301 539 1401 565 filium:
1425 539 1528 565 tametsi
1547 542 1614 564 recte
1633 539 1692 564 sine

898 579 1052 612 exceptione
1066 577 1199 608 dixeram,
1216 578 1317 608 virum,
1334 586 1419 611 quum
1434 577 1478 602 isti
1493 580 1588 606 essent,
1606 576 1692 601 nemi-

898 624 959 641 nem
974 615 1067 641 fuisse.
1107 615 1315 649 Nonnumquam
1329 614 1407 640 etiam
1423 613 1533 640 libertus
1544 612 1693 639 Timarchi—

898 652 945 678 des
968 652 1157 678 adhibebatur:
1195 651 1322 677 mulieres
1347 655 1436 677 autem
1463 655 1561 684 nuptae
1587 649 1692 676 nobiles

898 694 1001 724 praeter
1014 698 1095 715 unam
1110 689 1186 715 mimi
1200 688 1293 714 Isidori
1309 688 1404 719 filiam,
1427 696 1507 722 quam
1522 688 1572 713 iste
1586 692 1692 722 propter

899 735 1014 753 amorem
1033 727 1065 752 ab
1079 726 1182 752 Rhodio
1200 726 1310 752 tibicine
1327 725 1486 755 abduxerat,
1510 725 1591 759 Pippa
1610 733 1694 759 quae-

899 764 974 795 dam,
994 772 1062 790 uxor
1074 763 1244 790 Aeschrionis
1259 763 1432 798 Syracusani:
1458 762 1490 788 de
1509 770 1560 796 qua
1581 761 1693 788 muliere

899 801 1009 836 plurimi
1028 809 1137 832 versus,
1157 802 1204 835 qui
1222 801 1249 826 in
1264 801 1342 826 istius
1356 799 1529 834 cupiditatem
1544 798 1605 824 facti
1619 803 1691 829 sunt,

900 844 951 865 tota
971 838 1062 865 Sicilia
1080 838 1311 873 percelebrantur:
1352 839 1394 863 82.
1416 842 1471 863 erat
1489 841 1514 862 et
1528 836 1605 866 Nice,
1626 835 1693 862 facie

899 877 1010 906 eximia,
1032 880 1061 902 ut
1074 875 1253 911 praedicatur,
1277 883 1343 901 uxor
1357 874 1506 901 Cleomenis
1521 873 1692 909 Syracusani.

899 914 971 940 Hanc
981 913 1136 940 Cleomenes
1150 913 1191 939 vir
1205 912 1322 939 amabat:
1339 916 1523 938 verumtamen
1538 911 1620 937 huius
1633 910 1695 936 libi-

899 951 956 977 dini
971 951 1106 977 adversari
1121 959 1168 976 nec
1182 955 1296 985 poterat,
1313 958 1361 976 nec
1375 949 1501 976 audebat:
1527 953 1551 974 et
1565 947 1647 974 simul
1661 947 1694 974 ab

876 997 878 1005 ¹
899 989 950 1015 isto
964 988 1041 1015 donis
1056 988 1248 1023 beneficiisque
1262 987 1388 1022 plurimis
1402 986 1612 1012 devinciebatur.
1646 984 1695 1011 Illo

899 1030 987 1052 autem
1003 1031 1120 1061 tempore
1132 1026 1192 1056 iste,
1209 1025 1312 1051 tametsi
1327 1033 1356 1051 ea
1370 1029 1410 1050 est
1425 1024 1541 1050 hominis
1552 1022 1695 1057 impuden-

877 1065 878 1068 ’
900 1064 949 1095 tia,
969 1072 1050 1099 quam
1065 1063 1162 1094 nostis,
1181 1063 1240 1097 ipse
1255 1067 1355 1093 tamen,
1376 1070 1460 1096 quum
1476 1061 1517 1087 vir
1530 1065 1600 1086 esset
1614 1060 1695 1095 Syra-

899 1101 987 1132 cusis,
1013 1109 1123 1127 uxorem
1142 1101 1200 1126 eius
1220 1108 1314 1134 parum
1334 1103 1434 1134 poterat
1452 1099 1541 1124 animo
1559 1097 1646 1124 soluto
1665 1106 1696 1124 ac

901 1139 984 1165 libero
997 1143 1034 1165 tot
1048 1139 1075 1164 in
1089 1143 1144 1164 acta
1159 1137 1216 1164 dies
1230 1146 1322 1163 secum
1337 1137 1444 1163 habere.
1484 1137 1574 1170 ltaque
1588 1136 1697 1170 excogi-

900 1181 936 1203 tat
950 1185 1004 1203 rem
1020 1176 1194 1212 singularem.
1229 1176 1324 1205 Naves,
1341 1174 1441 1209 quibus
1457 1173 1558 1209 legatus
1574 1172 1697 1207 praefue-

900 1219 951 1245 rat,
972 1213 1108 1240 Cleomeni
1126 1213 1219 1239 tradit:
1241 1212 1320 1238 classi
1340 1211 1433 1246 populi
1447 1211 1558 1237 Romani
1576 1210 1697 1237 Cleome-

900 1260 962 1278 nem
984 1251 1184 1287 Syracusanum
1207 1258 1330 1285 praeesse
1353 1250 1428 1275 iubet
1449 1253 1529 1283 atque
1554 1249 1694 1282 imperare.

900 1290 954 1316 Hoc
967 1297 997 1316 eo
1013 1289 1086 1320 facit,
1107 1293 1137 1315 ut
1155 1288 1200 1314 ille
1219 1296 1271 1314 non
1285 1286 1372 1313 solum
1388 1287 1492 1312 abesset
1507 1294 1519 1312 a
1535 1285 1613 1311 domo
1628 1290 1693 1315 tum,

900 1335 985 1362 quum
1001 1327 1151 1361 navigaret,
1180 1325 1227 1352 sed
1241 1325 1320 1351 etiam
1336 1324 1449 1350 libenter
1462 1332 1523 1350 cum
1539 1331 1635 1358 magno
1649 1322 1697 1348 ho-

901 1373 963 1391 nore
977 1363 1159 1398 beneficioque
1173 1363 1290 1389 abesset:
1318 1363 1376 1397 ipse
1390 1366 1488 1391 autem,
1505 1365 1603 1386 remoto
1618 1364 1696 1394 atque

901 1401 1022 1437 ablegato
1038 1402 1109 1432 viro,
1130 1409 1182 1427 non
1202 1400 1325 1430 liberius,
1346 1408 1427 1434 quam
1446 1403 1518 1428 ante.
1538 1398 1610 1432 (quis
1625 1397 1696 1422 enim

901 1448 1030 1474 umquam
1045 1439 1124 1464 istius
1139 1438 1245 1464 libidini
1258 1436 1387 1471 obstitim)
1405 1436 1452 1462 sed
1467 1434 1556 1470 paullo
1570 1434 1697 1460 solutiore

901 1481 989 1503 tamen
1007 1477 1096 1502 animo
1113 1484 1205 1501 secum
1225 1474 1299 1500 illam
1314 1474 1434 1504 liaberet,
1455 1474 1478 1499 si
1494 1482 1545 1498 non
1561 1477 1695 1506 tamquam

901 1515 1002 1545 virum,
1028 1518 1054 1539 at
1077 1518 1212 1548 tamquam
1231 1511 1366 1538 aemulum
1387 1511 1553 1537 removisset.
1594 1509 1698 1543 Accipit

901 1560 997 1578 navem
1011 1551 1144 1578 sociorum
1159 1555 1238 1585 atque
1252 1550 1397 1575 amicorum
1413 1548 1567 1575 Cleomenes
1582 1546 1697 1582 Syracu-

901 1598 994 1615 sanus.
1034 1588 1148 1614 XXXll.
1171 1589 1211 1613 83.
1234 1586 1303 1619 Quid
1319 1587 1435 1621 primum
1450 1589 1495 1611 aut
1509 1593 1631 1610 accusem
1652 1588 1698 1609 aut

900 1635 1009 1661 querar,
1026 1624 1147 1652 iudices?
1172 1624 1296 1651 Siculone
1312 1624 1413 1650 homiui
1428 1623 1520 1658 legati.
1536 1622 1695 1657 quaestoris,

901 1664 1029 1699 praetoris
1043 1663 1159 1697 denique
1174 1666 1343 1697 potestatem,
1361 1661 1499 1690 honorem,
1516 1659 1696 1685 auctoritatem

900 1700 975 1727 dari‘?
989 1700 1017 1727 Si
1032 1705 1056 1727 te
1070 1699 1232 1735 impediebat
1243 1700 1292 1725 ista
1302 1698 1486 1725 conviviorum
1498 1697 1696 1730 mulierumque

901 1739 1051 1773 occupatio:
1069 1738 1114 1764 ubi
1129 1735 1303 1772 quaestores?
1321 1736 1366 1762 ubi
1383 1734 1479 1770 legati?
1495 1734 1539 1760 ubi
1555 1734 1636 1760 ternis
1651 1733 1698 1759 de-

901 1777 983 1803 nariis
997 1776 1166 1802 aestimatum
1182 1772 1365 1800 frumentum?
1382 1773 1428 1799 ubi
1443 1770 1528 1798 muli‘?
1550 1771 1595 1797 ubi
1611 1771 1698 1796 taber-

902 1813 1014 1840 nacula?
1040 1813 1086 1839 ubi
1102 1817 1138 1839 tot
1152 1817 1277 1846 tantaque
1291 1815 1443 1837 ornamenta
1458 1808 1658 1844 magistratibus
1673 1812 1698 1834 et

902 1851 996 1887 legatis
1010 1860 1023 1877 a
1038 1854 1131 1877 senatu
1147 1848 1300 1884 populoque
1314 1848 1432 1874 Romano
1446 1847 1574 1881 permissa
1586 1850 1611 1871 et
1621 1844 1698 1871 data‘?

902 1888 1018 1923 denique
1033 1888 1079 1914 ubi
1094 1887 1233 1922 praefecti,
1255 1885 1300 1911 ubi
1320 1884 1420 1911 tribuni
1439 1883 1496 1910 tui‘?
1522 1883 1550 1909 Si
1564 1883 1632 1909 civis
1646 1883 1697 1909 Ro-

903 1935 998 1952 manus
1012 1925 1111 1961 dignus
1126 1925 1176 1951 isto
1191 1923 1295 1958 negotio
1309 1930 1386 1949 nenio
1400 1921 1463 1953 fuit,
1484 1920 1550 1956 quid
1564 1921 1695 1950 civitates,

901 1971 970 1999 quae
995 1963 1023 1989 iu
1049 1962 1165 1988 amicitia
1192 1960 1297 1995 fideque
1321 1959 1413 1995 populi
1437 1959 1546 1985 Romani
1570 1962 1698 1993 perpetuo

902 1999 1071 2027 manserant‘.>
1094 1999 1143 2026 Ubi
1159 1996 1320 2034 Segestana?
1338 1997 1384 2023 ubi
1399 1996 1571 2030 Centuripina
1586 1994 1699 2021 civitas?

902 2046 970 2072 quae
984 2046 1069 2072 quum
1084 2036 1188 2066 officiis.
1206 2035 1265 2066 fide,
1283 2039 1421 2064 vetustate,
1438 2039 1493 2059 tum
1507 2034 1585 2059 etiam
1600 2041 1698 2068 cogua-

903 2075 972 2101 tione
996 2073 1087 2109 populi
1111 2073 1221 2100 Romani
1247 2081 1342 2099 nomen
1370 2071 1513 2107 attingunt.
1554 2071 1594 2096 84.
1616 2070 1637 2096 Ο
1659 2069 1696 2095 dii

902 2112 1079 2139 immortales!
1099 2110 1189 2143 Quid?
1211 2110 1233 2136 si
1250 2110 1343 2136 harum
1359 2109 1477 2144 ipsarum
1492 2108 1631 2134 civitatum
1647 2107 1698 2133 mi-

903 2149 1009 2180 litibus,
1031 2148 1159 2179 navibus,
1180 2147 1320 2174 navarchis
1338 2146 1523 2181 Syracusanus
1543 2144 1697 2171 Cleomenes

901 2186 993 2213 iussus
1007 2191 1047 2213 est
1060 2184 1208 2220 imperare?
1234 2194 1285 2211 non
1299 2185 1386 2211 omnis
1401 2183 1483 2209 honos
1498 2183 1530 2208 ab
1545 2183 1595 2208 isto
1608 2181 1698 2215 ‹ligni-

902 2224 975 2255 tatis,
1004 2224 1145 2258 aequitatis
1162 2222 1299 2257 officiique
1317 2221 1441 2247 sublatus
1459 2219 1516 2246 cst‘?
1542 2218 1651 2254 Ecquod
1670 2219 1696 2244 in

902 2261 992 2287 Sicilia
1015 2260 1116 2287 bellum
1138 2260 1288 2295 gessimus.
1311 2259 1378 2293 quin
1401 2258 1582 2292 Centuripinis
1606 2256 1695 2283 sociis.

901 2298 1076 2334 Syracusanis
1096 2297 1220 2324 hostibus
1239 2294 1392 2323 uteremur?
1411 2295 1498 2329 Atque
1518 2295 1580 2320 haec
1597 2302 1647 2327 ego
1664 2292 1697 2318 ad

901 2335 1057 2362 memoriam
1077 2334 1229 2363 vetustatis.
1254 2342 1305 2360 non
1324 2333 1356 2359 ad
1375 2331 1562 2358 contumelium
1580 2330 1696 2356 civitatis

902 2372 990 2399 referri
1007 2372 1075 2398 volo.
1116 2373 1206 2406 ltaque
1221 2371 1266 2397 illc
1280 2371 1321 2396 vir
1333 2369 1500 2396 clarissimus
1517 2375 1696 2402 summusque

902 2410 1044 2444 imperator
1058 2409 1090 2434 M.
1106 2407 1260 2438 Marcellus,
1281 2408 1359 2433 cuius
1375 2407 1470 2432 virtute
1489 2410 1592 2439 captae,
1616 2405 1697 2431 mise-

903 2446 1013 2473 ricordia
1031 2450 1202 2473 conservatae
1221 2449 1284 2471 sunt
1301 2444 1460 2480 Syracusae.
1486 2443 1603 2468 habitare
1622 2442 1648 2468 in
1667 2450 1696 2468 ea

903 2488 975 2519 parte
993 2483 1080 2513 urbis,
1099 2491 1168 2518 quae
1186 2481 1274 2509 insula
1292 2486 1345 2511 est,
1366 2481 1592 2516 Syracusanorum
1612 2480 1697 2506 nemi-

902 2530 962 2548 nem
978 2521 1070 2547 voluit.
1093 2520 1184 2551 llodie,
1202 2520 1322 2554 inquam.
1335 2518 1533 2554 Syracusanum
1546 2517 1571 2543 in
1582 2526 1611 2543 ea
1624 2521 1696 2551 parte

902 2558 1020 2584 habitare
1034 2567 1085 2584 non
1101 2557 1170 2584 licet.
1211 2557 1258 2583 Est
1271 2557 1342 2582 enim
1359 2555 1445 2585 loeus,
1465 2564 1546 2590 quem
1562 2554 1602 2580 vel
1619 2555 1694 2589 pauci

902 2596 1005 2630 possint
1018 2594 1170 2621 defendere.
1211 2593 1381 2621 Committere
1396 2593 1477 2628 igitur
1491 2601 1552 2619 eum
1568 2601 1619 2618 non
1631 2591 1696 2617 tide-

903 2633 1014 2659 lissimis
1029 2632 1184 2659 hominibus
1199 2631 1296 2658 noluit:
1325 2630 1405 2657 simul
1424 2629 1496 2665 quod
1517 2629 1549 2655 nli
1565 2629 1609 2655 illa
1624 2634 1696 2663 parte

901 2670 976 2697 urbis
1000 2669 1114 2697 navibus
1137 2669 1224 2696 aditus
1243 2677 1276 2696 ex
1293 2667 1346 2695 alto
1363 2673 1412 2695 est.
1452 2667 1629 2700 Quamobrem
1648 2666 1694 2701 qui

1457 2716 1487 2741 ⁶3
