1941 3052
257 204 287 228 36
509 205 531 230 ,6.
556 204 712 230 thll'Ill'l'l
736 205 932 231 ,ttttl'ruttls
966 206 1014 232 Au
1034 206 1080 231 ΙΙΙ-Ι
1091 206 1203 232 RENN'.
1228 206 1297 232 ΙΙΒ
1321 206 1361 232 tv.
1385 206 1625 232 CA11.‘·›--50.

1911 261 1924 282 ,t

255 272 371 307 aliquam
391 282 454 302 rem,
473 273 606 304 dit-untur,
628 284 660 301 ex
678 276 778 309 quibus
794 281 843 300 tnta
859 285 899 301 res
914 275 1043 310 relinqui·
1094 285 1222 311 spumans
1245 286 1277 302 ex
1295 286 1338 302 ore
1357 276 1452 305 scelus.
1477 276 1604 302 anhelans
1622 285 1654 303 ex
1673 276 1766 303 intimo
1780 282 1882 312 pecwre
1912 279 1925 304 t?

255 314 298 336 tur
320 311 345 336 in
369 311 534 345 suspicione
564 317 591 337 ut
615 313 636 337 si
660 312 850 338 mulsi-munumina
875 313 929 338 lilio
954 313 1040 338 ‹lit-:as

254 347 366 378 Quusce
385 352 421 376 tu,
442 349 520 374 vuius
539 354 611 383 pittr
628 350 718 375 ‹ubito
732 360 759 374 sn
774 358 862 374 ··iuun·
857 358 917 381 (υτ-ι
932 349 1042 375 solv.l›at

256 384 303 410 l’er
317 385 478 411 abscissione
474 395 515 413 ·.m
530 387 561 416 si
569 395 653 420 quum
670 387 711 412 im
715 388 814 420 ipimus·
829 386 930 420 aliquid
945 387 1002 412 dicu
997 396 1040 417 re

255 422 442 456 praiwidimus,
467 427 490 448 «t
509 432 540 448 ex
556 433 594 453 ‹·,o
619 423 710 465 quod
706 433 756 448 mm
771 424 899 453 diximus
924 425 988 449 satis
1003 433 1043 450 re-

255 458 385 493 linquitur
407 460 576 494 suspicionis,
605 461 656 486 sie:
685 461 734 491 Qui
755 461 802 486 ista
823 460 903 486 forma
923 466 948 486 et
961 466 1043 487 aetate

255 505 339 530 nuper
352 496 452 522 alit-nm·
466 497 556 522 ‹lonmi
579 512 614 516 —
629 497 688 523 nolo
703 497 778 532 plura
792 498 888 523 ‹lim-re.
907 498 954 524 l'er
967 499 1043 524 simi-

255 532 404 563 tumtunm
412 542 506 568 quum,
523 534 610 568 aliqua
626 543 652 559 re
667 534 748 560 simili
763 534 849 564 allata
867 535 932 561 niliil
947 535 1043 570 ampli-

254 578 286 595 us
300 570 350 595 dic·
346 579 424 598 uuus
445 570 490 596 sed
505 580 538 596 ex
552 580 565 595 (·
567 580 580 596 ἰ
595 572 787 604 significamus,
803 572 869 606 quid
884 573 1040 602 sentiamus,

254 606 303 632 lim
318 607 407 632 nunln:
430 607 496 637 Noli
514 599 664 639 Sum-nine,
682 610 795 635 nimium
811 609 902 644 populi
919 609 1043 644 frequen-

255 644 287 670 tia
304 644 386 669 tritus
400 652 467 670 esse.
491 645 568 671 lnulli
585 646 668 672 ias-ont
683 647 805 672 Gracchi
828 647 895 672 llaec
909 648 1044 673 exorunio

254 681 399 715 plurimum
425 681 574 708 festivitatis
598 684 676 709 habet
698 683 831 710 interdum
851 684 1041 719 &dignitatis

253 719 316 744 sinit
330 719 400 744 enim
415 719 553 754 quiddam,
570 721 648 747 tacito
661 726 769 752 oratore,
791 721 880 756 ipsum
895 721 1042 747 auditorem
1064 717 1065 727 ¹

252 764 392 790 suspicari.

309 794 349 818 68.
366 793 482 819 Brevitas
500 799 539 820 est
557 803 598 820 res
617 795 683 829 ipsis
698 795 880 822 tantummodo
895 795 982 821 verbis
997 805 1043 822 ne-

252 830 374 856 cessariis
398 831 529 865 expedita,
554 832 602 858 hoc
621 833 712 858 modo:
737 833 867 859 Lemnum
883 834 1042 867 praeteris-ns

253 868 336 902 ccpit3
353 867 414 894 inde
428 868 507 894 Thasi
523 869 684 903 praesidium
701 870 821 905 reliquit;
838 874 896 904 post
911 870 1004 896 urbem
1016 871 1042 896 in

252 905 374 940 Bithynia
397 905 519 938 sustuna
546 906 606 932 inde
621 906 752 941 appulsus
764 908 773 919 '
789 908 815 933 in
830 907 1040 941 llellespontum,

251 942 340 967 statim
355 943 454 976 potitur
467 943 570 978 Abydo.
605 945 683 970 Item:
700 944 777 970 Modo
790 944 893 974 consul,
906 944 1041 979 quondam

252 979 384 1010 tribunus,
400 979 495 1006 deinde
510 981 614 1015 primus
627 986 681 1007 erat
695 982 819 1008 civitatis.
854 982 936 1008 Tum:
961 982 1043 1008 Proli-

251 1016 360 1042 ciscitur
382 1017 408 1043 in
427 1018 525 1048 Asiam,
547 1018 643 1044 deinde
661 1018 737 1044 exsul
753 1024 777 1045 et
791 1019 876 1045 hostis
889 1023 930 1044 est
943 1018 1040 1050 dictus,

251 1058 311 1088 post
332 1054 481 1088 imperator,
507 1060 640 1089 postremo
660 1056 745 1082 factus
765 1061 804 1082 est
821 1055 925 1083 consul.
960 1056 1043 1082 Habet

250 1091 343 1125 paucis
361 1092 550 1126 comprehensa
569 1093 684 1119 brevitas
699 1093 844 1120 multarum
859 1102 947 1120 rerum
961 1102 1043 1128 expe-

250 1128 388 1154 ditionem.
421 1128 507 1161 Quare
521 1130 671 1157 adhibenda
686 1139 764 1165 saepe
778 1135 826 1161 est,
842 1139 928 1166 quum
942 1135 987 1157 aut
1001 1139 1042 1157 res

251 1174 302 1191 non
317 1171 395 1201 egent
408 1166 500 1202 longae
514 1168 648 1199 orationis,
669 1172 715 1194 aut
728 1172 834 1203 tempus
848 1177 901 1195 non
914 1168 979 1194 sinit
991 1169 1044 1194 im-

250 1212 355 1230 morari.

305 1241 358 1268 LV.
372 1242 565 1268 Demonstratio
579 1246 626 1273 est,
643 1251 727 1277 quum
743 1243 778 1269 ita
793 1243 882 1269 verbis
896 1251 938 1269 res
952 1243 1043 1277 expri—

251 1278 340 1310 mitur,
356 1283 386 1305 ut
398 1279 453 1314 geri
469 1280 604 1315 negotium
618 1284 644 1306 et
658 1288 699 1306 res
717 1285 776 1306 ante
789 1280 880 1307 oculos
895 1288 952 1306 esse
967 1280 1043 1306 vide-

250 1321 318 1342 atur.
353 1316 382 1343 Id
396 1315 451 1342 lieri
466 1317 568 1351 poterit,
589 1317 620 1348 si,
637 1326 706 1352 quae
720 1322 779 1344 ante
793 1322 819 1343 et
832 1322 891 1352 post
904 1322 929 1343 et
943 1317 969 1343 in
983 1318 1041 1352 ipsa

250 1362 277 1380 re
296 1353 362 1380 sacta
380 1358 466 1385 erunt,
481 1354 748 1388 comprehendemus,
765 1359 811 1381 aut
827 1364 840 1381 a
855 1355 935 1381 rebus
949 1363 1042 1381 conse-

249 1391 395 1426 quentibus
409 1395 454 1417 aut
467 1400 480 1417 a
494 1391 730 1418 circumstantibus
744 1401 796 1418 non
811 1392 973 1422 recedemus,
992 1392 1041 1418 hoc

249 1428 340 1455 modo:
356 1427 433 1461 Quod
446 1428 528 1454 simul
543 1433 622 1463 atque
636 1429 772 1455 Gracchus
787 1429 932 1464 prospexit,
945 1429 1041 1455 fluctu-

249 1474 292 1492 are
314 1465 454 1500 populum,
478 1471 622 1497 verentem,
644 1475 676 1492 ne
694 1467 751 1501 ipse
765 1467 918 1493 auctoritate
932 1471 1040 1493 senatus

249 1507 397 1529 commotus
411 1511 424 1528 a
443 1503 573 1529 sententia
587 1503 733 1535 desisteret,
754 1504 828 1530 iubet
841 1504 963 1530 advocari
977 1512 1041 1530 con-

249 1541 361 1566 cionem.
395 1541 446 1566 Iste
464 1540 571 1571 interea,
592 1540 691 1567 scelere
704 1545 730 1567 et
743 1541 820 1567 malis
834 1541 1040 1576 cogitationibus

249 1577 410 1608 redundans,
430 1577 517 1604 evolat
533 1586 567 1604 ex
581 1577 680 1612 templo
693 1579 771 1610 lovis,
790 1583 816 1605 et
829 1578 938 1609 sudans,
955 1578 1040 1605 oculis

249 1614 412 1645 ardentibus,
433 1619 518 1641 erecto
535 1614 640 1650 capillo,
663 1620 779 1642 contorta
795 1620 862 1651 toga,
878 1624 940 1642 cum
954 1615 1040 1650 pluri-

248 1651 299 1678 bus
314 1652 373 1678 aliis
387 1652 425 1678 ire
438 1651 551 1678 celerius
565 1652 660 1687 coepit.
694 1653 735 1679 llli
755 1661 848 1687 praeco
866 1652 979 1679 faciebat
992 1661 1041 1678 au—

249 1689 390 1721 dientian1;
418 1689 469 1720 hic,
491 1689 652 1715 subsellium
667 1689 802 1724 quoddam
820 1689 891 1716 calce
904 1698 1037 1724 premens,

248 1726 339 1752 dextra
354 1725 448 1760 pedem
464 1726 598 1762 defringit,
615 1731 640 1753 et
654 1726 719 1753 alios
733 1727 783 1753 hoc
797 1726 867 1753 idem
883 1727 956 1753 iubet
970 1726 1041 1753 face-

249 1772 284 1789 re.
317 1762 407 1795 Quum
425 1764 562 1790 Gracchus
580 1763 644 1790 deos
661 1765 790 1799 inciperet
808 1765 918 1799 precari,
939 1764 1039 1790 cursim

249 1801 293 1826 isti
306 1801 437 1835 impetum
452 1800 564 1827 faciunt:
589 1806 614 1827 et
628 1809 661 1827 ex
674 1801 734 1828 aliis
748 1801 792 1828 alii
807 1801 928 1836 partibus
943 1810 1041 1828 convo-

250 1837 312 1868 lant,
331 1858 337 1863 .
355 1858 360 1864 .
377 1858 382 1863 .
400 1842 479 1873 atque
496 1846 511 1864 e
528 1838 628 1873 populo
642 1847 721 1870 unus,
739 1838 810 1874 fuge,
829 1839 925 1873 inquit,
938 1838 1037 1870 Tiberi,

250 1874 322 1910 fuge.
344 1875 401 1901 Non
416 1875 510 1902 vides?
523 1876 632 1910 respice,
650 1876 769 1911 inquam.
769 1859 884 1902 t>Deinde
894 1884 961 1912 vaga
970 1875 1041 1902 mul-

250 1912 343 1944 titudo,
359 1913 448 1940 subito
463 1914 555 1940 timore
569 1914 714 1949 perterrita,
731 1914 778 1950 fug
771 1922 823 1941 ere
836 1914 932 1949 eoepit.
947 1914 982 1941 At
990 1913 1040 1940 iste

1093 313 1290 343 crudelitatem,
1322 318 1476 348 contorquet
1502 313 1654 343 brachium

1094 350 1220 380 Graccho,
1236 350 1302 385 quid
1317 355 1394 380 esset,
1411 359 1496 385 neque
1511 355 1596 376 tamen
1610 350 1705 380 lorum.
1719 351 1744 377 in
1756 360 1810 386 quo
1819 360 1882 378 con-

1094 389 1203 417 stiterat.
1220 388 1388 422 relinquenti,
1406 388 1518 422 pereutit
1532 392 1646 422 tempus.
1672 387 1718 414 llle
1732 388 1805 414 nulla
1820 396 1883 415 voce
1910 391 1924 424 ζ

1094 425 1229 453 delabens.
1255 425 1333 450 insita
1357 425 1452 450 virtute
1473 424 1587 451 concidit
1609 425 1714 451 tacitus.
1748 426 1806 455 Iste,
1833 426 1881 452 viri

1096 461 1231 487 fortissimi
1252 461 1402 488 miserando
1420 462 1549 497 sanguine
1567 470 1701 496 aspersus,
1722 462 1799 496 quasi
1818 461 1883 489 taci-

1095 507 1145 525 nus
1161 499 1402 533 praeclarissimum
1417 498 1531 529 siz-isset,
1545 499 1770 534 circumspectans
1779 504 1805 525 et
1814 499 1882 525 hitu-

1095 546 1121 562 re
1143 536 1295 562 sceleratam
1319 536 1514 569 gratulantibus
1540 544 1649 562 manum
1675 537 1826 571 porrigens,
1855 536 1882 563 in
1912 549 1914 555 ⁴

1095 573 1223 608 templum
1239 574 1308 599 lovis
1321 573 1432 599 contulit
1446 582 1513 599 sese.
1535 574 1576 598 69.
1593 573 1660 599 llaec
1673 573 1808 600 exornatio
1822 572 1882 608 plu·
1918 577 1921 602 ξ

1095 611 1191 636 rimum
1211 610 1317 645 prodest
1334 611 1361 637 in
1379 610 1563 645 amplificanda
1585 615 1611 636 et
1627 610 1836 637 commiserandn
1855 619 1882 637 re
1914 607 1921 612 ’

1095 648 1248 674 huiusmodi
1263 648 1484 674 enarrationibus,
1521 647 1618 675 Statuit
1635 648 1706 674 enirn
1721 652 1800 674 totam
1815 656 1880 677 rem,

1094 689 1119 711 et
1133 694 1213 719 prope
1229 685 1301 719 ponit
1315 690 1373 711 ante
1387 685 1487 711 oculos.

1150 722 1213 748 Ll'l.
1229 724 1327 748 Omnes
1341 723 1454 748 rationes
1469 721 1645 748 honestandae
1659 721 1815 748 elocutionis
1824 726 1882 748 stu·
1911 718 1921 733 ’-

1064 759 1065 763 ’
1093 759 1166 785 diosc
1179 759 1347 795 collegimus,
1363 759 1389 785 in
1403 759 1513 794 quibus,
1525 759 1647 789 llerenni.
1660 759 1682 784 si
1694 764 1717 785 te
1726 758 1882 794 diligentius

1093 797 1254 823 exercueris.
1269 801 1295 822 et
1307 797 1463 831 gravitatem
1477 801 1502 822 et
1515 796 1671 832 dignitatem
1685 800 1710 822 et
1723 796 1881 823 suavitatem
1913 821 1916 826 1

1094 833 1190 860 habere
1205 834 1231 860 in
1245 833 1358 860 dicendo
1372 834 1478 868 poteris,
1495 838 1523 860 ut
1535 834 1646 859 oratorie
1660 833 1736 868 plane
1749 832 1880 868 loquaris,

1094 880 1126 897 ne
1144 871 1215 897 nuda
1229 875 1308 905 atque
1323 871 1440 897 inornata
1459 871 1576 897 inventio
1590 870 1692 906 vulgari
1708 879 1829 896 sermone
1842 870 1883 897 ef·
1914 888 1917 894 ι

1094 907 1201 934 feratur.
1218 908 1294 934 Nunc
1308 907 1452 934 identidem
1468 912 1569 934 nosmet
1584 908 1634 942 ipsi
1649 907 1726 934 nobis
1740 908 1879 934 instemus.
1908 911 1917 938 Q

1093 954 1134 971 res
1152 945 1223 971 enim
1241 945 1392 971 communis
1410 946 1504 980 agitur.
1526 949 1554 971 ut
1573 944 1723 980 frequenter
1735 949 1761 970 et
1774 944 1882 971 assiduo
1911 949 1917 970 .·

1093 991 1288 1017 consequamur
1305 983 1369 1008 artis
1387 983 1514 1008 rationem
1532 982 1622 1008 studio
1639 986 1664 1008 et
1681 981 1881 1014 exercitatione,
1913 991 1917 994 ⁴

1093 1019 1165 1055 quod
1179 1019 1222 1046 alii
1237 1028 1298 1046 cum
1313 1019 1433 1046 molestia
1452 1019 1537 1045 tribus
1551 1019 1583 1045 de
1596 1019 1700 1045 caussis
1714 1019 1829 1045 maxime
1842 1018 1884 1045 fa-
1912 1052 1913 1056 Ἰ

1092 1058 1180 1084 ciunt:
1205 1061 1250 1083 aut
1263 1057 1295 1087 si.
1311 1057 1421 1091 quicum
1438 1056 1549 1082 libenter
1565 1061 1744 1087 exerceantur,
1761 1065 1812 1082 non
1834 1055 1884 1083 ha-

1094 1095 1165 1125 bent,
1186 1099 1231 1120 aut
1244 1095 1267 1120 si
1281 1094 1334 1120 sibi
1347 1093 1483 1122 diffidunt.
1499 1098 1544 1120 aut
1557 1094 1580 1120 si
1595 1093 1726 1124 nesciunt,
1746 1101 1826 1128 quam
1841 1093 1884 1119 vi·
1912 1119 1913 1122 ,

1093 1141 1135 1158 am
1154 1131 1230 1166 sequi
1245 1131 1371 1163 debeant,
1395 1139 1464 1166 quae
1477 1139 1491 1157 a
1505 1131 1582 1158 nobis
1595 1131 1693 1157 absunt
1705 1139 1797 1157 omnes
1810 1129 1885 1156 difli—

1093 1168 1212 1195 cultates.
1246 1169 1312 1195 Nam
1334 1173 1360 1194 et
1376 1168 1457 1194 simul
1477 1168 1588 1195 libenter
1605 1176 1760 1194 exercemur
1776 1172 1883 1202 propter

1094 1206 1246 1236 amicitiam,
1262 1206 1341 1232 cuius
1355 1206 1461 1232 initium
1475 1206 1596 1241 cognatio
1611 1205 1680 1235 fecit.
1695 1210 1780 1231 cetera
1795 1204 1883 1239 pbilo-

1093 1243 1202 1278 sophiae
1226 1243 1291 1270 ratio
1304 1242 1482 1275 confirmavit3
1511 1247 1536 1269 et
1558 1243 1635 1269 nobis
1654 1251 1705 1269 non
1720 1241 1880 1273 diffidimus,

1093 1285 1229 1315 propterea
1246 1280 1319 1315 quod
1336 1285 1362 1306 et
1374 1279 1571 1315 aliquantulum
1589 1280 1778 1314 processimus,
1793 1283 1819 1306 et
1831 1278 1882 1305 alia

1092 1323 1156 1344 sunt
1173 1318 1290 1348 meliora,
1314 1326 1382 1352 quae
1400 1317 1485 1344 multo
1503 1317 1631 1344 intentius
1645 1317 1762 1352 petimus
1775 1317 1803 1343 in
1818 1317 1880 1348 vita,

1092 1360 1130 1386 ut,
1150 1356 1228 1381 etiam
1244 1355 1266 1381 si
1281 1363 1332 1381 non
1347 1355 1547 1390 pervenerimus
1561 1355 1587 1381 in
1601 1353 1722 1384 dicendo.
1737 1362 1792 1389 quo
1805 1353 1883 1380 volu-

1092 1401 1162 1423 mus,
1178 1401 1259 1427 parva
1272 1400 1334 1427 pars
1348 1393 1416 1418 vitae
1434 1391 1642 1426 perfectissimae
1655 1391 1833 1423 desideretur3
1856 1395 1884 1418 et

1091 1430 1172 1461 viam,
1193 1438 1274 1464 quam
1289 1438 1442 1464 sequamur
1462 1429 1601 1459 habemus,
1617 1434 1754 1464 propterea
1767 1420 1861 1463 quod
1854 1437 1883 1455 m
1907 1429 1910 1436 “

1092 1467 1134 1493 his
1149 1467 1224 1493 libris
1239 1466 1306 1493 nihil
1320 1467 1491 1501 praeteritum
1505 1471 1545 1492 est
1562 1466 1706 1492 rhetoricae
1719 1465 1884 1501 praeceptio-

1092 1505 1143 1530 nis.
1167 1503 1389 1540 [Demonstratum
1403 1508 1443 1530 est
1456 1504 1538 1534 enim
1553 1502 1687 1538 quomodo
1699 1511 1741 1529 res
1755 1502 1783 1529 in
1795 1502 1884 1530 omni·
1906 1503 1907 1506 ’

1091 1541 1143 1568 bus
1159 1541 1304 1578 generibus
1317 1549 1473 1568 caussarum
1491 1541 1606 1567 inveniri
1623 1544 1752 1582 oporteat3
1779 1539 1884 1567 dietum

1091 1583 1140 1609 est,
1156 1587 1210 1614 quo
1224 1583 1299 1613 pacto
1312 1586 1356 1604 eas
1369 1578 1510 1613 disponere
1522 1577 1675 1609 conveniam
1691 1576 1817 1603 traditum
1831 1581 1880 1609 est,
1903 1610 1905 1618 Ι

1090 1624 1144 1651 qua
1166 1615 1266 1642 ratione
1287 1619 1358 1642 esset
1379 1614 1619 1650 pronuntiandum3
1646 1618 1817 1649 praeceptum
1830 1619 1879 1645 est,
1905 1619 1907 1621 '

1090 1661 1144 1688 qua
1166 1653 1209 1679 via
1231 1652 1386 1679 meminisse
1412 1660 1567 1687 possemus;
1594 1651 1805 1678 demonstratum
1830 1655 1880 1683 est,
1902 1659 1906 1667 ·

1091 1690 1191 1732 quibus
1210 1689 1296 1716 modis
1314 1689 1430 1725 perfecta
1447 1689 1560 1716 elocutio
1573 1693 1776 1730 compararetur.
1808 1687 1884 1721 Quae
1901 1694 1906 1708 ’ν
1940 1699 1941 1702 “

1091 1728 1114 1753 si
1132 1727 1314 1762 exsequimur,
1334 1731 1409 1753 acute
1423 1731 1448 1753 et
1460 1727 1513 1753 cito
1530 1726 1704 1761 reperiemus,
1718 1725 1843 1752 distincte
1855 1730 1884 1752 et
1896 1744 1898 1747 v

1091 1764 1209 1791 ordinate
1227 1764 1410 1799 disponemus,
1429 1764 1546 1799 graviter
1563 1767 1589 1790 et
1601 1767 1713 1790 venuste
1726 1763 1883 1798 pronuntia-
1903 1766 1905 1769 ’

1090 1801 1191 1832 bimus,
1215 1801 1290 1828 firme
1311 1805 1338 1827 et
1358 1805 1486 1836 perpetuo
1507 1800 1718 1831 meminerimus,
1744 1803 1835 1827 ornate
1855 1804 1883 1827 et
1902 1810 1903 1813 ¹

1091 1839 1209 1865 suaviter
1221 1838 1388 1873 eloquemur.
1422 1838 1493 1873 Ergo
1509 1837 1626 1873 amplius
1644 1837 1672 1864 in
1685 1841 1739 1864 arte
1751 1837 1881 1864 rhetorica

1091 1875 1158 1903 nihil
1172 1880 1222 1902 est.
1255 1876 1325 1902 Haec
1337 1875 1426 1902 omnia
1439 1875 1628 1910 adipiscemur,
1640 1875 1664 1901 si
1677 1875 1791 1901 rationes
1823 1882 1881 1901 rae-

1090 1913 1221 1949 ceptionis
1234 1912 1373 1950 diligentia
1385 1920 1582 1948 consequemur
1594 1911 1799 1939 exercitationis.

1695 319 1720 339 et
1748 313 1880 341 dubitanti
1912 316 1921 338 ':
