1941 3052
218 165 279 190 tii-'io
761 164 817 187 2⁸3.
850 161 883 186 M.

213 244 288 270 gere,
313 243 362 260 non
375 234 460 259 solum
471 253 476 263 ,
494 232 564 267 quod
578 241 625 259 nos
637 233 661 258 in
675 232 778 258 lientam
793 233 872 258 vitam
889 230 1006 262 inducat,

214 271 440 305 st·1lt·tiatii,qu‹nl
455 271 596 296 multarum
610 278 823 304 uuignnrumque
838 270 1006 295 miseriarum
1028 281 1029 288 1

214 318 294 335 sensu
310 309 401 334 liberet
413 313 436 333 et
448 317 460 332 n
474 307 570 333 suturis
584 307 623 332 vel
639 307 837 332 calamitatibus
853 306 894 332 vel
909 306 1008 332 dolori·
1028 316 1029 324 ¹

216 346 266 372 lius
282 345 429 371 tulisti-aliut:
446 344 510 378 quid
530 346 580 369 iam
596 344 776 379 relinquetur,
793 353 841 370 cur
857 353 908 370 non
925 349 1007 370 mort<-
1034 376 1035 382 ἵ

217 383 305 409 laetari
323 392 351 407 ne
368 382 498 407 clarorum
517 381 655 407 liominum
677 383 815 410 virtutem,
838 382 885 416 qui
906 381 1007 407 nullius
1027 402 1035 420 ,ἵ

217 421 323 447 interitu
342 419 486 453 perturbati
503 423 578 448 sunt,
598 418 874 445 imitaridebeamus‘?
903 418 941 444 An
955 427 1005 444 non

213 459 340 492 optimam
368 456 525 490 beatamque
551 461 662 482 mortem
688 456 824 482 iudicabat
848 456 876 482 L.
898 456 1004 484 Brutus,

213 503 312 529 quum.
327 499 467 528 tyrannim·
481 502 586 522 arcens,
604 502 684 528 quem
697 493 848 527 expulerat,
866 494 946 519 vitam
960 501 1006 526 pro

215 531 298 557 mliilo
309 530 442 556 ducebat?
464 531 525 556 Item
539 531 619 560 Decii.
637 539 690 565 quo
703 536 819 565 tempore
831 538 892 556 cum
907 530 1006 556 Latinis

214 578 259 601 pru
276 568 357 602 putria
374 567 533 593 ‹limivnnws
549 577 607 594 sese
620 568 736 594 liostium
753 567 812 594 telis
826 566 1007 593 obiicit-bant?

214 607 346 631 Praeterea
357 605 460 639 Scipio,
480 605 601 635 l‘aullus,
621 605 776 635 Marcellum
794 604 922 634 Albinus,
938 613 1006 639 quos

213 643 292 668 vitam
312 642 336 668 in
354 643 409 668 acie
428 642 558 668 iuvandae
571 643 670 676 patriae
682 651 775 669 caussa
789 642 933 668 fortissime
945 650 1006 676 pro-

213 679 314 705 fudisse
331 680 473 705 memoriae
491 679 626 713 proditum
645 679 770 715 legimus.
811 680 843 706 Et
860 688 921 706 vero
937 679 1004 705 niliil

212 716 270 746 suit,
289 717 463 751 quamobrem
479 717 546 743 elato
557 717 718 752 excelsoque
730 718 819 743 animo
831 717 952 743 homines
965 717 1006 742 vi-

211 759 263 781 tam
277 763 327 780 non
339 754 520 788 despicerent,
544 759 573 781 ut
585 755 776 789 sempiternam
789 754 900 790 gloriam
912 762 1006 780 conse-

210 792 257 826 qui
271 797 387 826 possent.
435 792 500 818 Nam
512 800 573 817 cuni
587 792 660 818 nullo
673 792 714 818 vel
727 797 796 818 certe
808 792 920 818 minimo
931 791 1006 817 dolo-

210 830 247 855 ris
259 837 438 863 sensu,quem
452 830 594 855 morientes
601 829 746 864 perferunt,
756 829 886 855 infinitam
899 828 1004 855 laudem

210 866 419 893 commutabant.
461 867 596 893 XXXVII.
622 868 677 893 127.
701 867 775 893 llunc.
789 868 861 893 enim
874 866 960 893 locum
972 866 1005 892 de

210 905 308 937 exiguo
329 904 370 929 vel
389 903 461 930 nullo
477 905 565 938 potius
588 903 677 930 dolore
694 905 799 934 mortis,
822 913 903 939 quem
924 912 1004 938 supra
1026 924 1033 945 μ

913 942 1004 976 Neque
1026 951 1027 956 ¹

211 942 428 976 perstrinximus.
447 941 537 976 paullo
552 941 662 967 uberius
674 950 872 976 percurramus.

209 979 281 1004 e‘nim
294 978 410 1004 absurde
421 978 524 1005 dixisse
537 979 603 1005 milii
617 979 722 1005 videtur
733 979 820 1014 is‚qui
834 979 1004 1005 morientium

210 1021 429 1050 mortuorumque
447 1015 585 1042 hominum
601 1021 699 1042 statum
711 1021 736 1042 et
746 1016 925 1043 conditionem
938 1016 1005 1041 dua-

210 1053 261 1078 hus
273 1054 443 1087 potissimum
456 1062 489 1079 cx
500 1053 580 1079 rebus
594 1054 697 1088 percipi
709 1059 788 1088 atque
801 1053 914 1089 intelligi
927 1062 1004 1088 posse

209 1090 365 1122 affirmavit3
388 1099 502 1124 quarum
525 1099 604 1116 unam
626 1100 751 1117 somnum
767 1092 871 1118 statuit,
895 1091 1003 1117 alteram

210 1136 272 1153 vero
284 1132 389 1162 tempus
403 1127 478 1157 illud,
496 1128 567 1162 quod
580 1131 698 1155 nostrum
713 1129 847 1163 cuiusque
858 1133 944 1154 ortum
957 1137 1005 1154 an-
1025 1143 1026 1150 κ

209 1165 325 1191 tecessit.
368 1167 424 1191 ⁴28.
450 1165 481 1191 Et
493 1174 556 1191 sane
569 1166 602 1191 ita
615 1170 662 1196 est,
678 1171 705 1192 ut
717 1174 750 1192 ex
760 1165 887 1192 omnibus
899 1166 1004 1200 opinio-

209 1202 303 1232 nibus,
327 1210 441 1236 quarum
461 1211 548 1228 errore
569 1202 631 1228 duci
649 1202 748 1237 vulgus
766 1203 847 1232 solet.
869 1211 954 1237 quum
971 1203 1004 1229 de
1024 1221 1027 1234 ρ

209 1244 292 1265 morte
305 1239 430 1273 loquitur,
441 1239 512 1265 nulla
526 1239 604 1274 plane
614 1240 646 1266 ad
659 1241 797 1266 veritatem
811 1240 930 1266 videatur
944 1249 1002 1267 esse
1024 1256 1025 1276 3

417 1277 451 1302 lta
463 1277 535 1303 enim
547 1276 625 1304 multi
641 1278 750 1309 vivunt,
773 1282 802 1303 ut
818 1278 1004 1312 praesentibus
1024 1304 1025 1308 ,

208 1285 374 1311 propensmr.

208 1314 285 1340 bonis
303 1313 437 1345 fruantur.
459 1323 507 1340 nec
523 1323 586 1341 sane
602 1315 731 1350 cogitent,
750 1315 816 1350 quid
833 1315 927 1349 paucis
946 1320 1005 1349 post

207 1351 284 1377 annis
296 1350 337 1376 vel
352 1351 418 1385 ipsis
434 1351 475 1377 vel
490 1353 586 1378 ceteris
602 1352 664 1378 boni
681 1357 726 1378 aut
741 1352 804 1378 mali
816 1353 900 1387 possit
911 1354 1005 1379 eveni-

207 1397 245 1415 re.
277 1389 367 1423 ltaque
378 1397 457 1423 saepe
473 1398 524 1415 non
536 1390 651 1424 opinatis
664 1390 778 1420 morbis,
796 1390 1005 1424 perturbationi-

207 1426 258 1452 bus
278 1431 303 1452 et
319 1426 465 1461 angoribus
482 1431 626 1453 vexantur:
649 1428 742 1453 mortis
754 1435 830 1457 vero,
848 1427 881 1453 de
892 1436 944 1462 qua
956 1436 1004 1462 po-

207 1464 343 1489 tissimum
355 1464 472 1499 cogitare
484 1464 645 1495 debuerant,
668 1465 703 1491 ita
718 1473 769 1491 non
782 1465 1000 1495 reminiscuntur,

206 1505 236 1526 ut
247 1500 279 1526 ad
291 1509 319 1526 se
331 1501 465 1527 mininum
479 1501 551 1528 illam
564 1503 706 1536 pertinere,
730 1510 778 1528 nec
789 1511 838 1528 sua
852 1502 1002 1537 quidquam

207 1539 336 1564 interesse
351 1539 517 1565 existiment.
561 1541 617 1566 ⁴⁶29.
633 1538 694 1571 Qui,
709 1544 738 1566 ut
749 1540 890 1566 Panaetius
901 1539 1004 1566 Africa-

206 1583 270 1601 num
283 1575 372 1601 dicere
382 1575 491 1602 solitum
504 1576 596 1607 tradit,
616 1576 757 1603 ferociores
769 1585 853 1612 equos
864 1577 1004 1604 domitori-

205 1612 257 1638 bus
272 1612 413 1639 tradendos
428 1621 501 1644 esse,
518 1618 546 1640 ut
560 1613 699 1648 paullatim
713 1623 804 1648 parere
818 1623 901 1649 seque
914 1616 1003 1641 mitio-

206 1658 248 1675 res
259 1658 288 1676 ac
300 1649 435 1676 molliores
446 1651 572 1685 praebere
585 1652 728 1686 incipiant:
746 1652 786 1678 sic
798 1653 850 1687 ipsi
863 1653 889 1678 in
903 1661 1002 1688 gyrum

206 1686 372 1713 fortitudinis
384 1696 413 1713 ac
424 1689 567 1722 patientiae
579 1688 724 1714 reducendi
736 1694 812 1720 sunt,
831 1697 875 1720 ne,
893 1691 917 1716 si
931 1698 1002 1716 mors

206 1723 391 1758 imprudentes
402 1726 574 1759 oppresserit,
588 1731 785 1760 pet-terreantur
795 1726 928 1761 planeque
939 1736 1003 1753 con·
1023 1727 1024 1730 ’

346 1762 493 1789 XXXVIII.
517 1765 573 1789 ⁴30.
595 1763 647 1789 Sed
663 1764 753 1790 nesci⁰
768 1772 822 1798 quo
833 1764 912 1790 modo
925 1764 1003 1796 volu·
1023 1761 1024 1796 J

205 1803 275 1832 ptate
293 1798 413 1834 luxuque
431 1799 542 1826 delinita
555 1800 694 1827 hominum
707 1801 873 1828 consuetudo
884 1801 917 1828 de
931 1807 1001 1828 recta
1022 1799 1024 1814 ³

205 1761 305 1788 cidaut.

206 1836 337 1862 maiorum
350 1838 403 1863 vita
414 1836 524 1863 deflexit
533 1846 618 1873 eoque
629 1839 731 1864 sensim
745 1838 831 1865 delata
843 1843 896 1869 est.
918 1844 949 1865 ut
960 1840 1002 1865 ni-

206 1872 244 1899 hil
256 1874 355 1904 minus,
369 1882 451 1908 quam
463 1883 566 1905 verum,
581 1880 714 1911 agnoscat,
729 1884 787 1906 nec,
800 1884 885 1910 quum
897 1875 1000 1911 aliquid

205 1911 302 1945 agitur,
317 1916 417 1937 rectum
431 1911 458 1937 id
470 1920 552 1938 necne
564 1913 607 1943 sit,
621 1921 718 1948 magno
728 1921 808 1947 opere
819 1914 926 1948 cogitet.
943 1913 1000 1945 Qua

1022 1949 1023 1953 ’
1053 1956 1152 1985 puncto
1164 1951 1291 1985 temporis
1303 1951 1370 1977 niliil
1385 1950 1499 1986 lugubre
1511 1951 1598 1977 testati
1609 1951 1676 1980 sint,
1689 1950 1757 1977 nihil
1771 1949 1849 1976 nebi-

205 1946 278 1973 nulla
291 1949 375 1974 maior
389 1949 472 1982 pestis
488 1958 517 1975 ac
532 1950 666 1983 pernicies
684 1950 810 1976 humanis
825 1951 907 1976 rebus
923 1950 1001 1977 valde

205 1984 258 2010 iam
272 1984 436 2012 labefactatis
452 1987 538 2020 potuit
555 1986 652 2013 afferri.
693 1987 788 2021 Atqui.
806 1988 830 2013 si
845 1987 872 2013 in
887 1987 942 2013 ullo
953 1987 1001 2014 ho-

205 2022 291 2051 mine,
314 2027 384 2048 certe
402 2023 428 2048 in
446 2022 488 2049 his
505 2024 572 2058 ipsis
587 2023 699 2059 vulgare
715 2024 818 2050 dictum
834 2029 860 2050 et
871 2033 964 2051 verum
976 2030 1001 2051 et
1022 2025 1023 2032 ¹

205 2063 280 2085 acute
291 2060 437 2093 cogitatum
449 2068 507 2086 esse
518 2060 738 2095 deprehenditur.
774 2063 829 2087 ¹3⁴.
846 2062 916 2093 Quid
928 2063 1000 2088 enim

205 2096 251 2122 isti
265 2095 340 2122 aliud
355 2101 451 2132 agunt,
475 2098 528 2123 nisi
544 2102 611 2124 totos
622 2098 681 2124 dies
692 2107 739 2132 per
750 2099 872 2125 inertiam
885 2099 1000 2133 perdunt

205 2138 284 2167 atque
296 2134 331 2159 ita
344 2134 452 2163 vivunt,
471 2140 499 2160 ut
514 2139 622 2161 stertere
639 2136 742 2170 potius,
757 2144 839 2170 quam
856 2136 911 2163 ullo
925 2142 1000 2171 pacto

206 2171 296 2196 vivere
308 2170 468 2197 videantur?
483 2172 621 2198 Dorniiens
633 2178 721 2198 autem
734 2177 763 2198 ut
776 2173 844 2199 nihil
856 2175 945 2203 sentit,
959 2175 1001 2200 ni-

205 2207 241 2233 hil
255 2208 318 2243 agit,
333 2207 400 2234 nihil
412 2213 500 2235 curat:
513 2210 551 2235 sic
563 2214 684 2236 mortuus
696 2209 762 2244 quid
774 2219 861 2245 agere,
874 2211 941 2245 quid
953 2220 1001 2237 cu-

205 2253 261 2270 rare
273 2249 318 2271 aut
328 2245 427 2271 sentire
439 2247 532 2279 possit,
547 2246 617 2272 haud
629 2255 693 2272 sane
705 2247 854 2283 intelligas:
871 2249 961 2283 itaque
973 2249 999 2274 ir.

205 2281 318 2312 tabulis,
336 2291 404 2317 quos
415 2282 452 2308 dii
465 2284 581 2309 maxime
592 2284 763 2314 adamarunt,
781 2293 840 2315 eos,
859 2294 892 2311 ne
907 2286 1001 2312 immi—

205 2323 310 2345 nentem
321 2319 440 2354 aliquam
452 2320 629 2347 calamitatem
639 2322 740 2348 sentire
751 2327 918 2357 cogerentur,
926 2323 1000 2349 sivi-

203 2355 333 2390 gilassent
341 2377 347 2387 ,
360 2365 375 2382 a
385 2356 439 2382 diis
452 2358 649 2384 immortalibus
659 2360 812 2393 consopitos
823 2367 882 2386 esse
893 2361 1000 2395 aecepi-

204 2401 274 2419 mus.
317 2395 373 2420 ⁴32.
395 2394 505 2420 Mortem
521 2396 616 2430 igitur,
638 2395 774 2430 siquidem
790 2405 884 2423 somno
899 2397 999 2423 similis

203 2434 256 2461 est,
273 2430 390 2466 singulis
406 2432 530 2458 noctibus
543 2432 696 2463 induimus,
713 2438 752 2463 et,
768 2442 854 2468 quum
866 2435 893 2460 in
905 2443 999 2461 somno

202 2475 299 2493 sensus
309 2468 344 2494 sit
355 2467 433 2502 plane
445 2469 550 2499 nullus,
574 2469 679 2495 nullum
693 2471 773 2496 etiam
788 2471 815 2496 in
830 2476 913 2497 morte
925 2471 1000 2498 futu-

203 2512 261 2530 rum
276 2512 334 2530 esse
345 2513 465 2537 sensum,
478 2507 620 2532 verissime
631 2511 746 2533 statuere
757 2507 899 2534 debemus.
921 2508 998 2540 Quod

202 2545 231 2567 ut
241 2549 322 2567 sensu
334 2542 393 2576 ipso
404 2542 482 2577 plane
493 2544 650 2578 percipitur,
659 2545 698 2570 sic
710 2552 742 2570 ne
752 2543 785 2570 de
795 2544 876 2571 altero
886 2545 997 2580 quidem

201 2577 320 2604 dubitari
336 2579 390 2605 ullo
405 2585 481 2613 pacto
494 2585 595 2615 potest,
611 2582 694 2615 quin,
713 2581 808 2616 quales
824 2587 897 2613 ante,
915 2591 997 2617 quam

201 2615 346 2645 oriremur,
369 2615 484 2648 suimus,
507 2617 573 2644 tales
588 2619 669 2648 ‚etiam
685 2619 783 2645 mortui
799 2618 882 2645 futuri
899 2620 995 2646 simus.

201 2652 271 2678 Mors
283 2653 355 2678 enim
367 2654 596 2687 quemadmodum
608 2655 640 2681 ad
652 2657 780 2690 eum,qui
792 2656 911 2682 nondum
923 2662 997 2683 ortus

201 2693 249 2720 est,
263 2689 330 2716 nihil
342 2690 485 2724 pertinuit,
502 2692 541 2718 sic
551 2700 584 2718 ne
598 2692 632 2718 ad
642 2700 704 2719 eum
720 2692 845 2728 quidem,
860 2694 910 2729 qui
925 2702 998 2721 mor-

1018 2475 1021 2522 1

1027 231 1038 240 ''
1061 238 1122 259 tnui·
1134 236 1182 260 ent.
1197 232 1249 258 ulla
1263 234 1362 259 ratione
1375 234 1527 268 pertinebit.

1034 491 1035 495 ’
1058 502 1111 528 quo
1134 493 1212 518 modo
1232 493 1308 520 aliter
1329 494 1413 520 tacere
1435 497 1546 530 possint.

1034 538 1035 542 ¹
1059 539 1205 564 numquam
1218 533 1321 565 experti
1333 533 1399 561 nint,
1422 541 1502 567 quam
1518 533 1600 559 semel
1618 533 1696 560 bomo
1711 534 1852 562 subiturus

1033 695 1035 699 ⁴
1057 680 1193 706 observari
1219 681 1312 714 potuit.

915 160 1290 188 [CICERONIS

1568 236 1606 262 Ad
1620 237 1775 263 morientem
1789 246 1851 264 vero

1061 270 1100 295 vel
1115 269 1192 297 uiliil.
1207 270 1247 295 vel
1261 279 1354 304 parum
1365 276 1435 297 certe
1447 273 1574 306 pertinet:
1592 274 1727 309 siquidem
1739 280 1791 301 tam
1803 284 1851 301 an-

1059 312 1137 340 gusto
1148 307 1234 341 spatio
1244 312 1351 342 tamque
1363 308 1438 334 brevi
1448 309 1582 335 curriculo
1592 317 1740 341 coercetur.
1759 318 1786 338 ut
1803 321 1850 339 nec

1059 346 1080 370 si
1095 344 1291 378 velitquidem,
1315 346 1385 370 vires
1399 354 1462 372 fluas
1475 348 1587 373 nimium
1600 349 1734 382 porrigere
1745 355 1790 376 aut
1803 358 1852 376 ex-

1059 381 1157 416 plicare
1170 382 1262 415 possit.
1305 382 1430 409 xxxix.
1456 385 1510 409 ⁴33.
1531 385 1604 415 Oua«.-
1615 390 1655 411 est
1667 386 1748 419 igmur
1759 395 1851 413 eorum

1058 420 1153 447 oratio.
1170 419 1217 452 qui
1235 423 1336 445 tantum
1354 420 1378 446 in
1397 425 1479 446 morte
1494 421 1612 447 dolorem
1628 431 1656 447 u·
1668 423 1760 449 timere
1772 430 1851 459 atque

1058 464 1236 490 expavescere
1256 456 1396 483 dictitant?
1415 458 1582 493 Quamquam
1603 468 1654 485 non
1676 469 1739 486 sane
1762 460 1850 491 video.

1586 496 1636 528 Qui
1653 498 1725 523 enim
1740 503 1851 524 mortem

1058 573 1110 597 est,
1124 576 1178 602 quo
1188 568 1279 598 modo.
1293 568 1360 595 bona
1373 569 1476 596 malane
1487 571 1535 600 sit,
1554 579 1614 596 vere
1626 573 1724 598 sentire
1739 581 1768 598 ac
1779 572 1853 598 diiu-

1058 605 1146 631 dicare
1159 606 1287 639 possunt‘?
1298 607 1438 633 Morienten
1450 608 1525 633 aiunt
1537 609 1659 637 cruciari,
1673 609 1852 644 anghdistor-

1057 643 1148 677 queri.-
1167 642 1238 677 quod
1255 643 1280 669 in
1299 644 1435 670 nonnullis
1451 644 1561 671 sortasse
1577 646 1753 672 animadverti
1772 652 1851 682 atque

1357 683 1411 707 tat.
1434 682 1461 708 ln
1485 687 1610 717 quotum
1629 683 1671 709 isti
1688 683 1792 718 aliquid
1807 684 1852 710 di-

1058 718 1129 743 xisse
1145 717 1229 743 videri
1242 723 1362 752 possent,
1379 719 1402 744 si
1414 719 1462 745 hoc
1473 728 1506 745 cx
1519 720 1577 754 ipso
1589 721 1680 746 mortis
1691 729 1772 747 sensu
1785 729 1851 756 pen—

1033 766 1035 770 ·
1057 754 1141 780 deret.
1177 755 1252 784 Nam,
1266 756 1288 781 si
1302 764 1372 782 mors
1384 757 1441 791 ipsa
1453 756 1542 782 dolore
1554 766 1603 783 suo
1613 766 1711 792 corpus
1723 767 1809 793 usque
1820 767 1851 784 eo

1057 793 1187 818 cruciaret
1198 797 1276 827 atque
1288 798 1409 827 angeret.
1433 799 1461 820 ut
1477 794 1541 820 haec
1552 794 1651 821 doloris
1661 795 1739 821 edere
1751 795 1850 822 indicia

1057 834 1208 864 cogeretur:
1233 831 1323 865 negari
1336 830 1452 864 profecto
1464 840 1515 857 non
1531 836 1632 866 posset.
1650 833 1716 867 quin
1731 832 1849 859 dolorem

1057 875 1108 893 non
1123 866 1291 893 levissimum
1304 876 1374 893 mors
1387 868 1443 903 ipsa
1455 873 1525 895 esset
1535 868 1656 895 allatura.
1686 869 1775 902 Quum
1788 879 1850 896 vero

1058 904 1212 930 huiusmodi
1224 905 1358 931 cruciatus
1370 906 1549 940 paucissimos
1561 911 1652 942 angat,
1670 912 1696 933 et
1706 916 1751 933 eos
1763 909 1851 934 maxi·

1057 950 1112 971 me,
1133 942 1180 976 qui
1198 942 1418 977 intemperanter,
1441 942 1584 978 flagitiose,
1603 943 1702 970 nefarie
1718 945 1847 971 vixerint:

1058 987 1128 1005 nunc
1149 978 1267 1005 dubitari
1290 988 1341 1005 non
1364 985 1464 1015 potest.
1486 981 1552 1015 quin
1575 980 1640 1006 tales
1659 981 1781 1007 homines
1797 990 1850 1008 non

1057 1025 1136 1046 morS,
1146 1016 1193 1042 sed
1205 1016 1382 1043 admissorum
1395 1017 1526 1043 scelerum
1538 1019 1699 1044 conscientia
1712 1023 1790 1045 vexet
1802 1019 1851 1045 ha-

1057 1054 1170 1088 beatque
1182 1053 1320 1080 sollicitos,
1354 1056 1409 1081 ⁴³5.
1431 1054 1482 1086 Qui
1493 1055 1564 1081 enim
1576 1064 1604 1081 se
1617 1056 1758 1082 morituros
1770 1055 1850 1082 num'-

1057 1100 1137 1126 quam
1149 1091 1351 1117 crediderintac
1363 1100 1395 1118 ne
1411 1092 1553 1127 cogitarint
1569 1092 1693 1127 quidem,
1715 1102 1800 1128 quum
1816 1093 1850 1120 ad

1057 1129 1142 1163 ipsam
1155 1133 1265 1154 mortem
1278 1130 1463 1163 pervenerint.
1482 1135 1617 1164 anguntur
1628 1138 1679 1156 non
1691 1129 1781 1156 dolore
1793 1139 1850 1157 mo-

1056 1165 1217 1195 riendi,sed,
1226 1166 1298 1201 quod
1309 1175 1323 1191 e
1336 1167 1388 1192 vita
1401 1167 1478 1192 inviti
1490 1166 1642 1193 discedunt.
1661 1167 1688 1193 ln
1700 1176 1752 1202 qua
1764 1176 1849 1203 quum

1055 1204 1144 1229 omnia
1156 1203 1273 1229 secunda
1286 1203 1428 1238 feliciaque
1440 1204 1633 1238 experirentur,
1647 1212 1679 1230 ne
1690 1213 1768 1231 secus
1779 1214 1851 1231 mor-

1056 1241 1109 1267 tuis
1120 1240 1232 1270 accidat,
1249 1240 1326 1266 valde
1341 1241 1427 1267 vereri
1439 1249 1468 1267 ac
1479 1241 1602 1267 dubitare
1613 1247 1755 1277 coguntur.
1793 1244 1849 1269 t36.

1055 1278 1088 1304 At
1099 1278 1241 1313 bonis‚qui
1252 1283 1363 1305 mortem
1374 1287 1481 1313 semper
1487 1283 1622 1314 tamquam
1629 1281 1776 1314 praesentis
1783 1284 1851 1306 tem-

1055 1316 1165 1350 pestatis
1177 1321 1283 1350 portum
1295 1317 1323 1342 in
1333 1325 1377 1342 ore
1389 1324 1419 1342 ac
1433 1324 1554 1342 sermone
1571 1316 1725 1347 habuerim,
1747 1317 1851 1352 quique

1055 1361 1089 1379 ex
1105 1353 1187 1379 buius
1210 1354 1280 1379 vitae
1294 1352 1419 1388 procellis
1440 1354 1535 1380 mortis
1556 1353 1686 1380 beneficio
1705 1354 1851 1389 aliquando

1055 1390 1146 1426 egredi
1165 1391 1323 1425 saepissime
1343 1391 1559 1426 concupiverim,
1583 1390 1650 1417 nihil
1673 1391 1801 1417 libentius
1819 1399 1850 1418 ac

1056 1428 1202 1454 iucundius
1214 1429 1348 1455 mentione
1361 1437 1391 1455 ac
1402 1429 1510 1455 nomine
1521 1429 1614 1454 mortis
1625 1428 1732 1455 accidit.
1763 1430 1851 1463 Atque

1055 1466 1082 1491 in
1099 1466 1133 1491 iis
1148 1467 1228 1492 etiam
1243 1471 1380 1500 praestans
1392 1465 1525 1500 planeque
1535 1465 1722 1492 admirandum
1738 1466 1850 1492 deorum

1055 1511 1155 1529 munus
1167 1504 1330 1539 agnoscitur.
1355 1504 1441 1530 Bonos
1452 1503 1534 1533 enim,
1547 1508 1573 1529 et
1583 1503 1694 1538 quidem
1706 1503 1847 1538 plurimos,

1056 1549 1106 1567 non
1119 1540 1198 1567 modo
1209 1550 1270 1567 cum
1283 1542 1382 1576 exiguo
1393 1540 1496 1570 dolore,
1511 1545 1539 1566 ut
1549 1545 1639 1575 optare
1652 1540 1774 1567 homines
1788 1540 1850 1567 vul-

1054 1586 1088 1614 go
1097 1578 1197 1608 solent,
1211 1578 1258 1604 sed
1269 1579 1357 1605 omnis
1369 1578 1448 1613 plane
1459 1577 1558 1605 doloris
1569 1583 1691 1612 expertes
1702 1587 1736 1605 ex
1748 1578 1797 1604 hac
1807 1578 1850 1604 vi-

1055 1621 1078 1641 ta
1091 1624 1212 1650 egressos
1227 1617 1286 1642 sine
1297 1615 1351 1642 ulla
1363 1615 1530 1642 dubitatione
1542 1616 1668 1650 reperias.

1110 1653 1166 1679 XL.
1191 1654 1246 1679 ⁴37.
1268 1653 1309 1680 Ex
1320 1653 1421 1688 quibus
1432 1653 1463 1685 Q.
1477 1652 1590 1682 Fabius,
1606 1651 1774 1679 consulatum
1786 1651 1850 1679 ade-

1054 1695 1125 1725 ptus,
1139 1699 1224 1725 quum
1237 1691 1264 1716 in
1275 1692 1349 1717 curia
1361 1695 1560 1725 praetereuntes
1571 1689 1707 1720 salutaret,
1720 1689 1788 1716 nihil
1800 1689 1850 1716 do-

1055 1728 1125 1758 lens,
1144 1727 1212 1754 nibil
1229 1727 1334 1754 molesti
1351 1728 1484 1757 sentiens,
1501 1728 1584 1753 immo
1595 1726 1672 1762 plane
1683 1727 1819 1762 gaudens,
1834 1735 1850 1753 e

1054 1766 1107 1791 vita
1121 1764 1256 1791 discessit.
1278 1766 1364 1799 Atque
1376 1765 1446 1790 idem
1459 1765 1571 1799 contigit
1581 1765 1612 1790 Α.
1621 1764 1754 1799 Pompeio.
1763 1773 1848 1799 quum

1055 1803 1081 1828 in
1094 1801 1158 1828 aede
1169 1801 1386 1836 lovisCapitolini
1398 1810 1470 1828 sacra
1483 1801 1597 1831 fecisset.
1606 1801 1849 1836 itemqueThalnae

1053 1839 1171 1866 consuli.
1188 1839 1242 1865 diis
1257 1839 1454 1865 immortalibus
1465 1838 1639 1873 supplicanti.
1679 1838 1751 1870 Quid
1763 1839 1849 1865 hosin

1054 1877 1111 1911 ipso
1132 1877 1225 1902 mortis
1245 1876 1357 1902 articulo
1371 1876 1471 1902 doloris
1487 1881 1610 1910 expertos
1625 1876 1778 1905 existimes,
1800 1876 1849 1911 qui

1053 1913 1144 1948 paullo
1155 1919 1214 1939 ante
1227 1913 1287 1940 laeti
1303 1913 1440 1943 vivebant,
1456 1918 1481 1939 et
1495 1914 1521 1939 in
1533 1921 1577 1943 eo,
1590 1922 1644 1948 quo
1655 1913 1847 1943 moriebantur.

1054 1988 1076 2013 le
1088 1987 1224 2014 deerint‘?
1245 1989 1339 2018 Morte,
1353 1989 1474 2023 inquieS,
1490 1988 1612 2022 oppressi
1623 1993 1696 2014 sunt.
1739 1989 1794 2014 ⁴38.
1816 1987 1849 2014 At

1052 2026 1278 2060 sapientissimiet
1288 2026 1383 2060 optimi
1394 2026 1459 2051 viri:
1475 2025 1577 2060 quibus
1589 2030 1698 2051 mortem
1711 2030 1848 2060 tamquam

1054 2062 1144 2088 beatae
1162 2063 1230 2088 vitae
1242 2063 1349 2089 initium
1361 2063 1399 2089 dii
1410 2062 1574 2089 immortales
1587 2062 1676 2098 largiri
1689 2062 1845 2093 voluerum

1052 2108 1133 2134 quam
1145 2108 1176 2126 eo
1187 2099 1298 2126 fortasse
1308 2099 1495 2126 iucundiorem
1510 2100 1578 2134 ipsis
1589 2099 1643 2126 sore
1650 2099 1785 2129 videbant,
1794 2107 1848 2134 quo

1053 2138 1143 2163 minus
1158 2145 1189 2163 eo
1203 2142 1323 2172 tempore
1340 2142 1442 2163 tantum
1458 2137 1521 2163 boni
1535 2141 1756 2172 exspectaverant
1770 2145 1800 2163 ac
1813 2144 1848 2163 ne

1051 2183 1158 2209 sperare
1169 2174 1279 2209 quidem
1291 2179 1422 2209 poterant.
1462 2175 1529 2200 Nam
1544 2182 1629 2209 quum
1645 2183 1716 2200 mors
1727 2182 1741 2200 e
1753 2173 1846 2200 divina

1052 2211 1188 2238 voluntate
1200 2216 1250 2238 tota
1263 2211 1385 2246 pendeat,
1395 2211 1465 2238 haud
1472 2220 1536 2238 sane
1547 2212 1574 2237 in
1587 2212 1704 2238 hominis
1718 2215 1848 2246 potestate

1052 2257 1110 2274 esse
1126 2249 1224 2283 possit,
1245 2257 1300 2284 quo
1319 2249 1492 2284 potissimum
1507 2249 1552 2275 die
1566 2257 1674 2284 quaque
1693 2248 1847 2275 conditione

1052 2287 1119 2312 mori
1133 2286 1206 2312 velit.
1249 2288 1305 2313 ⁴39.
1327 2287 1381 2312 Nec
1393 2295 1486 2313 verum
1497 2291 1550 2315 est,
1566 2286 1638 2322 quod
1649 2285 1748 2312 dicitur
1758 2294 1772 2311 a
1783 2286 1847 2320 qui·

1051 2322 1180 2353 busdam,
1207 2324 1299 2350 mortis
1315 2323 1440 2350 eumdem
1456 2323 1585 2350 omnibus
1601 2323 1758 2349 hominibus
1772 2322 1845 2349 diem

1051 2369 1080 2386 ac
1092 2361 1236 2386 terminum
1248 2360 1381 2387 divinitus
1391 2369 1451 2387 esse
1461 2361 1650 2388 constitutum:
1663 2365 1692 2386 ut
1702 2365 1790 2386 autem
1801 2359 1845 2385 vel

1050 2398 1130 2423 citius
1143 2397 1184 2423 vel
1196 2398 1283 2424 serius
1295 2399 1449 2428 moriamur,
1465 2398 1635 2433 singulorum
1649 2397 1790 2424 hominum
1800 2396 1844 2422 vel

1050 2435 1254 2469 intemperantia
1268 2435 1310 2461 vel
1327 2435 1490 2471 negligentia
1505 2436 1670 2470 contingere.
1710 2434 1791 2464 Nam,
1816 2438 1845 2460 ut

1050 2471 1118 2497 illud
1134 2472 1307 2498 verissimum
1328 2477 1381 2503 est,
1404 2472 1575 2507 praefinitum
1590 2480 1648 2498 esse
1666 2471 1736 2497 vitae
1751 2471 1845 2497 termi—

1050 2517 1114 2534 num
1129 2518 1142 2534 a
1155 2509 1213 2539 deo,
1226 2517 1306 2543 quem
1320 2510 1477 2544 praeterire,
1491 2515 1536 2536 aut
1546 2518 1580 2536 ex
1589 2517 1644 2544 quo
1653 2507 1745 2544 egredi
1757 2509 1844 2534 nemi-

1049 2546 1076 2572 ni
1099 2545 1189 2572 liceat:
1211 2547 1251 2572 sic
1270 2546 1338 2573 illud
1354 2546 1487 2573 affirmare
1502 2555 1581 2573 nemo
1597 2545 1694 2580 possit.
1717 2544 1843 2571 eumdem

1048 2583 1176 2609 omnibus
1187 2583 1335 2618 eademque
1347 2584 1410 2610 bora
1422 2585 1492 2610 vitae
1504 2583 1584 2610 finem
1595 2581 1762 2616 impendere.

1103 2620 1171 2646 XLI.
1190 2621 1245 2646 tto.
1260 2620 1336 2652 Quod
1348 2621 1371 2646 si
1382 2629 1597 2656 agnosceremus,
1607 2618 1675 2645 nihil
1685 2627 1749 2645 sane
1761 2624 1840 2647 esset.

1047 2665 1096 2683 cur
1106 2657 1209 2683 homini
1220 2657 1390 2692 prudentiam
1399 2678 1405 2688 .
1423 2658 1640 2692 temperantiam,
1656 2656 1782 2691 pietatem
1793 2656 1842 2682 tri-

1047 2693 1203 2720 bueremus.
1237 2694 1310 2726 Quae
1320 2703 1414 2721 omnes
1424 2694 1502 2721 olane
1513 2695 1639 2725 virtutes.
1652 2693 1676 2720 si
1688 2693 1737 2720 hoc
1747 2701 1842 2720 conse·
