1941 3052
218 156 266 182 558
792 155 834 180 50.
870 154 903 180 M.

216 226 266 253 (leo
276 226 308 253 ad
321 226 479 261 praeclaram
493 225 564 251 illam
576 233 728 251 concionem
741 229 824 251 tuam.
855 225 894 251 Tu
909 233 937 250 eu
950 224 1004 255 ille,

216 265 258 290 cui
270 264 412 290 crudelitato
423 263 564 297 displicet?
583 263 638 296 qui,
652 270 736 296 quum
749 267 856 288 senatus
870 262 969 288 luctum
977 271 1006 288 ac

216 300 332 327 dolorem
345 309 424 326 suum
439 301 519 325 vestis
532 300 675 324 mutatione
686 299 873 325 declarandum
885 300 1007 325 censuis-

216 343 267 366 set,
281 347 366 372 quum
385 337 487 363 videres
504 345 619 361 maerere
637 336 830 370 rempublicam
847 336 1006 370 mnptiusimi

216 375 316 400 ordinis
334 374 418 403 liu-tu,
436 382 451 399 o
463 378 549 399 noster
566 373 729 399 misericors!
751 373 817 408 quid
831 373 912 399 tucis?
931 373 1006 405 Quod

217 412 288 438 nulla
308 412 332 437 in
351 411 469 436 barbaria
481 410 625 444 quisquam
643 415 780 445 tyrannus.
821 411 921 437 Omitto
936 411 1006 436 enim

216 448 292 476 illud,
305 448 441 473 consulem
453 447 564 477 edicere,
575 452 603 472 ut
613 452 722 473 senatus
733 448 963 474 senatusconsulto
975 456 1007 474 ne

215 486 390 518 obtemperet,
414 493 467 519 quo
484 483 587 510 foedius
604 493 652 510 nec
668 485 723 511 lieri
740 494 787 511 nec
802 485 911 520 cogitari
927 485 1008 519 quid-

215 531 294 556 quam
308 526 400 556 potest.
424 521 463 548 Ad
479 521 687 548 misericordiam
700 522 778 548 redeo
791 523 858 552 eius,
871 523 914 548 cui
928 523 1007 548 nimia

217 559 320 585 videtur
335 563 443 584 senatus
460 559 486 584 in
497 558 677 585 conservanda
689 559 772 594 patria
785 559 868 585 fuisse
879 559 1005 586 crudelis.

216 598 255 622 ⁴8.
274 596 383 622 Edicere
399 600 439 622 est
454 604 537 621 ausus
553 604 613 622 cum
631 596 676 622 illo
687 605 736 622 suo
747 597 812 631 pari,
825 605 906 631 quem
919 602 1007 623 tamen

214 633 339 659 omnibus
357 633 428 659 vitiis
443 641 569 667 superare
584 633 722 668 cupiebat,
737 639 765 660 ut
775 639 894 664 senatus,
906 639 1005 664 contra,

213 679 294 704 quam
310 671 368 704 ipse
379 671 536 701 censuisset,
550 670 582 696 ad
595 671 721 697 vestitum
734 671 840 698 rediret.
880 672 946 704 Quis
959 671 1007 697 hoc

216 707 276 733 fecit
292 707 344 733 ulla
357 707 383 733 in
400 707 509 743 Scythia
525 712 662 743 tyrannim,
678 713 706 734 ut
717 717 771 739 eos,
784 717 852 743 quos
865 708 937 735 luctu
950 708 1008 734 afli-

213 749 296 775 ccret,
311 744 401 779 lugere
413 754 464 771 non
476 744 592 771 sineret?
612 745 755 772 Maerorem
769 746 912 781 relinquis:
937 754 1008 772 mae-

214 782 280 808 roris
291 781 380 808 aul'ers
392 782 518 817 insignia.
558 782 648 817 Eripis
661 782 790 813 lacrimas,
805 792 856 809 non
868 783 1008 809 consolan-

213 818 256 850 do,
269 819 316 845 sed
329 819 463 846 minando.
502 818 578 851 Quod
589 820 612 845 si
626 825 725 846 vestem
738 829 788 846 non
802 820 909 854 publico
919 821 1007 847 consi-

214 855 263 886 lio,
282 861 369 890 patres
385 857 542 891 conscripti,
558 857 605 883 sed
623 857 726 891 privato
736 857 832 888 officio,
846 863 890 884 aut
901 858 1008 884 miseri-

213 893 300 920 cordia
317 894 502 924 mutavissent,
517 898 613 925 tamen,
628 894 654 920 id
669 895 702 920 iis
717 903 767 921 non
781 894 858 921 licere
871 904 916 929 per
927 896 1008 921 inter·
1028 906 1029 910 ¹

213 930 282 957 dicta
303 931 468 958 crudelitatis
485 936 558 962 tuae,
577 933 714 966 potestatis
730 937 785 958 erat
800 941 851 959 non
869 932 1005 958 ferendae:

211 965 298 1003 'quum
309 968 408 994 veroid
420 973 528 995 senatus
540 968 666 1004 frequens
677 970 836 1000 censuisset,
849 970 955 996 ordines
967 978 1008 995 reL
1028 993 1030 1001 ,

215 1005 280 1040 liqui
303 1006 354 1032 iam
375 1010 435 1031 ante
457 1005 596 1037 fecissent;
620 1011 657 1035 tu.
681 1015 713 1033 ex
730 1007 892 1033 tenebricosa
910 1008 1006 1041 popina

213 1042 306 1069 consul
327 1047 474 1073 extractus,
491 1052 553 1069 cum
570 1043 614 1069 illa
629 1043 761 1070 saltatrice
777 1049 864 1075 tonsa,
883 1050 1006 1070 senatum

213 1079 306 1114 populi
327 1080 437 1106 Romani
458 1089 581 1107 occasum
597 1085 676 1115 atque
692 1082 828 1107 interitum
845 1082 1007 1116 reipublicae

215 1117 304 1153 lugere
317 1118 434 1144 vetuisti.
457 1117 503 1144 tx.
517 1118 699 1152 Atquaerebat
709 1119 789 1144 etiam
803 1119 892 1153 paullo
903 1124 963 1145 ante
974 1119 1007 1145 de

213 1163 264 1185 me,
277 1155 344 1189 quid
355 1163 404 1181 suo
415 1155 480 1180 mihi
492 1163 560 1189 opus
573 1155 668 1181 fuisset
678 1156 792 1182 auxilio:
814 1165 862 1182 cur
873 1165 924 1183 non
940 1157 1006 1182 meis

213 1192 344 1223 inimicis,
367 1192 434 1218 meis
454 1193 538 1226 copiis
560 1193 728 1219 restitissem.
768 1193 849 1225 Quasi
872 1202 934 1220 vero
955 1202 1007 1220 non

213 1229 291 1255 modo
302 1238 358 1265 ego,
372 1230 418 1264 qui
431 1229 523 1255 multis
535 1238 613 1264 saepe
624 1230 725 1256 auxilio
737 1229 859 1262 fuissem,
873 1231 919 1257 sed
930 1231 1007 1266 quis-

212 1275 293 1301 quam
315 1271 366 1292 tam
383 1267 460 1301 inops
477 1266 556 1293 fuerit
572 1275 715 1302 umquam,
732 1268 789 1302 qui,
802 1268 852 1294 isto
865 1277 915 1294 non
928 1268 1007 1295 modo

213 1308 420 1339 propugnatore,
443 1304 565 1330 tutiorem
581 1313 622 1335 se,
640 1304 688 1331 sed
703 1304 830 1331 advocato
844 1310 890 1331 aut
904 1307 1007 1340 astipu-

213 1341 301 1371 latore,
316 1342 472 1375 paratiorem
484 1341 538 1367 fore
550 1346 663 1376 putaret.
688 1342 791 1377 l9.Ego
802 1343 881 1368 istius
895 1343 1006 1377 pecudis

211 1386 241 1404 ac
253 1378 360 1412 putidae
371 1379 458 1404 carnis
469 1378 580 1405 consilio
592 1379 693 1405 scilicet
704 1380 888 1414 autpraesidio
900 1381 947 1406 niti
960 1389 1006 1406 vo-

213 1414 317 1441 lebam‘?
341 1415 374 1441 ab
396 1415 444 1442 hoc
464 1417 546 1442 eiecto
566 1416 693 1442 cadavere
714 1417 861 1451 quidquam
879 1418 946 1443 mihi
961 1422 1007 1443 aut

211 1453 284 1487 opis,
307 1457 352 1479 aut
366 1453 512 1479 ornamenti
528 1453 704 1488 expetebam?
724 1454 868 1481 Consulem
885 1463 934 1490 ego
949 1459 1005 1481 tum

212 1490 393 1525 requirebam,
411 1490 562 1521 consulem,
581 1491 705 1526 inquam,
723 1500 774 1518 non
790 1492 867 1518 illum
883 1492 1003 1527 quidem,

210 1536 290 1561 quem
307 1527 333 1553 in
351 1527 399 1554 hoc
415 1527 503 1554 maiali
518 1528 639 1554 invenire
655 1537 707 1555 non
719 1537 834 1563 possem,
847 1530 895 1564 qui
908 1534 1005 1556 tantam

211 1564 373 1598 reipublicae
384 1573 506 1591 caussam
518 1566 647 1600 gravitate
657 1570 683 1592 et
693 1566 806 1592 consilio
816 1575 866 1593 suo
876 1571 1003 1597 tueretur,

210 1601 257 1627 sed
277 1603 337 1636 qui,
362 1606 497 1637 tamquam
514 1607 626 1629 truncus
642 1608 721 1638 atque
736 1605 832 1638 stipes,
851 1605 874 1630 si
889 1605 1006 1630 stetisset

211 1638 302 1670 modo,
329 1644 419 1674 posset
442 1640 575 1666 sustinere
601 1645 688 1666 tamen
709 1640 817 1667 titulum
838 1641 1003 1667 consulatus.

210 1675 299 1708 Quum
315 1677 386 1702 enim
401 1681 471 1703 esset
485 1677 573 1703 omnis
588 1685 682 1703 caussa
694 1677 738 1704 illa
751 1686 809 1704 mea
819 1677 968 1705 consularis
979 1683 1005 1704 et

210 1714 350 1744 senatoria,
363 1714 464 1740 auxilio
475 1714 542 1740 mihi
551 1723 620 1749 opus
631 1714 716 1740 fuerat
727 1719 752 1741 et
763 1715 881 1742 consulis
892 1720 917 1741 et
928 1723 1006 1741 sena-

211 1754 268 1776 tus:
290 1759 405 1784 quorum
421 1751 533 1777 alterum
549 1752 629 1777 etiam
644 1751 677 1778 ad
692 1753 836 1787 perniciem
850 1761 934 1778 meam
951 1757 1005 1778 erat

211 1795 225 1813 a
246 1787 323 1813 vobis
343 1788 500 1814 consulibus
515 1797 688 1820 conversum,
712 1789 824 1815 alterum
841 1789 1004 1824 reipublicae

211 1825 318 1859 penitus
343 1830 474 1860 ereptum.
513 1825 650 1856 Attamen,
675 1826 699 1852 si
719 1826 862 1853 consilium
883 1827 1004 1861 exquiris

210 1870 315 1892 meum,
329 1870 415 1896 neque
426 1870 475 1898 ego
487 1863 721 1893 cessissem,etme
731 1864 789 1898 ipsa
801 1872 849 1890 suo
861 1864 1003 1898 complexu

210 1899 294 1933 patria
310 1900 451 1930 tenuisset,
465 1900 487 1926 si
499 1900 566 1926 mihi
579 1908 640 1926 cum
654 1900 700 1927 illo
710 1900 848 1927 bustuario
858 1901 1003 1937 gladiatore

210 1941 235 1962 et
259 1941 347 1963 tecum
368 1941 393 1962 et
417 1945 478 1963 cum
499 1936 599 1972 collega
620 1942 666 1963 tuo
686 1937 876 1964 decertandum
898 1938 1002 1964 fuisset.

209 1974 251 1999 20.
268 1973 326 1999 Alia
342 1974 412 2000 enim
429 1982 523 2000 caussa
539 1975 761 2009 praestantissimi
774 1976 833 2006 viri,
847 1975 878 2008 Q.
891 1975 1000 2007 Metelli,

210 2009 274 2036 fuit:
296 2019 376 2045 quem
393 2019 441 2047 ego
451 2012 547 2042 civem,
561 2020 620 2037 meo
631 2011 743 2043 iudicio,
757 2021 818 2038 cum
829 2012 940 2039 deorum
952 2014 1004 2039 im-

210 2047 363 2074 mortalium
380 2047 457 2074 laude
473 2049 619 2084 coniungo:
642 2049 690 2084 qui
706 2049 735 2076 C.
753 2049 792 2076 illi
804 2050 899 2081 Mario,
914 2050 1004 2076 fortis-

209 2085 278 2111 simo
290 2085 346 2112 vii-o
357 2089 382 2111 et
393 2086 499 2112 consuli
510 2090 535 2112 et
548 2090 655 2112 sextum
666 2086 780 2117 consuli,
789 2091 815 2113 et
825 2088 883 2113 eius
895 2088 1003 2113 invictis

210 2121 370 2158 legionibus,
384 2131 416 2148 ne
427 2123 508 2149 armis
519 2122 680 2158 confligeret,
688 2124 837 2151 cedendum
850 2133 908 2151 esse
914 2125 1001 2151 duxit.

208 2158 285 2191 Quod
301 2160 367 2186 mihi
382 2160 464 2195 igitur
479 2165 612 2186 certamen
623 2166 693 2187 esset
705 2161 880 2188 huiusmodi?
898 2171 959 2188 cum
972 2162 1001 2189 C.

209 2197 291 2223 Mario
302 2197 412 2228 scilicet,
425 2202 471 2223 aut
481 2206 542 2224 cum
549 2197 640 2232 aliquo
650 2199 717 2233 pari,
726 2207 758 2225 an
770 2207 833 2225 cum
843 2199 933 2230 altero,
942 2199 1003 2225 bar-

208 2233 272 2260 baro
282 2234 422 2269 Epicureo,
433 2243 494 2261 cum
506 2234 596 2266 altero,
609 2235 737 2262 Catilinae
749 2235 925 2263 lanternario?
934 2245 1002 2272 quos

208 2279 295 2306 neque
311 2271 418 2298 hercule
433 2280 495 2308 ego,
513 2281 600 2307 neque
614 2272 789 2307 supercilium
807 2278 897 2305 tuum,
915 2283 1002 2309 neque

208 2308 324 2344 collegae
334 2309 374 2335 tui
385 2309 506 2345 cymbala
518 2318 547 2335 ac
558 2309 654 2336 crotala
667 2309 737 2346 fugi:
754 2319 842 2346 neque
853 2315 906 2338 tam
919 2311 957 2338 fui
969 2312 1003 2337 ti-

208 2345 307 2377 midus,
331 2351 369 2377 ut,
391 2347 438 2381 qui
458 2347 486 2373 in
501 2348 627 2373 maximis
647 2347 803 2374 turbinibus
827 2357 856 2375 ac
876 2347 1002 2375 fluctibus

208 2382 370 2417 reipublicae
387 2392 480 2410 navem
495 2384 702 2420 gubernassem,
719 2385 876 2420 salvamque
886 2386 913 2412 in
924 2391 1002 2420 portu

208 2419 392 2451 collocassem,
413 2420 504 2447 frontis
520 2426 580 2447 tuae
595 2421 766 2453 nubeculam,
779 2427 823 2449 aut
834 2422 951 2458 collegae
962 2423 1001 2449 tui

208 2458 415 2484 contaminatum
428 2459 553 2493 spiritum
565 2459 791 2493 pertimescerem.
814 2461 856 2486 21.
868 2459 942 2487 Alios
952 2468 1002 2496 ego

208 2493 264 2518 vidi
277 2499 382 2520 ventos:
404 2495 470 2521 alias
481 2496 606 2530 prospexi
617 2497 706 2522 animo
716 2496 860 2530 procellas:
877 2497 938 2523 aliis
950 2497 1002 2523 im-

208 2529 387 2563 pendentibus
406 2533 610 2567 tempestatibus
625 2542 678 2559 non
693 2534 776 2563 cessi,
793 2533 841 2559 sed
857 2534 900 2560 his
915 2542 1000 2560 unum

209 2574 251 2592 me
267 2575 314 2601 pro
328 2569 447 2595 omnium
463 2569 548 2596 salute
563 2570 659 2596 obtuli.
699 2570 790 2604 Itaque
805 2570 926 2597 discessu
943 2576 1000 2597 tum

210 2611 269 2629 meo
278 2611 370 2630 omnes
382 2605 421 2631 illi
429 2605 521 2632 nefarii
532 2606 656 2641 gladiide
667 2607 793 2633 manibus
803 2607 1000 2635 crudelissimis

208 2639 377 2667 exciderunt:
392 2643 592 2677 quumquidem
605 2648 666 2675 tu,o
677 2652 768 2670 vecors
775 2648 906 2676 etamens,
915 2653 1000 2680 quum

208 2685 301 2703 omnes
320 2677 383 2704 boni
404 2679 484 2706 abditi
502 2680 653 2716 inclusique
668 2686 828 2713 maererent,
846 2682 944 2717 templa
954 2691 1001 2718 ge-

1035 757 1037 766 ·
1059 751 1141 772 rotam
1157 747 1369 781 pertimescebat.

1036 1147 1037 1150 ,
1059 1124 1083 1145 te
1094 1119 1212 1150 consule,
1225 1128 1284 1145 esse
1295 1120 1414 1146 voluisti.

938 154 967 180 T.
998 154 1273 181 ClCERONlS

1059 230 1173 255 merent,
1191 230 1256 252 tecta
1273 226 1329 260 ipsa
1346 226 1423 253 Urbis
1434 226 1562 262 lugerent,
1575 227 1733 263 complexus
1744 236 1772 254 ea
1784 228 1853 256 illud

1059 262 1195 289 funestum
1211 263 1318 294 animal,
1335 272 1368 290 ex
1379 263 1487 291 nefariis
1497 266 1606 300 stupris.
1620 274 1653 292 ex
1662 266 1736 292 civili
1747 274 1851 297 cruore,

1058 308 1090 325 ex
1105 300 1226 326 omnium
1243 300 1372 326 scelerum
1386 302 1583 336 importunitate
1593 307 1619 328 et
1629 301 1789 337 flagitiorum
1802 303 1854 330 im·

1060 337 1177 371 punitate
1191 342 1354 368 concretum,
1367 342 1445 372 atque
1456 339 1547 365 eodem
1560 340 1586 365 in
1599 340 1710 374 templo,
1723 340 1816 366 eodem
1828 345 1854 367 et

1061 374 1108 399 loci
1127 374 1238 409 vestigio
1252 379 1277 400 et
1293 375 1433 409 temporis,
1447 376 1553 402 arbitria
1566 385 1617 403 non
1629 378 1680 403 mei
1692 377 1790 405 solum.
1805 376 1854 404 sed

1060 411 1158 445 patriae
1179 411 1281 437 funeris
1301 412 1446 438 abstulisti.
1478 413 1511 438 X.
1534 415 1575 439 22.
1595 413 1665 445 Quid
1681 423 1730 449 ego
1746 415 1853 441 illorum

1059 449 1162 474 dierum
1179 448 1285 483 epulas,
1302 450 1368 484 quid
1382 449 1506 476 laetitiam
1518 455 1543 476 et
1553 450 1755 483 gratulationem
1769 456 1851 482 tuam.

1058 485 1123 519 quid
1145 494 1205 512 cum
1224 486 1276 512 tuis
1291 486 1486 513 sordidissimis
1495 488 1623 523 gregibus
1638 489 1854 523 intemperantia-

1059 524 1140 548 simas
1162 523 1356 557 perpotationes
1377 524 1545 558 praedicem?
1563 524 1630 556 Quia
1647 529 1670 551 te
1687 525 1741 551 itti·
1756 525 1853 552 diebus

1058 560 1192 590 sobrium,
1210 562 1272 594 quis
1288 565 1409 595 agentem
1423 561 1540 596 aliquid,
1553 561 1625 596 quod
1636 567 1706 588 esset
1719 562 1801 589 libem
1810 563 1854 589 di-

1058 606 1155 631 gnum,
1174 598 1237 632 quis
1251 597 1369 632 denique
1380 599 1406 624 in
1419 598 1526 633 publico
1539 599 1623 625 vidit?
1641 608 1726 634 quum
1737 599 1853 635 collegae

1059 635 1097 660 tui
1108 634 1204 660 domus
1215 639 1294 661 cantu
1306 636 1467 670 eteymbalis
1474 641 1784 672 personaret,quumque
1795 637 1854 672 ipse

1059 671 1149 698 nudus
1171 672 1197 698 in
1217 672 1341 698 convivio
1356 672 1475 699 saltaret:
1499 674 1526 700 in
1541 682 1595 708 quo
1611 682 1643 700 ne
1659 678 1715 700 tum
1730 673 1851 709 quidem,

1058 717 1143 743 quum
1157 709 1232 735 illurn
1239 718 1319 736 suum
1326 709 1490 737 saltatorium
1499 717 1614 737 versaret
1624 711 1724 742 orbem,
1734 710 1854 738 fortunae

1410 747 1456 774 llic
1471 753 1559 774 autem
1576 757 1627 774 non
1643 752 1695 774 tam
1707 749 1854 775 concinnus

1060 783 1152 813 heluo,
1175 792 1223 810 nec
1243 789 1295 810 tani
1317 785 1451 815 musicus,
1470 785 1571 811 iacebat
1587 786 1612 812 in
1627 794 1677 812 suo
1692 786 1852 812 Graecorum

1059 820 1156 847 foetore
1171 826 1250 856 atque
1267 822 1338 848 vino.
1378 821 1454 854 Quod
1473 822 1582 857 quidem
1595 823 1684 853 istius,
1697 823 1723 849 in
1736 822 1791 849 illis
1802 822 1854 849 rei·

1028 859 1037 886 ἶῚ
1060 858 1182 892 publicae
1197 858 1323 889 luctibus.
1337 860 1413 894 quasi
1426 859 1534 894 aliquod
1546 859 1718 895 Lapitharum
1730 864 1775 886 aut
1785 860 1853 887 Cen-

1060 901 1194 922 taurorum
1209 897 1364 922 convivium
1382 896 1528 923 ferebatur:
1551 897 1578 923 in
1593 905 1656 932 quo,
1675 905 1752 924 nemo
1768 901 1854 932 potest

1059 933 1159 963 dicere,
1178 938 1267 959 utrum
1284 934 1333 959 iste
1350 933 1412 968 plus
1428 934 1537 965 biberit,
1555 943 1588 960 an
1601 935 1731 960 vomuerit
1742 943 1774 961 an
1786 934 1854 960 effu-

1058 970 1133 996 derit.
1165 972 1206 997 23.
1224 970 1298 997 Tune
1317 972 1397 997 etiam
1419 972 1580 998 mentionem
1603 971 1683 998 facies
1696 971 1853 998 consulatus

1059 1007 1115 1033 tui?
1134 1012 1180 1033 aut
1201 1012 1224 1033 te
1246 1007 1329 1034 fuisse
1350 1008 1446 1034 Romae
1465 1008 1603 1035 consulem
1618 1008 1706 1035 dicere
1724 1007 1855 1035 audebis?

1058 1044 1147 1076 Quid?
1166 1049 1194 1071 tu
1213 1045 1240 1071 in
1257 1045 1407 1076 lictoribuS,
1426 1046 1452 1072 in
1469 1051 1527 1081 toga
1539 1050 1564 1072 et
1576 1051 1707 1080 praetexta
1718 1054 1778 1072 esse
1790 1054 1854 1072 con-

1058 1081 1175 1108 sulatum
1190 1082 1285 1116 putas?
1303 1091 1372 1117 quae
1383 1088 1537 1109 ornamenta
1548 1084 1627 1109 etiam
1640 1084 1666 1109 in
1678 1083 1740 1110 Sex.
1749 1083 1851 1114 Clodio,

1455 1120 1519 1146 ‘llis
1531 1125 1558 1146 tu
1571 1120 1690 1148 Clodiani
1702 1121 1775 1147 canis
1786 1120 1854 1147 insi-

1057 1156 1157 1191 gnibus
1173 1156 1342 1183 consulatum
1353 1157 1481 1184 declarari
1493 1157 1588 1192 putas?
1606 1158 1703 1184 Animo
1713 1157 1852 1184 consulem

1058 1202 1116 1220 esse
1128 1198 1242 1228 oportet,
1256 1194 1377 1225 consilio,
1391 1194 1450 1225 fide.
1464 1196 1602 1230 gravitate,
1617 1194 1764 1230 vigilantia,
1777 1203 1851 1225 cura,

1059 1235 1111 1258 toto
1125 1231 1242 1266 denique
1258 1239 1368 1257 munere
1383 1231 1538 1258 consulatus
1553 1232 1626 1259 omni
1645 1231 1732 1258 oflicio
1743 1231 1850 1262 tuendo,

1058 1269 1237 1303 maximeque,
1250 1268 1277 1294 id
1287 1269 1360 1303 quod
1372 1269 1413 1294 vis
1426 1270 1542 1295 nominis
1550 1269 1714 1304 praescribit,
1723 1269 1854 1304 reipubli-

1057 1314 1102 1331 cae
1112 1305 1286 1332 consulendo.
1313 1306 1368 1340 Ego
1379 1306 1517 1332 consulem
1528 1315 1587 1332 esse
1601 1311 1703 1341 putem,
1716 1307 1764 1341 qui
1774 1314 1854 1333 sena-

1058 1348 1115 1369 tum
1131 1351 1190 1369 esse
1202 1343 1228 1369 in
1239 1343 1375 1378 republica
1387 1352 1438 1370 non
1451 1343 1572 1378 putavit?
1594 1348 1619 1370 et
1629 1344 1688 1370 sine
1698 1352 1730 1370 eo
1739 1343 1853 1370 consilio

1057 1379 1195 1406 consulem
1207 1389 1356 1411 numerem,
1369 1381 1428 1407 sine
1437 1381 1596 1415 quoRomae
1607 1389 1640 1408 ne
1654 1389 1730 1417 reges
1739 1381 1852 1416 quidem

1057 1426 1116 1444 esse
1127 1417 1288 1452 potuerunt?
1303 1418 1408 1444 Etenim
1420 1418 1464 1444 illa
1476 1419 1529 1445 iam
1539 1419 1647 1445 omitto:
1663 1427 1750 1453 quum
1761 1427 1853 1445 servo-

1058 1464 1117 1481 rum
1138 1455 1257 1481 delectus
1279 1455 1420 1482 haberetur
1441 1456 1467 1482 in
1488 1455 1557 1487 foro;
1579 1464 1651 1482 arma
1672 1456 1700 1482 in
1721 1455 1852 1491 templum

1057 1492 1172 1519 Castoris
1185 1492 1243 1518 luce
1254 1497 1280 1518 et
1291 1492 1377 1527 palam
1389 1498 1628 1528 comportarentur3
1646 1492 1674 1519 id
1685 1498 1773 1519 autem
1785 1498 1854 1520 tem-

1058 1530 1142 1564 plum,
1156 1529 1262 1556 sublato
1273 1530 1356 1560 aditu,
1365 1530 1625 1566 revulsisgradibuS.
1634 1530 1853 1557 aconiuratorum

1057 1567 1180 1602 reliquiis
1200 1571 1280 1602 atque
1299 1576 1313 1593 a
1335 1566 1463 1594 Catilinae
1483 1569 1690 1602 praevaricatore
1703 1567 1850 1602 quondam.

1057 1609 1114 1630 tum
1136 1603 1233 1635 ultore,
1255 1605 1336 1630 armis
1353 1609 1498 1631 teneretur:
1520 1614 1606 1640 quum
1621 1605 1726 1640 equites
1740 1605 1852 1631 Romani

1057 1641 1251 1676 relegarentur,
1268 1641 1317 1668 viri
1338 1641 1400 1668 boni
1422 1641 1559 1677 lapidibus
1578 1651 1593 1668 e
1607 1641 1664 1668 foro
1678 1641 1850 1676 pellerentur,

1056 1679 1161 1704 senatui
1177 1687 1228 1704 non
1239 1677 1326 1705 solum
1339 1679 1430 1705 iuvare
1442 1679 1645 1713 rempublicam,
1657 1679 1705 1705 sed
1717 1687 1749 1705 ne
1759 1678 1852 1715 lugere

1056 1715 1165 1750 quidem
1178 1715 1281 1741 liceret:
1307 1724 1392 1750 quum
1403 1716 1470 1742 civis
1483 1717 1514 1746 is,
1527 1724 1609 1751 quem
1621 1716 1664 1742 hic
1673 1715 1746 1747 ordo,
1758 1724 1852 1743 assen-

1057 1754 1137 1779 tiente
1155 1752 1228 1778 ltalia
1243 1753 1401 1787 cunctisque
1416 1753 1558 1788 gentibus,
1575 1757 1788 1780 conservatorem
1802 1761 1852 1788 pa-

1056 1790 1120 1816 triae
1136 1789 1279 1820 iudicarat.
1297 1789 1372 1816 nullo
1386 1790 1498 1821 iudicio,
1516 1790 1590 1816 nulla
1601 1790 1667 1826 lege,
1679 1790 1756 1817 nullo
1766 1799 1848 1822 more,

1055 1827 1165 1853 servitio
1175 1831 1254 1862 atque
1265 1827 1346 1853 armis
1361 1826 1513 1861 pelleretur,
1527 1836 1578 1854 non
1588 1827 1676 1854 dicam
1689 1827 1792 1854 auxilio
1802 1836 1850 1854 ve-

1055 1869 1119 1894 stro,
1141 1863 1214 1899 quod
1234 1872 1296 1890 vere
1317 1863 1377 1890 licet
1389 1863 1490 1895 dicere,
1508 1864 1556 1891 sed
1570 1869 1640 1891 certe
1650 1865 1770 1891 silentio:
1792 1869 1851 1891 tum

1055 1902 1153 1928 Romae
1164 1901 1248 1927 fuisse
1258 1900 1535 1937 consulesquisquam
1541 1901 1724 1928 existimabit?
1742 1902 1785 1929 2⁴.
1796 1901 1851 1934 Qui

1056 1938 1170 1965 latrones
1185 1939 1282 1974 igitur,
1299 1939 1322 1964 si
1337 1938 1447 1973 quidem
1460 1947 1507 1965 vos
1518 1938 1662 1965 consules?
1680 1939 1728 1974 qui
1739 1938 1852 1974 praedo-

1055 1984 1116 2006 nes,
1133 1976 1181 2011 qui
1197 1976 1302 2006 hostes,
1319 1976 1366 2010 qui
1381 1975 1541 2010 proditores,
1553 1976 1602 2011 qui
1613 1976 1718 2012 tyranni
1729 1977 1852 2003 nomina-

1055 2012 1173 2040 buntur?
1206 2013 1252 2039 Xl.
1274 2013 1401 2048 Magnum
1426 2022 1522 2040 nornen
1543 2018 1596 2045 est,
1618 2022 1714 2049 magna
1734 2014 1848 2049 species,

1055 2059 1151 2086 magna
1170 2049 1302 2086 dignitas,
1319 2059 1418 2086 magna
1436 2051 1562 2077 maiestas
1582 2051 1714 2077 consulis:
1737 2059 1790 2077 non
1804 2059 1851 2077 ca-

1055 2088 1132 2123 piunt
1152 2088 1292 2123 angustiae
1307 2087 1421 2122 pectoris
1437 2088 1489 2118 tui,
1506 2096 1559 2115 non
1575 2088 1668 2122 recipit
1683 2087 1777 2114 levitas
1786 2088 1847 2119 ista,

1054 2134 1106 2152 non
1118 2129 1222 2160 egestas
1233 2125 1329 2157 animi;
1342 2133 1395 2151 non
1406 2124 1546 2152 infirmitas
1557 2125 1787 2161 ingeniisustinet,
1795 2133 1849 2152 non

1053 2162 1196 2189 insolentia
1214 2170 1304 2188 rerum
1319 2161 1497 2189 secundarum
1513 2166 1612 2189 tantam
1628 2171 1782 2197 personam,
1794 2166 1848 2189 tam

1053 2208 1172 2235 gravem,
1186 2204 1239 2226 tam
1251 2207 1382 2226 severam.
1412 2199 1532 2234 Seplasia
1541 2199 1684 2231 mehercle,
1697 2204 1727 2226 ut
1736 2199 1790 2226 dici
1800 2207 1850 2226 au-

1053 2237 1159 2263 diebam
1168 2257 1174 2268 ,
1188 2241 1225 2268 te,
1238 2241 1267 2263 ut
1279 2237 1396 2271 primum
1407 2237 1520 2271 aspexit,
1533 2236 1698 2271 Campanum
1709 2236 1848 2263 consulem

1054 2274 1216 2309 repudiavit.
1255 2273 1383 2300 Audierat
1400 2274 1508 2305 Decios,
1526 2274 1640 2310 Magios,
1658 2273 1732 2300 etde
1747 2273 1849 2300 Taurea

1053 2311 1100 2338 illo
1111 2311 1224 2338 Iubellio
1234 2310 1337 2346 aliquid
1347 2315 1498 2346 acceperat:
1520 2311 1547 2337 in
1556 2311 1658 2345 quibus
1668 2311 1692 2337 si
1703 2310 1850 2337 moderatio

1053 2348 1112 2379 illa,
1125 2357 1195 2383 quae
1206 2349 1233 2375 in
1246 2349 1343 2375 nostris
1354 2348 1421 2375 solet
1431 2357 1491 2375 esse
1500 2347 1671 2378 consulibus,
1685 2356 1738 2374 non
1749 2347 1809 2379 fuit,
1821 2352 1850 2374 at

1053 2385 1105 2412 l'uit
1115 2394 1222 2421 pompa,
1236 2385 1287 2412 fuit
1297 2386 1410 2420 species,
1424 2385 1474 2412 fuit
1484 2385 1605 2412 incessus
1619 2385 1714 2411 saltem
1726 2384 1848 2419 Seplssia

1052 2423 1152 2459 dignus
1167 2427 1194 2449 et
1209 2423 1309 2458 Capua.
1339 2424 1382 2449 25.
1395 2422 1540 2449 Gabinium
1551 2421 1669 2456 denique
1679 2422 1703 2448 si
1714 2421 1849 2449 vidissent

1052 2459 1228 2486 duumvirum
1240 2460 1322 2486 vestri
1333 2459 1374 2486 illi
1385 2459 1563 2495 unguentarii,
1576 2459 1846 2495 eitiusagnovissent.

1052 2497 1134 2524 Erant
1154 2497 1193 2524 illi
1213 2497 1313 2532 compti
1331 2496 1437 2532 capilli,
1458 2501 1485 2522 et
1503 2496 1640 2522 madentes
1659 2497 1845 2523 cincinnorum

1053 2534 1173 2560 fimbriae
1197 2539 1224 2560 et
1247 2533 1358 2561 fluentes
1385 2537 1590 2568 cerussataeque
1614 2533 1726 2564 buccae,
1748 2533 1846 2568 dignae

1053 2571 1152 2606 Capua,
1165 2571 1213 2597 sed
1224 2571 1270 2597 illa
1282 2575 1380 2597 vetere.
1405 2571 1473 2596 Nam
1484 2570 1550 2596 haec
1559 2570 1680 2605 quidem,
1693 2578 1762 2604 quae
1772 2578 1846 2596 nunc

1051 2613 1100 2640 est,
1118 2608 1400 2644 splendidissimorum
1418 2607 1568 2639 hominum,
1585 2607 1792 2634 fortissimorum
1803 2606 1846 2633 vi-

1052 2654 1151 2677 rorum,
1173 2646 1336 2680 optimorum
1355 2645 1456 2671 civium
1477 2644 1599 2680 mihique
1618 2644 1843 2670 amicissimorum

1051 2682 1224 2710 multitudine
1243 2682 1374 2709 redundat
1380 2691 1388 2715 ;
1418 2690 1533 2717 quorum
1554 2681 1660 2717 Capuae
1679 2685 1705 2708 te
1723 2685 1845 2716 praetex-
