1941 3052
388 149 478 177 PRO
510 150 540 177 C.
573 149 781 177 RABIRIO
812 149 1055 177 POSTUMO.

58 232 125 254 ron,
144 229 290 249 uasis-rsa
310 230 454 252 sonirun,
478 229 511 247 ne
526 220 668 254 laboraret;
691 221 770 248 sciret
786 221 853 248 nihil

59 259 92 286 ad
112 268 141 286 se
160 259 306 294 pertinere:
328 259 370 284 sin
392 263 476 289 esset,
499 268 670 289 Qurcuuous
692 268 758 285 νοεῖ
779 268 854 285 asae

58 305 168 328 ascen,
191 296 306 327 videret,
324 304 356 321 ne
371 304 423 330 qua
440 304 507 322 nova
522 296 678 331 quaestione
689 295 853 331 alligaretur.

60 335 100 361 ⁴5.
122 334 200 360 Nunc
220 341 280 364 vos,
303 334 407 367 equites
422 333 547 364 Romani,
564 333 663 360 videte.
703 333 795 364 Scitis,
812 341 855 360 me

58 376 145 398 ortum
166 379 180 397 e
201 371 291 401 vobis,
313 371 402 396 omnia
425 379 533 405 semper
553 371 672 397 sensisse
692 379 740 405 pro
761 371 852 397 vobis:

58 408 125 435 nihil
141 408 237 434 horum
253 408 311 434 sine
323 416 417 443 magna
429 416 492 434 cura
502 412 528 434 et
538 417 644 434 summa
656 408 762 434 caritate
773 408 855 434 vestri

58 445 159 473 ordinis
175 445 279 480 loquor.
321 445 397 471 Alius
412 445 478 471 alios
494 445 616 472 homines
628 449 654 471 et
664 445 784 476 ordines,
807 453 856 481 ego

58 491 106 510 vos
131 491 238 517 semper
261 482 419 517 complexus
443 491 513 509 sum.
555 483 648 509 Moneo
671 488 697 509 et
716 482 854 517 praedico:

58 521 162 556 integra
171 528 199 546 re
209 528 360 555 caussaqne
371 519 515 546 denuntio:
537 528 630 546 omnes
642 520 764 546 homines
776 520 857 546 deos-

58 565 111 592 que
131 562 225 584 testor:
257 557 322 583 dum
344 558 463 592 potestis,
486 556 551 583 dum
569 556 642 588 licet,
660 557 809 591 providete,
824 564 856 582 ne

58 595 193 621 duriorem
205 594 281 621 vobis
292 594 470 621 conditionem
482 595 604 620 statuatis
610 594 751 628 ordinique
758 598 854 624 vestro,

58 641 140 667 quam
157 632 224 658 serre
239 632 333 667 possit.
375 631 468 666 Serpet
483 632 532 658 hoc
548 631 648 657 malum
659 631 737 666 (mihi
747 630 856 666 credite)

60 669 175 705 longius,
188 678 268 704 quam
281 669 390 704 putatis.
422 669 475 695 Vll.
493 670 532 695 ⁴6.
546 669 733 695 Potentissimo
744 673 769 694 et
780 668 857 694 nobi-

60 706 164 733 [issimo
179 707 287 733 tribuno
302 706 402 741 plebis,
416 707 451 733 M.
464 707 558 737 Druso,
572 714 653 732 unam
665 706 693 732 in
704 710 856 741 equestrem

59 744 180 771 ordinem
194 744 378 779 quaestionem
394 743 498 775 ferenti,
515 753 539 770 ει
560 752 627 774 onis
647 752 680 769 01³
700 752 757 770 aaa
779 752 857 769 mnr-

59 790 155 808 οΛτΛΜ
175 790 325 808 pneumam
348 790 498 812 carisssr,
520 785 608 815 aperte
624 780 728 815 equites
744 780 856 807 Romani

60 819 223 846 restiterunt.
264 817 353 850 Quid?
383 818 432 844 hoc
456 817 534 844 licere
559 817 702 844 volebant?
729 818 853 850 Minime,

60 864 146 891 neque
156 855 244 882 solum
256 855 306 882 hoc
316 864 402 891 genus
414 856 542 890 pecuniae
552 855 697 890 capiendae
708 859 795 890 turpe,
808 854 856 881 sed

59 894 139 919 etiam
155 892 287 919 nefarium
303 893 509 919 arbitrabantur.
549 893 672 919 Attamen
688 892 722 919 ita
734 893 858 928 disputa-

59 930 135 961 bant,
149 939 193 957 eos
209 931 292 956 teneri
309 929 415 966 legibus
430 934 564 964 oportere,
577 931 625 965 qui
640 939 690 956 suo
701 930 802 956 iudicio
813 938 857 956 es-

58 967 201 994 sentillam
212 967 391 994 conditionem
403 967 473 994 vitae
483 968 578 994 secuti.
619 967 735 994 Delectat
745 967 857 1002 amplis-

58 1006 145 1031 simus
160 1005 276 1031 civitatis
291 1005 404 1041 gradus,
417 1005 483 1031 sella
499 1004 610 1036 curulis,
624 1004 718 1036 fasces,
733 1005 854 1040 imperia,

58 1042 225 1078 provinciae,
238 1042 392 1074 sacerdotia,
406 1042 546 1077 triumphi,
559 1042 676 1077 denique
688 1043 776 1078 imago
786 1043 854 1078 ipsa,

58 1079 91 1106 ad
102 1080 263 1114 posteritatis
275 1080 429 1106 memoriam
436 1080 548 1115 prodita.
573 1080 613 1106 ⁴7.
625 1080 673 1106 Est
683 1080 765 1106 simul
777 1081 856 1107 etiam

58 1117 210 1144 sollicitudo
221 1117 310 1153 aliqua
321 1117 442 1153 etlegum
453 1117 645 1144 etiudiciorum
657 1119 857 1152 maiorquidam

58 1158 156 1181 metus.
197 1155 250 1181 Nos
265 1155 316 1181 ista
328 1163 476 1190 numquam
488 1156 714 1190 contempsimus:
738 1156 772 1182 ita
784 1156 856 1181 enim

58 1192 245 1227 disputabant:
268 1192 315 1219 sed
337 1192 404 1219 hanc
419 1193 501 1219 vitam
517 1193 635 1227 quietam
651 1197 731 1228 atque
744 1193 856 1220 otiosam

58 1230 145 1256 secuti
164 1238 270 1256 sumus.
310 1229 385 1262 Quae
404 1230 532 1265 quoniam
554 1230 653 1256 honore
668 1235 752 1262 caret,
769 1235 857 1257 careat

58 1267 139 1293 etiam
154 1267 286 1294 molestia.
326 1267 391 1293 Tam
403 1276 432 1293 es
443 1272 471 1293 tu
483 1267 574 1298 iudex,
587 1276 669 1302 quam
680 1276 729 1304 ego
740 1273 855 1294 senator.

58 1304 95 1330 Ita
111 1309 164 1330 est:
187 1304 235 1331 sed
250 1308 279 1330 tu
294 1304 367 1330 istud
384 1305 498 1339 petiisti;
520 1313 570 1340 ego
586 1305 635 1332 hoc
650 1314 739 1341 cogor.
770 1305 857 1338 Quare

59 1346 104 1368 aut
114 1342 197 1368 iudici
209 1342 276 1368 mihi
288 1350 339 1368 non
352 1350 410 1368 esse
419 1342 494 1368 liceat
507 1342 645 1378 autlegem
657 1342 715 1378 lege
726 1343 857 1369 senatoria

59 1387 111 1405 non
123 1380 226 1405 timere.
256 1381 294 1405 ⁴8.
308 1379 361 1405 Hoc
373 1388 429 1411 vos,
443 1380 548 1414 equites
559 1380 680 1411 Romani,
694 1381 738 1406 ius
749 1389 762 1406 a
775 1381 858 1415 patri-

59 1416 110 1443 bus
122 1420 259 1451 acceptum
272 1416 417 1443 amittetis?
437 1417 539 1448 Moneo,
553 1426 585 1443 ne
597 1417 709 1444 faciatis.
741 1418 858 1453 Rapien-

59 1457 102 1480 tur
113 1454 235 1480 homines
246 1454 273 1480 in
281 1454 344 1480 haec
356 1454 454 1480 iudicia
467 1463 500 1481 ex
510 1455 583 1481 omni
594 1464 647 1482 non
658 1455 854 1487 modoinvidia,

58 1491 106 1517 sed
117 1500 240 1518 sermone
251 1491 453 1523 malevolorum,
466 1492 518 1518 nisi
530 1492 639 1518 cavetis.
672 1492 700 1519 Si
712 1493 765 1519 iam
780 1493 857 1520 vobis

58 1529 239 1561 nuntiaretur,
257 1529 284 1555 in
300 1533 394 1555 senatu
409 1530 555 1556 sententias
571 1530 637 1560 dici,
655 1534 685 1556 ut
697 1530 739 1556 his
751 1530 857 1567 legibus

58 1567 230 1593 teneremini:
251 1566 465 1593 concurrendum
486 1566 518 1593 ad
539 1567 641 1593 curiam
657 1569 796 1602 putaretis.
828 1568 857 1595 Si

59 1603 102 1630 lex
123 1603 248 1630 ferretur:
280 1603 456 1630 convolaretis
477 1604 510 1630 ad
536 1608 627 1631 rostra.
675 1605 727 1632 Vos
748 1610 857 1632 senatus

59 1640 157 1667 liberos
173 1641 222 1667 hac
239 1640 296 1676 lege
311 1649 370 1667 esse
383 1641 481 1667 voluit:
506 1641 625 1676 populus
637 1651 785 1677 numquam
797 1643 858 1670 alli-

56 1678 144 1714 gavit:
158 1677 239 1705 soluti
251 1678 305 1704 huc
315 1678 494 1706 convenistis:
514 1688 547 1705 ne
558 1680 854 1712 constrictidiscedatis,

16 1724 17 1749 ;
56 1719 158 1742 cavete.
191 1717 231 1742 ⁴9.
253 1715 333 1747 Nam,
357 1716 380 1742 si
396 1716 523 1743 Postumo
539 1716 626 1743 fraudi
642 1717 735 1749 suerit,
748 1719 796 1753 qui
809 1727 857 1745 nec

16 1775 17 1778 ,
58 1752 192 1784 tribunus,
207 1761 254 1779 nec
265 1753 424 1788 praefectus,
438 1762 486 1780 nec
497 1753 609 1780 exltalia
622 1763 711 1781 comes
724 1755 858 1782 necsami—

16 1796 17 1807 ³
58 1789 131 1816 liaris
138 1790 246 1817 Gabinii
254 1790 317 1817 fuit:
330 1799 448 1826 quonam
460 1800 489 1817 se
501 1791 854 1828 mododefendentposthac,

57 1827 104 1862 qui
124 1828 206 1854 vestri
226 1827 328 1854 ordinis
348 1837 410 1855 cum
427 1829 627 1865 magistratibus
644 1831 742 1857 nostris
758 1830 857 1858 fuerint

17 1894 19 1896 ,
57 1863 100 1891 his
111 1865 216 1891 caussis
227 1865 377 1900 implicati?

112 1902 179 1929 VIII.
200 1903 253 1933 Tu.
270 1903 372 1938 inquit,
391 1903 536 1930 Gabinium
546 1925 552 1936 ,
566 1908 595 1931 ut
606 1912 694 1940 regem
706 1905 853 1938 reduceret,

56 1939 201 1974 impulisti.
243 1940 300 1966 Non
319 1941 419 1975 patitur
430 1949 488 1967 mea
500 1950 542 1967 me
553 1942 605 1968 iam
619 1942 685 1968 [ides
696 1942 729 1969 de
740 1943 856 1971 Gabinio

19 1978 20 1983 ¹
56 1976 166 2012 gravius
183 1985 271 2012 agere.
310 1977 396 2010 Quem
417 1978 488 2004 enim
505 1987 539 2005 ex
553 1979 634 2005 tantis
649 1980 798 2008 inimicitiis
815 1990 856 2008 re-

56 2017 165 2047 ceptum
185 2014 213 2040 in
233 2015 345 2049 gratiam
362 2024 469 2041 summo
484 2016 574 2042 studio
588 2015 769 2049 defenderim,
784 2018 856 2046 hunc

57 2050 186 2077 afflictum
199 2051 297 2078 violare
309 2060 360 2078 non
372 2052 465 2079 debeo.
487 2052 608 2085 Quocum
620 2058 706 2081 stante
717 2055 740 2080 si
751 2063 793 2081 me
806 2056 853 2083 Cn.

56 2087 178 2123 Pompeii
199 2089 340 2116 auctoritas
361 2090 388 2115 in
404 2090 516 2126 gratiam
533 2099 584 2117 non
601 2091 766 2124 reduxisset,
784 2101 856 2120 nunc

56 2125 110 2152 iam
122 2126 210 2160 ipsius
223 2125 327 2152 fortuna
339 2126 485 2153 reduceret.
526 2129 568 2154 20.
593 2128 646 2154 Sed
658 2133 754 2160 tamen,
768 2138 854 2164 quum

56 2162 93 2190 ita
108 2162 189 2194 dicis,
208 2163 328 2190 Postumi
341 2164 461 2199 impulsu
474 2164 619 2191 Gabinium
633 2166 781 2200 profectum
793 2167 856 2194 Ale-

56 2199 195 2227 xandriam
205 2210 210 2226 ι
222 2201 246 2226 si
258 2200 522 2228 defensioniGabinii
531 2202 608 2229 iidem
622 2211 672 2230 non
686 2203 856 2236 babes,0bli-

57 2237 204 2264 viscerisne
216 2238 294 2264 etiam
307 2239 484 2265 accusationis
496 2239 574 2266 tuae?
594 2240 727 2267 Gabinius
738 2250 766 2269 se
779 2242 805 2268 id
817 2242 856 2269 fe-

56 2274 125 2302 cisse
136 2274 242 2302 dicebat
253 2275 416 2310 reipublicae
427 2285 530 2308 caussa,
546 2277 617 2312 quod
629 2278 742 2305 classem
755 2279 856 2307 Arche-

58 2310 92 2338 lai
102 2312 215 2344 timeret,
228 2313 300 2347 quod
314 2321 386 2339 maro
398 2313 524 2340 refertum
537 2314 591 2341 fore
601 2316 764 2350 praedonum
778 2322 855 2352 puta-

22 2347 23 2358 *
52 2353 106 2386 ret.
137 2350 207 2386 Lege
218 2351 298 2377 etiam
310 2351 336 2377 id
348 2351 401 2377 sibi
414 2350 523 2377 licuisse
535 2351 649 2379 dicebat.
675 2353 715 2380 Tu
727 2354 854 2381 inimicus

23 2412 24 2415 ,
57 2393 148 2450 negas.
179 2388 303 2423 Ignosco:
325 2392 351 2414 et
375 2396 406 2414 eo
426 2389 525 2423 magis,
543 2389 615 2424 quod
631 2394 671 2416 est
685 2391 854 2418 contraillud

56 2422 85 2450 iu
106 2424 216 2451 icatum.
256 2425 344 2452 Redeo
360 2426 442 2461 igitur
457 2426 489 2452 ad
505 2427 606 2453 crimen
622 2431 647 2453 et
658 2429 854 2456 accusationem

57 2463 140 2487 tuam.
171 2463 213 2489 2⁴.
230 2461 300 2495 Quid
317 2462 509 2494 vociferabat-e,
526 2463 617 2490 decem
629 2464 713 2491 millia
725 2466 854 2493 talentum

24 2530 25 2533 Ἴ
57 2496 172 2526 Gabinio
182 2507 241 2526 esse
255 2499 405 2534 promissa?
418 2501 486 2527 lluic
497 2501 620 2527 videlicet
631 2510 724 2528 suasor
731 2503 855 2537 perblan-

57 2533 110 2561 dus
127 2537 300 2571 reperiendus
312 2537 374 2569 iuit,
388 2538 436 2573 qui
449 2538 593 2569 hominem,
608 2543 636 2565 ut
649 2543 676 2565 tu
690 2540 739 2570 vis,
753 2541 855 2567 avaris-

57 2571 158 2599 simum
169 2579 296 2606 exoraret,
309 2576 462 2602 sestertium
475 2575 516 2601 bis
529 2576 628 2602 millies
639 2577 855 2613 etquadringen-

58 2608 108 2636 ties
129 2617 161 2636 ne
179 2619 276 2647 magno
298 2620 377 2647 opere
396 2617 585 2640 contemneret.
627 2614 758 2641 Gabinius
774 2615 851 2647 illud,

58 2653 168 2682 quoquo
187 2648 298 2676 consilio
320 2650 393 2680 fecit,
417 2649 479 2677 fecit
496 2655 566 2677 certe
581 2659 643 2677 suo:
665 2659 853 2687 quaecumque

59 2691 134 2711 mens
145 2683 190 2711 illa
201 2684 260 2716 ruit,
274 2686 381 2714 Gabinii
395 2687 454 2715 suit.
486 2687 549 2715 Sive
561 2687 614 2719 ille,
629 2693 658 2715 ut
669 2689 727 2724 ipse
737 2689 851 2721 dicebat,

1102 151 1199 178 CAP.
1234 153 1367 178 3—40.
1651 155 1696 180 571

906 221 1016 257 gloriam
1026 242 1032 253 ,
1055 222 1124 253 sive,
1138 226 1167 248 ut
1179 227 1207 248 tu
1223 223 1272 254 vis,
1286 222 1427 257 pecuniam
1438 224 1581 258 quaesivit,
1597 225 1704 258 quaesi-

907 259 946 285 vit
961 259 1023 285 sibi.
1064 260 1134 285 Num
1156 259 1265 286 Gabinii
1280 268 1383 291 comes,
1402 259 1443 286 vel
1459 260 1589 287 sectator'?
1609 262 1702 297 Negat.

907 297 964 322 Non
980 297 1051 322 enim
1063 297 1094 323 ad
1108 296 1224 328 Gabinii,
1238 297 1317 323 cuius
1329 297 1356 323 id
1367 298 1504 333 negotium
1516 307 1568 324 non
1579 304 1642 329 erat,
1657 299 1705 326 sed

907 333 939 359 ad
957 334 984 359 P.
1005 333 1124 365 Lentuli,
1142 334 1285 360 clarissimi
1297 335 1362 365 viri,
1375 336 1572 367 auctoritatem,
1585 345 1599 362 a
1611 341 1705 363 senatu

908 370 1065 405 profectam,
1083 375 1109 397 et
1122 372 1235 398 consilio
1250 376 1321 399 certo
1331 376 1357 399 et
1367 381 1414 408 spe
1426 381 1478 399 noa
1489 372 1580 404 dubia,
1594 373 1704 400 Romam

907 408 1088 435 contenderat.

963 447 1005 472 22.
1027 446 1060 471 At
1070 446 1201 472 dioecetes
1214 445 1264 473 fuit
1275 446 1376 482 regius.
1411 446 1565 482 thuidem
1577 448 1605 474 in
1615 452 1707 475 custo-

908 482 950 508 dia
971 483 1049 509 etiam
1072 482 1122 509 suit
1140 484 1226 519 regia:
1249 488 1275 510 et
1295 484 1348 510 vita
1369 484 1428 510 eius
1449 484 1535 511 ablata
1556 493 1639 520 paene
1654 491 1704 512 est.

908 519 990 546 Multa
1011 525 1154 554 praeterea,
1177 528 1247 555 quae
1267 520 1351 547 libido
1370 521 1454 557 regis,
1476 530 1545 557 quae
1561 524 1706 549 necessitas

907 557 993 593 coegit
1014 557 1094 588 serre,
1117 557 1236 592 pertulit.
1277 558 1396 590 Quarum
1411 560 1532 585 omnium
1549 568 1637 586 rerum
1654 569 1706 587 una

907 595 1078 629 reprehensio
1094 599 1146 626 est,
1160 595 1232 630 quod
1244 604 1356 630 regnum
1369 596 1486 628 intrarit,
1498 597 1571 631 quod
1583 598 1706 632 potestati

907 640 935 657 se
958 633 1028 667 regis
1047 633 1220 658 commiserit.
1260 633 1359 659 Verum
1380 633 1403 659 si
1423 635 1593 668 quaerimus,
1616 635 1706 662 stulte.

907 668 977 701 Quid
991 670 1062 695 enim
1078 669 1201 700 stultius,
1218 678 1299 705 quam
1312 670 1430 705 equitem
1441 671 1600 703 Romanum,
1614 681 1647 699 ex
1658 673 1706 699 hac

908 706 982 737 urbe,
997 706 1091 737 huius,
1105 707 1225 741 inquam,
1239 707 1403 742 reipublicae
1414 709 1510 739 civem,
1523 718 1592 744 quae
1602 714 1642 736 est
1655 718 1706 736 una

908 744 1024 769 maxime
1039 748 1064 769 et
1080 743 1131 770 suit
1145 752 1252 779 semper
1268 744 1363 776 libera,
1382 746 1473 771 venire
1489 747 1516 772 in
1532 755 1594 773 eum
1608 747 1704 778 locum,

908 781 954 806 ubi
967 781 1115 815 parendum
1127 781 1202 807 alteri
1213 786 1239 808 et
1249 782 1422 809 serviendum
1435 783 1488 809 sit‘?
1524 784 1571 810 IX.
1594 786 1635 811 ⁶23.
1653 784 1706 811 Sed

908 826 956 853 ego
967 818 994 844 in
1006 818 1055 844 hoc
1066 818 1172 845 tandem
1179 819 1306 845 Postumo
1318 828 1370 846 non
1382 820 1527 855 ignoscam,
1537 821 1639 848 homini
1652 830 1707 848 me-

907 855 1031 882 diocriter
1051 855 1141 886 docto,
1163 864 1218 891 quo
1233 856 1339 883 videam
1355 858 1569 892 sapientissimos
1584 859 1706 885 homines

907 901 966 919 esse
987 893 1093 927 lapsos?
1113 893 1207 920 Virum
1228 902 1313 920 unum
1329 895 1410 920 totius
1426 895 1552 922 Graeciae
1568 895 1645 922 facile
1660 896 1708 923 do-

907 931 1073 962 ctissimum,
1100 930 1250 962 Platonem,
1273 931 1415 966 iniquitate
1439 933 1573 968 Dionysii,
1601 933 1708 960 Siciliae

908 968 1027 1003 tyranni,
1045 969 1089 994 cui
1105 968 1191 994 seille
1206 969 1388 1000 commiserat,
1402 969 1429 996 in
1442 971 1567 997 maximis
1579 971 1707 1005 periculis

907 1005 1070 1040 insidiisque
1090 1014 1149 1032 esse
1163 1010 1299 1032 versatum
1315 1007 1481 1042 accepimus:
1504 1007 1705 1039 Callisthenem,

908 1042 1016 1069 doctum
1033 1043 1168 1069 hominem
1177 1064 1183 1074 ,
1196 1044 1320 1070 comitem
1332 1045 1421 1080 Magni
1434 1044 1587 1077 Alexandri,
1602 1046 1634 1072 ab
1646 1046 1708 1073 Ale-

909 1080 1010 1107 xandro
1022 1085 1158 1107 necatum:
1172 1081 1345 1113 Demetrium,
1358 1086 1427 1108 etex
1438 1082 1575 1117 republica
1583 1083 1704 1115 Athenis,

908 1126 989 1152 quam
1010 1119 1109 1153 optime
1129 1118 1290 1154 digesserat,
1313 1123 1338 1145 et
1358 1128 1391 1146 ex
1410 1119 1528 1146 doctrina
1551 1121 1667 1147 nobilem
1683 1125 1709 1148 et

908 1155 1025 1187 clarum,
1047 1156 1094 1191 qui
1118 1156 1261 1182 Phalereus
1282 1157 1412 1183 vocitatus
1433 1162 1487 1188 est,
1504 1158 1531 1184 in
1548 1158 1640 1185 eodem
1657 1159 1708 1186 isto

908 1192 1022 1229 Aegypti
1043 1202 1132 1229 regno,
1156 1193 1249 1228 aspide
1268 1193 1301 1220 ad
1320 1202 1418 1229 corpus
1439 1195 1556 1227 admota,
1580 1196 1634 1222 vita
1649 1204 1708 1223 esse

909 1232 1053 1265 privatum.
1088 1232 1129 1257 24.
1146 1231 1227 1257 Plane
1247 1231 1381 1263 confiteor,
1405 1232 1461 1258 fieri
1483 1233 1550 1259 nihil
1567 1242 1645 1268 posse
1661 1234 1708 1260 de-

909 1269 1040 1299 mentius,
1053 1277 1135 1303 quam
1147 1269 1276 1295 scientem
1287 1270 1314 1296 in
1325 1278 1387 1296 eum
1400 1269 1487 1296 locum
1500 1271 1601 1302 venire,
1615 1271 1662 1297 ubi
1676 1271 1708 1297 li-

908 1305 1037 1332 bertatem
1054 1306 1092 1332 sis
1106 1306 1271 1341 perditurus.
1312 1306 1365 1333 Sed
1381 1307 1462 1333 huius
1474 1308 1553 1334 istius
1566 1307 1627 1335 sacti
1639 1309 1708 1335 stul-

909 1343 994 1369 titiam
1020 1343 1104 1369 maior
1129 1343 1180 1369 iam
1201 1344 1325 1378 superior
1344 1344 1458 1371 stultitia
1479 1345 1611 1372 defendit:
1638 1355 1707 1381 quae

909 1380 984 1411 facit,
1007 1384 1036 1406 ut
1052 1380 1101 1406 hoc
1115 1381 1307 1408 stultissimum
1325 1381 1443 1413 facinus,
1460 1382 1533 1417 quod
1550 1383 1576 1409 in
1593 1391 1706 1419 regnum

909 1418 1019 1449 venerit,
1033 1417 1105 1453 quod
1112 1418 1166 1453 regi
1178 1427 1207 1445 se
1218 1419 1390 1450 commiserit,
1399 1420 1533 1454 sapienter
1540 1419 1637 1446 factum
1649 1429 1708 1447 esse

909 1455 1044 1481 videatur:
1066 1456 1201 1490 siquidem
1214 1465 1265 1483 non
1279 1461 1331 1482 tam
1343 1465 1449 1491 semper
1459 1457 1543 1488 stulti,
1557 1466 1638 1492 quam
1649 1467 1708 1485 sero

909 1492 1038 1528 sapientis
1048 1497 1191 1528 est,quum
1203 1493 1315 1520 stultitia
1327 1502 1375 1520 sua
1387 1494 1533 1529 impeditus
1545 1496 1588 1525 sit,
1597 1504 1708 1530 quoquo

910 1530 988 1557 modo
998 1530 1092 1565 possit,
1107 1539 1135 1557 se
1146 1531 1283 1565 expedire.
1313 1532 1355 1558 25.
1377 1530 1556 1564 Quamobrem
1569 1532 1637 1559 illud
1650 1542 1707 1559 ma-

909 1573 969 1594 neat
989 1573 1014 1595 et
1029 1568 1113 1594 fixum
1129 1568 1178 1599 sit,
1196 1568 1270 1603 quod
1290 1577 1378 1604 neque
1394 1570 1495 1595 moveri
1512 1578 1598 1604 neque
1610 1571 1706 1597 mutari

909 1610 1009 1640 potest:
1033 1606 1060 1632 in
1072 1614 1126 1641 quo
1137 1607 1215 1640 acqui
1227 1614 1349 1641 sperasse
1361 1607 1517 1633 Postumum
1529 1607 1630 1639 dicunt,
1645 1616 1708 1643 pec-

908 1652 983 1669 casse
999 1644 1100 1678 iniqui,
1120 1643 1177 1678 ipse
1192 1644 1270 1670 etiam
1286 1645 1418 1670 insanisse
1429 1652 1457 1670 se
1468 1644 1620 1676 confitetur,
1634 1645 1707 1680 quod

909 1689 1000 1711 suam,
1018 1680 1090 1716 quod
1107 1681 1253 1707 amicorum
1271 1682 1411 1716 pecuniam
1425 1682 1480 1717 regi
1492 1682 1633 1708 crediderit
1644 1691 1707 1709 cum

908 1723 981 1744 tanto
993 1718 1160 1745 fortunarum
1172 1727 1283 1745 suarum
1295 1719 1426 1754 periculo:
1441 1719 1490 1745 boc
1501 1720 1611 1754 quidem
1623 1720 1706 1747 semel

908 1760 1033 1791 suscepto
1048 1760 1128 1790 atque
1143 1760 1289 1787 contracto,
1303 1756 1475 1791 perpetienda
1490 1757 1534 1783 illa
1548 1757 1663 1787 suerunt,
1679 1762 1708 1784 ut

907 1801 936 1820 se
947 1793 1092 1829 aliquando
1103 1793 1136 1819 ad
1147 1802 1211 1820 suos
1223 1793 1378 1820 vindicaret.
1411 1794 1502 1829 ltaque
1512 1795 1623 1821 obiicias
1637 1795 1704 1825 licet,

907 1839 989 1866 quam
1006 1831 1080 1857 voles
1096 1839 1188 1866 saepe,
1208 1831 1345 1866 palliatum
1363 1831 1461 1862 fuisse,
1478 1831 1567 1867 aliqua
1580 1832 1708 1859 habuisse

909 1877 961 1895 non
982 1868 1093 1895 Romani
1112 1868 1229 1895 bominis
1246 1869 1376 1904 insignia:
1398 1870 1504 1904 quoties
1520 1878 1610 1896 eorum
1627 1871 1708 1905 quip-

908 1907 978 1941 piam
991 1906 1073 1937 dices,
1083 1907 1160 1932 toties
1173 1906 1336 1933 unumdiees
1348 1911 1428 1941 atque
1438 1906 1516 1938 illud,
1526 1912 1622 1933 temere
1635 1908 1707 1934 hune

908 1944 1050 1979 pecuniam
1063 1944 1118 1979 regi
1130 1944 1292 1970 credidisse:
1309 1952 1373 1970 suas
1386 1944 1504 1971 fortunas
1517 1949 1596 1980 atque
1608 1944 1706 1971 sarnam

909 1981 1016 2009 libidini
1045 1981 1133 2017 regiae
1162 1982 1341 2008 commisisse.
1393 1983 1435 2008 26.
1464 1982 1571 2008 Fecerat
1593 1987 1704 2008 temere:

908 2018 1003 2045 fateor:
1031 2019 1127 2045 mutari
1150 2017 1249 2045 fuctum
1268 2019 1320 2045 iam
1338 2018 1414 2046 nullo
1429 2019 1508 2046 modo
1525 2024 1638 2054 poterat:
1662 2024 1708 2046 aut

907 2055 1020 2091 pallium
1037 2056 1200 2082 sumendum
1217 2056 1407 2087 Alexandriae,
1426 2062 1455 2083 ut
1471 2057 1495 2083 ei
1510 2057 1608 2083 Romae
1620 2062 1707 2093 togato

907 2102 966 2120 esse
982 2093 1084 2124 liceret,
1101 2097 1147 2119 aut
1158 2102 1251 2120 omnes
1264 2093 1384 2120 fortunae
1395 2094 1568 2124 abiiciendae,
1583 2095 1605 2120 si
1619 2100 1706 2131 togam

907 2131 1072 2157 retinuisset.
1114 2131 1149 2156 X.
1166 2130 1326 2157 Deliciarum
1338 2139 1432 2157 caussa
1444 2136 1469 2158 et
1481 2131 1639 2166 voluptatis,
1654 2141 1705 2158 non

907 2168 985 2194 modo
1001 2168 1074 2194 cives
1089 2168 1235 2198 Romanos.
1251 2168 1298 2194 sed
1314 2173 1340 2195 et
1355 2168 1457 2195 nobiles
1473 2169 1667 2199 adolescentes,
1682 2174 1707 2195 et

906 2205 1037 2240 quosdam
1053 2206 1132 2232 etiam
1149 2210 1297 2237 senatores,
1314 2214 1422 2232 summo
1439 2205 1494 2232 loeo
1510 2211 1597 2236 natos.
1612 2215 1662 2233 non
1679 2207 1706 2232 in

908 2243 990 2269 hortis
1002 2247 1048 2268 aut
1058 2242 1224 2269 suburbanis
1235 2243 1302 2273 suis,
1311 2243 1357 2268 sed
1366 2243 1484 2277 Neapoli,
1499 2244 1525 2269 in
1532 2244 1706 2270 celeberrimo

906 2280 1019 2315 oppido,
1037 2288 1099 2306 cum
1116 2280 1216 2306 mitella
1232 2288 1311 2314 saepe
1327 2280 1456 2306 vidimus.
1488 2282 1529 2306 27.
1544 2281 1705 2316 Chlamyda-

908 2322 964 2343 tum
982 2318 1011 2343 L.
1029 2317 1131 2343 Sullam
1149 2318 1347 2352 imperatorem:
1372 2318 1401 2343 L.
1419 2326 1481 2343 vero
1497 2317 1644 2352 Scipionis,
1657 2319 1704 2352 qui

907 2354 1009 2381 bellum
1022 2355 1047 2380 in
1055 2354 1116 2380 Asia
1127 2354 1547 2390 gessitAntiochumquedevicit.
1558 2364 1608 2380 non
1616 2354 1703 2381 solum

906 2401 968 2418 cum
988 2391 1143 2426 chlamyde,
1161 2391 1208 2417 sed
1224 2392 1302 2417 etiam
1319 2400 1381 2417 eum
1397 2392 1514 2426 crepidis
1533 2392 1559 2418 in
1576 2392 1706 2427 Capitolio

907 2434 1021 2455 statuam
1035 2429 1142 2454 videtis.
1182 2428 1302 2460 Quorum
1315 2429 1462 2464 impunitas
1475 2428 1524 2455 fuit
1538 2438 1588 2455 non
1601 2429 1680 2456 modo
1690 2438 1704 2456 a

908 2467 1015 2496 iudicia,
1030 2466 1167 2492 sedetiam
1179 2475 1192 2492 a
1204 2474 1335 2492 sermone.
1378 2466 1493 2492 Facilius
1505 2471 1574 2492 certe
1586 2467 1614 2492 Ρ.
1629 2467 1704 2493 Ritti-

908 2504 972 2529 lium
986 2503 1085 2529 llui'um
1098 2503 1262 2529 necessitatis
1272 2503 1551 2530 excusatiodesemlet:
1565 2505 1703 2539 quiquam

906 2550 918 2567 a
941 2541 1092 2567 Mithridate
1112 2540 1246 2576 Mitylenis
1261 2549 1407 2575 oppressus
1421 2546 1504 2571 essct.
1518 2541 1703 2568 crtnlelitatem

906 2579 975 2613 regis
993 2578 1018 2604 in
1036 2583 1137 2613 togatos
1152 2579 1264 2604 vestitus
1277 2579 1422 2605 mutatione
1435 2579 1536 2605 vitavit.
1578 2579 1648 2615 Ergo
1659 2579 1704 2605 illc

906 2616 933 2641 l’.
952 2615 1083 2646 Rutilius,
1101 2616 1148 2650 qui
1164 2616 1355 2641 documentum
1374 2615 1423 2642 init
1439 2616 1594 2642 hominibus
1606 2617 1703 2643 nostris

907 2653 1026 2683 virtutis,
1049 2653 1229 2688 antiquitatis.
1255 2653 1419 2687 prmlentiae,
1442 2654 1590 2680 consularis
1612 2654 1699 2683 bomo.

905 2699 995 2717 soecos
1016 2690 1107 2717 babuit
1127 2696 1152 2717 et
1173 2690 1299 2726 pallium:
1333 2699 1380 2717 nec
1402 2699 1464 2718 vero
1484 2691 1510 2717 id
1527 2691 1627 2718 homini
1645 2696 1701 2717 tum

1438 2738 1495 2764 72·
