1941 3052
525 126 577 152 DE
606 126 722 153 FATO
755 126 1321 154 LIB.SlNGUL.CAP.3-10.

98 197 171 224 enim
186 196 215 223 id
230 195 319 223 solum
335 195 392 222 fieri
408 205 486 231 posse
501 196 581 227 dicit,
599 196 671 232 quod
687 201 732 224 aut
742 197 778 224 sit
788 205 892 227 verum,

98 239 144 261 aut
154 233 276 260 futurum
287 234 322 260 sit
333 242 441 266 verum,
457 238 495 265 et,
513 234 649 269 quidquid
663 234 784 260 futurum
801 235 849 265 sit,
867 234 894 260 id

98 271 165 298 dicit
176 270 232 297 fleri
244 279 352 297 necesse
364 279 436 302 esse,
452 276 490 302 et,
504 271 639 306 quidquid
651 280 703 298 non
715 272 750 297 sit
761 271 891 302 futurum,

98 308 127 336 id
137 312 217 344 negat
228 307 285 334 fieri
296 316 385 343 posse.
413 309 461 339 Tu,
475 313 501 334 et
511 317 580 343 quae
592 317 644 335 non
655 310 709 335 sint
720 308 818 340 futura,
832 317 896 343 pos-

97 354 127 372 se
142 345 200 371 fieri
216 345 299 376 dicis,
323 350 352 372 ut
368 344 455 381 frangi
471 345 540 372 hanc
555 354 704 381 gemmam,
728 346 807 372 etiam
828 346 852 372 si
867 345 894 371 id

97 391 247 417 numquam
264 382 384 409 futurum
402 383 449 409 sit:
468 391 556 417 neque
572 391 681 409 necesse
696 382 781 409 fuisse
793 383 895 418 Cypse—

98 420 155 447 lum
171 429 282 455 regnare
293 419 428 451 Corinthi,
446 428 612 455 quamquam
629 420 658 446 id
673 420 819 446 millesimo
834 424 894 446 ante

97 466 167 484 anno
180 457 314 492 Apollinis
325 457 432 483 oraculo
444 457 546 483 editum
557 461 635 484 esset.
677 457 710 484 At
725 458 748 483 si
761 458 810 483 ista
820 466 895 483 com-

96 495 324 530 probabisdivina
337 494 484 529 praedicta3
499 499 533 526 et,
543 503 612 529 quae
624 494 690 520 falsa
702 495 728 520 in
742 494 840 521 futuris
852 494 895 520 di-

96 537 205 563 centur,
228 533 256 558 in
268 531 310 557 his
322 531 449 563 habebis,
463 536 492 558 ut
503 540 533 558 ea
545 532 601 558 fieri
613 540 664 558 non
676 533 794 566 possint:
811 536 852 562 ut,
870 531 894 557 si

96 569 215 600 dicatur,
228 568 384 595 Africanum
397 568 560 604 Karthagine
572 570 733 603 potiturum:
749 574 783 600 et,
797 569 819 595 si
832 576 894 595 vere

97 607 202 634 dicatur
213 606 245 632 de
257 605 356 637 futuro,
365 606 447 640 idque
458 607 493 632 ita
505 606 626 632 futurum
638 607 681 636 sit,
691 606 764 632 dieas
776 615 835 632 esse
847 614 895 632 ne-

96 644 255 671 cessarium.
295 643 369 675 Quae
383 648 424 670 est
439 648 491 670 tota
502 643 609 670 Diodori
621 643 699 670 vobis
712 644 821 670 inimica
832 652 895 669 sen-

96 682 188 708 tentia.
213 682 252 707 44.
264 681 371 707 Etenim
381 681 405 707 si
417 680 734 712 illudvereconnectitur,
748 681 795 707 »Si
806 681 895 707 orien-

97 724 122 746 te
134 718 260 746 Canicula
273 723 351 744 natus
362 727 399 749 es,
416 718 443 744 in
456 718 523 744 mari
534 727 586 744 non
598 719 724 744 moriere:
734 728 745 743 (t
761 719 895 753 primum-

96 764 164 791 que,
181 755 254 791 quod
265 756 292 782 in
304 764 437 786 connexo,
460 756 562 782 »Natus
577 764 606 781 es
621 756 722 782 oriente
737 754 894 785 Canicula,‹(

97 794 279 820 necessarium
291 798 343 820 est:
361 793 460 827 (omnia
475 793 547 819 enim
564 801 626 819 vera
642 793 669 818 in
680 793 832 827 praeteritis
847 800 895 818 ne—

96 832 213 858 cessaria
224 835 300 861 sunt,
313 835 343 857 ut
353 830 506 866 Chrysippo
516 829 616 864 placet,
629 829 800 856 dissentienti
811 838 825 855 a
837 838 895 855 ma-

96 869 181 904 gistro
191 867 329 898 Cleanthe,
343 868 406 902 quia
418 872 481 893 sunt
492 866 682 897 immutabilia,
697 868 783 893 necin
796 866 894 893 falsum

97 915 111 932 e
122 914 185 932 vero
196 905 337 939 praeterita
348 909 463 939 possunt
473 909 626 931 convertere
635 904 652 938 :)
668 905 691 930 si
708 905 804 940 igitur,
821 903 894 939 quod

95 944 216 978 primum
232 943 259 968 in
274 950 394 968 connexo
410 945 463 972 est,
480 942 663 968 necessarium
679 946 731 968 est:
755 942 784 968 fit
802 942 892 972 etiam,

96 980 169 1016 quod
180 980 316 1014 sequitur,
331 979 524 1005 necessarium.
565 978 734 1014 Quamquam
747 979 797 1005 hoc
808 979 895 1015 Chry-

96 1019 175 1052 sippo
187 1026 239 1043 non
250 1016 359 1043 videtur
370 1016 458 1043 valere
470 1016 498 1042 in
509 1016 647 1042 omnibus.
688 1016 740 1043 Sed
750 1021 852 1047 tamen,
871 1017 895 1042 si

96 1054 226 1082 naturalis
238 1059 278 1080 est
288 1063 392 1085 caussa,
405 1054 491 1080 curin
504 1054 570 1080 mari
578 1053 678 1080 Fabius
690 1063 742 1080 non
754 1054 892 1084 moriatur,

96 1093 124 1119 in
140 1093 208 1118 mari
218 1091 318 1118 Fabius
335 1091 403 1117 mori
418 1100 470 1118 non
486 1095 581 1125 potest.
621 1091 687 1117 VllI.
713 1093 751 1118 15.
774 1092 827 1118 Hoc
839 1091 895 1118 loco

96 1129 266 1165 Chrysippus
286 1134 412 1155 aestuans
436 1128 493 1155 falli
513 1133 602 1163 sperat
615 1127 763 1155 Chaldaeos
779 1134 895 1155 ceteros-

95 1176 149 1202 que
165 1167 285 1197 divinos,
304 1175 391 1201 neque
407 1174 452 1192 eos
464 1175 560 1192 usuros
572 1174 630 1191 esse
645 1166 892 1197 coniunctionibus,

96 1209 126 1231 ut
146 1205 173 1231 in
194 1212 243 1230 sua
263 1208 388 1238 percepta
408 1204 591 1238 pronuntient,
615 1203 659 1229 »si
679 1204 741 1238 quis
757 1209 836 1230 natus
856 1208 896 1230 est

95 1242 196 1269 oriente
203 1240 340 1272 Canicula,
354 1241 377 1267 is
390 1241 417 1267 in
429 1241 496 1267 mari
509 1249 560 1267 non
572 1241 713 1267 morietur:
723 1252 734 1265 α
746 1241 793 1267 sed
805 1242 894 1276 potius

96 1280 131 1306 ita
143 1279 242 1309 dicant,
260 1279 336 1304 »Non
352 1283 378 1304 et
389 1283 466 1304 natus
478 1278 590 1312 estquis
601 1278 703 1304 oriente
715 1278 856 1309 Canicula,
870 1283 895 1305 et

96 1317 119 1343 is
132 1317 158 1342 in
174 1316 240 1342 mari
253 1316 411 1342 morietur.«
431 1316 453 1342 Ο
465 1315 600 1342 licentiam
614 1315 770 1342 iocularem!
786 1317 824 1342 Ne
836 1317 894 1350 ipse

95 1353 196 1380 incidat
210 1354 238 1379 in
249 1353 408 1383 Diodorum,
425 1352 502 1379 docet
513 1352 674 1383 Chaldaeos,
692 1362 746 1388 quo
762 1358 838 1388 paeto
850 1362 894 1379 eos

95 1399 229 1426 exponere
244 1395 368 1425 percepta
384 1395 511 1425 oporteat.
552 1390 656 1422 Quaero
671 1391 758 1421 enim,
776 1392 799 1417 si
813 1390 895 1417 Chal-

95 1428 156 1454 daei
168 1429 204 1454 ita
218 1427 376 1463 loquantur,
394 1432 423 1454 ut
434 1428 590 1463 negationes
603 1428 769 1454 infinitarum
781 1429 895 1455 coniun-

94 1466 214 1492 ctionum
231 1466 334 1500 potiuS,
356 1473 439 1500 quam
456 1465 558 1491 infinita
575 1474 694 1491 connexa
713 1470 823 1500 ponant;
847 1474 895 1491 cur

95 1503 167 1530 idem
184 1502 297 1533 medici,
315 1511 363 1528 cur
376 1507 540 1538 geometrae,
562 1511 611 1528 cur
626 1502 724 1538 reliqui
741 1502 826 1529 facere
842 1511 894 1529 non

94 1539 217 1575 possint?
236 1539 357 1566 Medicus
370 1540 396 1566 in
408 1540 518 1574 primis,
541 1539 614 1574 quod
625 1540 676 1567 erit
686 1541 711 1566 ei
722 1545 894 1575 perspectum

94 1579 123 1604 in
135 1583 198 1608 arte,
213 1586 265 1604 non
278 1577 312 1604 ita
323 1582 462 1612 proponet,
480 1577 526 1603 »Si
538 1578 582 1603 cui
595 1586 678 1604 venae
690 1578 729 1604 sic
741 1582 892 1609 moventur,

95 1616 118 1642 is
126 1615 206 1641 habet
218 1614 319 1641 febrem
329 1624 333 1640 :
343 1625 355 1639 «
366 1614 414 1640 sed
425 1615 515 1649 potius
527 1614 573 1641 illo
585 1615 672 1646 modo,
686 1625 697 1639 1>
704 1616 761 1642 Non
773 1615 798 1641 ei
811 1623 894 1641 venae

94 1653 134 1679 sic
145 1657 296 1683 moventur,
310 1656 335 1678 et
346 1651 449 1678 febrem
461 1653 484 1678 is
495 1661 547 1678 non
560 1652 649 1678 habet.
658 1663 669 1677 (t
699 1653 819 1687 Itemque
830 1661 895 1688 geo—

95 1694 192 1716 metres
203 1690 302 1716 nonita
314 1689 394 1720 dicet,
409 1690 455 1715 »In
467 1690 580 1724 sphaera
594 1690 706 1716 maximi
718 1690 796 1716 orbes
811 1689 894 1716 medii

94 1728 164 1754 inter
175 1735 204 1753 se
219 1726 393 1753 dividuntur:
404 1736 415 1751 «
436 1727 484 1753 sed
500 1728 590 1761 potius
607 1726 653 1753 illo
669 1727 761 1758 inodo,
779 1728 855 1754 »Non
870 1731 895 1754 et

94 1769 158 1791 sunt
173 1765 200 1791 in
216 1765 330 1799 sphaera
346 1764 458 1790 maximi
474 1765 567 1795 orbes,
585 1769 611 1791 et
626 1764 654 1790 hi
667 1773 718 1791 non
732 1764 814 1791 medii
827 1765 895 1791 inter

94 1810 123 1829 se
134 1801 323 1828 dividuntur.«
338 1816 375 1821 —
397 1803 436 1828 16.
450 1801 521 1833 Quid
533 1806 585 1833 est,
599 1802 671 1836 quod
684 1811 735 1828 non
747 1803 833 1837 possit
844 1803 895 1828 isto

94 1839 173 1866 modo
180 1847 340 1866 exconnexo
351 1839 488 1865 transferri
499 1839 532 1865 ad
542 1840 763 1866 coniunctionum
774 1840 895 1876 negatio-

94 1876 175 1904 nem?
194 1877 227 1903 Et
241 1876 352 1910 quidem
369 1876 430 1902 aliis
446 1876 534 1902 modis
549 1876 658 1903 easdem
674 1886 716 1903 res
728 1877 820 1903 ell'errc
831 1886 895 1912 pos-

94 1922 201 1941 sumuS.
240 1913 317 1939 Modo
329 1912 396 1944 dixi,
412 1914 459 1940 »ln
470 1913 584 1948 sphaera
596 1914 708 1940 maximi
720 1914 798 1941 orbes
811 1914 894 1940 medii

95 1952 165 1978 inter
180 1959 209 1977 se
224 1949 419 1976 dividuntur:«
434 1959 544 1985 possum
560 1951 663 1981 dicere,
679 1952 725 1977 »Si
742 1952 768 1978 in
780 1952 894 1986 sphaera

95 1988 208 2015 maximi
219 1988 297 2014 orbes
309 1992 400 2020 erunt,
409 1998 420 2012 «
432 1996 543 2022 possum
554 1987 652 2018 dicere,
666 1988 747 2020 »Quia
758 1989 784 2015 in
796 1989 895 2023 sphae-

94 2035 123 2053 ra
135 2025 246 2052 maximi
257 2025 335 2051 orbes
347 2029 454 2051 erunt.«
475 2024 557 2051 Multa
568 2034 665 2060 genera
677 2030 740 2052 sunt
751 2026 894 2052 enuntian-

94 2063 137 2094 di,
156 2071 205 2090 nec
217 2062 304 2089 ullum
314 2062 468 2093 distortius,
485 2070 567 2097 quam
580 2062 642 2093 hoc,
659 2071 713 2097 quo
724 2062 894 2098 Chrysippus

95 2105 185 2135 sperat
195 2099 343 2126 Chaldaeos
354 2104 492 2126 contentos
503 2100 652 2126 Stoicorum
664 2108 758 2125 caussa
772 2099 836 2126 fore.

150 2137 197 2164 IX.
222 2138 261 2163 ⁴7.
284 2137 393 2164 Illorum
408 2141 496 2162 tamen
512 2145 590 2163 nemo
608 2137 641 2163 ita
659 2136 791 2171 loquitur:
806 2138 893 2163 maius

95 2179 135 2202 est
146 2175 232 2205 enim,
249 2174 297 2200 has
309 2175 487 2201 contortiones
501 2174 642 2206 orationis,
659 2182 741 2209 quam
753 2175 892 2209 signorum

94 2217 168 2239 ortus
188 2211 334 2246 obitusque
354 2211 516 2246 perdiscere.
557 2211 610 2238 Sed
632 2211 665 2237 ad
691 2211 764 2237 illam
786 2211 892 2238 Diodori

94 2249 306 2280 contentionem,
319 2257 401 2284 quam
413 2248 472 2283 περὶ
485 2248 601 2275 δυνατῶν
613 2248 761 2283 appellant,
777 2254 893 2275 reverta-

95 2295 170 2313 mur:
185 2287 212 2312 in
223 2295 285 2321 qua,
299 2285 366 2320 quid
379 2285 465 2311 valeat
476 2285 513 2316 id,
529 2285 601 2320 quod
614 2286 671 2312 fieri
683 2286 781 2320 possit,
796 2287 891 2321 unqui-

95 2325 172 2351 ritur.
195 2323 283 2350 Placet
294 2323 376 2358 igitur
386 2322 509 2353 Diodoro,
518 2322 544 2348 id
555 2323 643 2349 solum
656 2323 712 2349 fleri
725 2332 812 2357 posse,
821 2323 892 2358 quod

95 2365 141 2388 aut
152 2369 246 2387 verum
258 2361 305 2391 sit,
323 2364 368 2386 aut
380 2368 473 2386 verum
487 2359 607 2386 futurum
619 2361 663 2386 sit.
704 2360 755 2392 Qui
769 2360 842 2386 locus
854 2365 893 2386 at-

95 2399 175 2425 tinnit
186 2398 254 2425 hanc
265 2397 464 2433 quaestionem:
482 2396 555 2423 Nihil
569 2398 635 2428 lieri,
651 2397 723 2432 quod
737 2406 787 2424 non
800 2406 893 2423 neces-

95 2443 124 2462 se
148 2436 229 2462 uerit:
243 2440 277 2466 et,
290 2434 430 2469 Quidquid
443 2434 499 2460 lieri
512 2435 605 2468 possit,
619 2434 646 2460 id
658 2439 703 2461 aut
714 2443 773 2460 esse
786 2435 893 2460 11111111111

96 2471 217 2499 futurum
229 2481 301 2499 esse:
320 2480 369 2498 nec
385 2471 471 2507 magis
487 2472 646 2498 commutari
660 2480 694 2498 ex
705 2472 776 2497 veris
788 2472 813 2497 in
827 2471 891 2497 falsa

95 2517 126 2536 oa
138 2518 224 2544 posse,
238 2518 307 2545 quae
320 2508 408 2536 futuru
420 2513 491 2539 sunt,
505 2517 586 2543 quam
598 2517 638 2539 oa,
654 2508 801 2543 quaefacta
813 2514 889 2534 sunt:

95 2546 143 2574 sed
155 2547 182 2573 in
194 2546 270 2574 factis
282 2545 676 2580 immutabilitatemapparere;
692 2546 718 2571 in
727 2545 892 2580 futuris-qui-

95 2583 221 2615 busdam,
234 2585 298 2619 quia
309 2592 362 2610 non
373 2583 530 2618 appareat‘,
548 2592 580 2609 ue
594 2583 681 2609 inesse
692 2582 803 2617 quidem
816 2582 892 2608 vide-

95 2622 131 2648 ri:
145 2625 174 2648 ut
185 2621 212 2648 in
223 2630 263 2653 eo,
277 2621 325 2656 qui
336 2620 472 2648 mortifero
483 2620 576 2647 morbo
588 2625 723 2656 urgeatur,
740 2628 834 2646 verum
846 2620 889 2650 sit,

95 2659 161 2685 »Hie
173 2659 301 2686 morietur
312 2658 361 2686 hoc
373 2658 465 2685 morbo
474 2668 479 2685 :
488 2668 499 2684 «
520 2662 545 2685 at
560 2657 609 2685 hoc
625 2657 697 2685 idem
708 2657 732 2684 si
745 2665 806 2684 vere
817 2657 892 2684 dica-

1679 130 1742 156 ⁴⁴69

947 202 990 223 tur
1000 198 1028 223 in
1039 205 1070 224 eo
1078 218 1084 228 ,
1100 198 1128 224 in
1139 206 1193 233 quo
1204 198 1246 224 vis
1258 198 1344 225 morbi
1355 202 1426 225 tanta
1437 207 1490 225 non
1501 203 1639 233 appareat,
1657 199 1742 226 nihilo

947 235 1037 261 minus
1052 235 1173 261 futurum
1185 236 1229 261 sit.
1269 236 1306 262 Ita
1318 235 1355 266 fit,
1369 240 1397 262 ut
1408 236 1580 262 commutatio
1592 244 1626 262 ex
1637 244 1699 262 vero
1714 237 1741 262 in

947 271 1045 298 falsum
1061 280 1094 298 ne
1110 273 1135 298 in
1153 272 1242 298 futuro
1257 273 1368 307 quidem
1384 272 1439 299 ulla
1455 274 1511 299 fieri
1527 274 1622 308 possit.
1663 274 1739 304 Nam,

947 310 1092 336 »Morietur
1101 309 1218 344 Scipio,t<
1238 309 1317 336 talem
1334 311 1389 336 vim
1404 310 1497 341 habet,
1516 315 1557 341 ut,
1576 319 1741 345 quamquam

947 346 979 371 de
996 346 1085 373 futuro
1100 346 1217 376 dicatur,
1234 351 1321 373 tamen
1339 347 1365 373 id
1382 356 1433 373 non
1449 348 1534 382 possit
1548 353 1702 374 convertere
1715 348 1742 374 in

948 383 1055 410 falsum.
1085 384 1119 409 De
1132 384 1240 409 homine
1252 385 1324 410 enim
1335 384 1443 415 dicitur,
1457 386 1501 411 cui
1513 393 1623 410 neeesse
1634 390 1674 411 est
1685 394 1743 411 mo-

947 421 979 446 ri.
1022 423 1061 447 18.
1084 420 1128 446 Sic
1140 422 1163 446 si
1175 421 1317 452 diceretur,
1334 422 1474 448 »Morietur
1485 427 1564 448 noctu
1575 423 1604 448 in
1615 421 1742 448 eubiculo

946 466 995 483 suo
1011 459 1038 483 vi
1054 466 1200 492 oppressus
1217 458 1342 492 Scipio,«
1362 468 1424 485 vere
1441 459 1584 485 diceretur.
1625 459 1654 485 ld
1669 460 1742 485 enim

946 494 1001 521 fore
1017 495 1163 525 diceretur,
1184 495 1256 529 quod
1272 500 1343 522 esset
1358 495 1493 522 futurum:
1517 496 1637 522 futurum
1653 502 1742 523 autem

946 531 1044 562 fuisse,
1061 541 1094 558 ex
1105 541 1148 562 eo,
1165 533 1229 567 quia
1242 532 1341 559 factum
1356 538 1408 563 est,
1428 533 1543 569 intelligi
1559 533 1647 560 debet.
1688 534 1742 560 Nec

946 570 1033 604 magis
1044 574 1212 600 eratverum,
1229 570 1374 596 »Morietur
1385 570 1501 605 Seipio,«
1517 579 1609 605 quam,
1628 572 1742 597 »Morie-

946 611 989 632 tur
1004 606 1049 633 illo
1066 606 1156 632 modo:
1166 618 1177 631 «
1194 615 1242 632 nec
1254 608 1339 642 magis
1350 607 1362 620 *
1378 616 1486 634 necesse
1498 609 1565 634 mori
1576 608 1739 643 Scipionem,

946 652 1026 678 quam
1040 644 1085 670 illo
1096 643 1174 670 modo
1186 645 1266 670 mori:
1289 653 1337 670 nec
1353 646 1439 680 magis
1456 645 1623 671 immutabile
1635 654 1668 671 ex
1680 654 1742 671 vero

947 682 973 707 in
986 680 1092 711 falsum,
1106 682 1235 707 »Necatus
1247 687 1286 708 est
1297 682 1411 716 Scipio,«
1424 691 1504 716 quam
1517 682 1674 708 »Necabitur
1684 682 1743 708 Sci-

946 719 1024 752 pion<
1048 727 1105 748 nec,
1118 727 1203 753 quum
1216 719 1281 745 haec
1292 720 1327 745 ita
1340 720 1402 750 sint,
1416 724 1455 746 est
1466 728 1569 749 caussa,
1583 728 1630 745 cur
1640 720 1742 754 Epicu-

946 764 991 781 rus
1004 755 1087 782 fatum
1099 757 1268 786 extimescat,
1291 762 1316 782 et
1331 756 1364 782 ab
1380 758 1474 782 atomis
1491 762 1561 791 petat
1576 757 1740 791 praesidium

946 801 1045 827 easque
1057 793 1089 818 de
1102 794 1144 818 via
1160 793 1288 823 deducat,
1310 799 1335 819 et
1352 802 1403 819 uno
1420 799 1537 828 tempore
1553 795 1683 828 suscipiat
1700 802 1742 819 res

946 829 1014 856 duas
1026 830 1224 862 inenodabiles3
1249 839 1339 860 unam,
1354 836 1382 856 ut
1392 832 1451 856 sine
1462 839 1556 856 caussa
1569 831 1613 857 liat
1626 830 1739 865 aliquid,

946 876 980 893 ex
991 876 1044 902 quo
1055 868 1179 898 exsistet,
1198 872 1227 893 ut
1238 867 1271 893 de
1283 868 1368 894 nihilo
1379 868 1520 902 quippiam
1533 867 1588 894 fiat,
1609 868 1681 902 quod
1693 876 1742 893 nec

946 905 999 938 ipsi
1011 913 1059 930 nec
1069 905 1198 939 cuiquam
1209 905 1324 940 Physico
1338 905 1437 939 placet,
1456 905 1579 935 alteram,
1597 910 1638 935 ut,
1657 913 1743 939 quum

946 942 999 968 duo
1011 941 1153 968 individua
1165 951 1212 976 per
1224 943 1378 968 inanitatem
1392 942 1522 971 ferantur,
1546 942 1658 968 alterum
1675 950 1689 968 e
1701 950 1743 967 re-

946 980 1025 1014 gione
1042 984 1193 1010 moveatur,
1217 979 1330 1006 alterum
1346 980 1471 1006 declinet.
1515 981 1553 1006 49.
1577 980 1650 1005 Licet
1670 980 1742 1005 enim

945 1017 1072 1051 Epicuro,
1085 1017 1251 1047 concedenti,
1267 1025 1346 1043 omne
1357 1018 1525 1043 enuntiatum
1537 1022 1581 1043 aut
1593 1025 1686 1042 verum
1699 1022 1744 1042 aut

946 1054 1045 1081 falsum
1057 1062 1129 1085 esse,
1144 1063 1194 1080 non
1208 1055 1308 1085 vereri,
1326 1064 1358 1080 ne
1369 1055 1458 1080 omnia
1470 1054 1522 1080 fato
1536 1054 1593 1080 lieri
1605 1055 1640 1080 sit
1652 1045 1744 1079 neces—

946 1101 988 1118 se:
1007 1101 1059 1118 non
1071 1092 1143 1118 enim
1155 1092 1269 1118 aeternis
1281 1093 1385 1118 caussis
1398 1097 1505 1118 naturae
1518 1092 1675 1117 necessitate
1687 1100 1744 1116 ma-

946 1130 1074 1155 nantibus
1086 1138 1179 1155 verum
1192 1134 1232 1155 est
1242 1129 1279 1160 id,
1291 1129 1363 1163 quod
1376 1130 1409 1155 ita
1421 1129 1589 1155 enuntiatur:
1602 1128 1745 1154 Descendit

947 1168 973 1193 in
995 1166 1168 1193 Academiam
1190 1166 1352 1192 Carneades:
1376 1175 1424 1192 nec
1445 1171 1533 1192 tamen
1549 1167 1608 1191 sine
1623 1166 1742 1191 caussis:

946 1204 993 1230 sed
1010 1205 1119 1231 interest
1136 1205 1204 1230 inter
1219 1212 1328 1229 caussas
1344 1203 1450 1230 fortuito
1461 1208 1629 1238 antegressas
1640 1208 1665 1229 et
1677 1203 1745 1228 inter

946 1251 1057 1268 caussas
1073 1241 1230 1268 cohibentes
1246 1241 1271 1267 in
1284 1250 1312 1267 se
1324 1240 1495 1267 efficientiam
1508 1240 1666 1267 naturalem.
1707 1240 1745 1266 lta

946 1285 971 1306 et
982 1288 1089 1314 semper
1101 1288 1194 1304 verum
1208 1278 1266 1309 fuit,
1277 1278 1582 1312 »MorieturEpieurus,«
1593 1286 1678 1312 quum
1690 1276 1744 1303 duo

946 1322 971 1343 et
982 1317 1152 1351 septuaginta
1164 1325 1246 1342 annos
1259 1316 1365 1346 vixerit,
1380 1316 1511 1341 Archonte
1524 1315 1677 1350 Pytharato:
1697 1322 1744 1340 ne-

946 1364 998 1389 que
1011 1360 1098 1381 tamen
1112 1359 1185 1379 erant
1196 1362 1306 1379 caussae
1320 1353 1518 1383 fatales,curita
1526 1352 1670 1377 accideret:
1685 1352 1741 1381 sed,

946 1392 1018 1426 quod
1031 1393 1064 1418 ita
1079 1391 1230 1421 cecidisset,
1244 1396 1314 1416 certe
1325 1399 1461 1419 casurum,
1475 1390 1544 1415 sicut
1555 1389 1664 1417 cecidit,
1683 1388 1742 1414 fuit.

946 1431 988 1456 ΞΟ.
1009 1430 1061 1455 Nec
1074 1430 1105 1459 ii,
1124 1429 1172 1463 qui
1187 1428 1281 1454 dicunt
1292 1427 1471 1454 immutabilia
1482 1435 1554 1456 esse,
1573 1435 1641 1460 quae
1655 1425 1742 1451 sutura

946 1467 1013 1497 sint,
1032 1475 1080 1493 nec
1096 1474 1174 1500 posse
1190 1474 1284 1491 verum
1298 1465 1417 1491 futurum
1429 1469 1581 1490 convertere
1595 1464 1620 1489 in
1634 1462 1741 1493 salsum,

947 1504 992 1531 fati
1007 1504 1192 1530 necessitatem
1204 1502 1426 1533 conlirniant,sed
1440 1501 1582 1527 verborum
1596 1501 1650 1526 vim
1662 1502 1744 1526 inter-

946 1547 1093 1576 pretantur.
1134 1541 1180 1571 At,
1206 1541 1254 1575 qui
1276 1540 1450 1566 introducunt
1469 1547 1624 1565 caussarum
1646 1539 1744 1563 seriem

946 1580 1151 1613 sempiternam,
1175 1578 1192 1604 ii
1231 1582 1346 1603 mentem
1365 1577 1482 1603 hominis
1504 1575 1638 1602 voluntate
1660 1575 1743 1601 libera

946 1616 1086 1651 spoliatam
1105 1616 1262 1641 necessitate
1274 1616 1319 1641 fati
1332 1614 1499 1640 devinciunt.

1002 1654 1036 1680 X.
1055 1653 1107 1679 Sed
1125 1653 1189 1678 haec
1202 1652 1340 1679 hactenus.
1373 1652 1430 1677 Alia
1446 1651 1596 1677 videamus.
1629 1648 1745 1675 Conclu-

945 1691 985 1717 dit
1005 1692 1077 1717 enim
1094 1690 1264 1726 Chrysippus
1281 1690 1329 1715 hoc
1351 1689 1441 1719 modo,
1466 1688 1511 1714 »Si
1528 1693 1565 1713 est
1583 1692 1670 1712 motus·
1685 1687 1744 1712 sine

946 1737 1054 1758 caussa,
1073 1736 1124 1754 non
1136 1728 1224 1754 omnis
1236 1727 1396 1757 enuntiatio,
1411 1726 1482 1761 quod
1494 1726 1594 1758 (ὲξίιιιμη
1609 1723 1743 1749 malet-nvi

946 1766 1095 1800 appellant,
1131 1770 1176 1791 aut
1202 1773 1262 1790 vera
1284 1769 1329 1790 aut
1350 1764 1414 1790 falsa
1435 1764 1494 1789 erit.
1536 1763 1650 1787 Caussas
1672 1762 1744 1786 enim

946 1803 1093 1830 efficientes
1111 1802 1182 1837 quod
1200 1811 1251 1828 non
1269 1802 1391 1830 habebit,
1416 1801 1442 1826 id
1461 1809 1508 1826 uec
1525 1808 1617 1825 vei-uni
1635 1808 1682 1824 nec
1695 1798 1745 1823 fal-

946 1850 1006 1867 sum
1024 1841 1082 1866 erit.
1123 1840 1218 1866 Omnis
1230 1845 1318 1866 autem
1330 1839 1477 1865 enuntiatio
1488 1843 1532 1863 aut
1546 1846 1605 1862 vera
1621 1841 1664 1861 aut
1679 1835 1743 1862 falsu

946 1883 995 1905 est.
1037 1878 1123 1904 Motus
1139 1885 1202 1912 ergo
1218 1878 1276 1902 sine
1292 1885 1386 1902 catissa
1407 1875 1498 1901 nullus
1513 1880 1562 1900 est.
1605 1875 1645 1899 21.
1668 1872 1744 1904 Quod

946 1917 969 1942 si
987 1916 1020 1942 ita
1037 1920 1089 1945 est,
1108 1915 1211 1945 onmia,
1229 1923 1298 1949 quae
1314 1915 1394 1943 fiunt,
1407 1915 1511 1939 caussis
1532 1912 1597 1937 liunt
1609 1916 1745 1945 antegres-

945 1954 994 1979 sis.
1035 1952 1062 1979 ld
1079 1952 1102 1978 si
1114 1953 1148 1978 ita
1160 1957 1213 1982 est,
1231 1952 1319 1978 onmia
1338 1951 1389 1977 fato
1406 1951 1480 1976 liunt.
1518 1948 1640 1975 ΒΗΚ-11111
1653 1948 1742 1981 igitur,

946 1990 998 2017 fato
1015 1990 1085 2020 fieri,
1104 1998 1292 2024 quaecumque
1308 1990 1399 2014 liant«
1440 1988 1486 2013 llic
1500 1987 1618 2019 primuni
1630 2000 1665 2004 —-
1678 1984 1744 2025 1111111

947 2027 1028 2053 libeat
1049 2027 1173 2053 assentiri
1198 2027 1314 2061 Epicuro
1334 2031 1360 2052 et
1380 2033 1476 2060 negare
1496 2032 1602 2049 omnem
1622 2027 1745 2047 enuntia-

946 2065 1044 2091 tionem
1063 2069 1108 2089 aut
1124 2072 1214 2089 veram
1231 2072 1289 2089 esse
1306 2068 1351 2089 aut
1367 2062 1474 2089 falsam!
1507 2070 1564 2087 eam
1581 2060 1684 2094 plag-vani
1698 2067 1744 2092 po-

946 2102 999 2127 tius
1023 2101 1169 2134 accipiam,
1196 2109 1277 2135 quani
1301 2100 1352 2126 fato
1372 2100 1461 2125 onmia
1486 2099 1541 2124 lieri
1561 2096 1742 2130 comprobem.

946 2138 991 2164 llla
1009 2138 1080 2163 enim
1093 2138 1224 2163 sententia
1236 2137 1340 2171 aliquid
1353 2137 1433 2163 habet
1448 2134 1654 2169 disputationis,
1681 2133 1744 2157 haec

946 2184 1008 2201 vei-o
1034 2184 1086 2200 non
1113 2179 1153 2200 est
1174 2174 1331 2200 tolerabilis.
1382 2174 1471 2207 ltaque
1495 2171 1630 2197 contendit
1651 2178 1744 2195 oniues

945 2211 1238 2246 nervos-Chrysippus,
1262 2215 1290 2237 ut
1306 2210 1476 2245 persuadent,
1499 2217 1576 2234 11111111ἱ
1588 2208 1744 2241 ἀξία-1111111111

945 2258 1038 2275 verum
1055 2257 1113 2274 esse
1130 2253 1174 2274 aut
1192 2247 1299 2273 fulsum.
1340 2247 1371 2273 Ut
1386 2247 1457 2272 enim
1479 2247 1611 2280 Epicurus
1628 2249 1741 2272 veretur,

946 2295 990 2316 ne,
1017 2287 1040 2312 si
1062 2285 1111 2311 hoc
1135 2285 1308 2313 concesserit,
1334 2283 1536 2309 concedendum
1558 2283 1591 2308 sit
1608 2282 1659 2307 fato
1675 2280 1741 2308 lieri,

945 2331 1133 2358 quaecumque
1159 2322 1234 2347 liant:
1269 2321 1301 2355 (si
1321 2321 1392 2346 euim
1409 2320 1521 2346 alterum
1539 2325 1628 2345 utrum
1645 2327 1677 2343 ex
1699 2326 1743 2342 ue-

946 2361 1066 2387 ternitate
1079 2368 1171 2385 verum
1184 2360 1231 2387 sit,
1255 2367 1313 2383 esse
1326 2357 1350 2383 id
1363 2358 1442 2383 etiam
1454 2362 1570 2382 certum:
1594 2362 1631 2382 1-1,
1650 2363 1743 2387 ἱκςυυν-

947 2403 1016 2427 111111,
1041 2397 1120 2423 etium
1138 2396 1332 2422 necessat-inni:
1367 2395 1399 2420 1111
1416 2399 1439 2419 et
1457 2398 1641 2419 necess-natnui
1659 2397 1683 2417 et
1704 2391 1743 2417 fa—

946 2440 1001 2461 tum
1013 2434 1164 2459 continuari
1178 2433 1274 2467 putat.)
1290 2432 1328 2457 511·
1345 2431 1514 2466 Chrysippus
1527 2435 1634 2457 metuit.
1655 2438 1700 2457 ne.
1719 2429 1742 2454 si

947 2481 996 2497 non
1013 2471 1173 2501 obtinuerit,
1194 2478 1286 2499 onnw,
1308 2469 1379 2503 quod
1395 2469 1562 2496 enuntietur,
1586 2472 1630 2493 11111
1648 2475 1741 2492 verunt

945 2518 1003 2534 esse
1024 2513 1069 2534 aut
1091 2507 1202 2537 fulsum,
1232 2515 1282 2532 non
1305 2511 1404 2535 tenent,
1422 2506 1510 2531 omnin
1529 2504 1580 2530 [nto
1597 2504 1652 2529 lieri
1668 2509 1693 2530 et
1709 2512 1741 2529 ex·

944 2546 1048 2571 caussis
1069 2545 1184 2570 aeternis
1201 2552 1289 2570 rerunt
1307 2543 1467 2568 futurarum.
1509 2544 1548 2567 22,
1573 2541 1625 2567 Sed
1642 2541 1742 2576 Epicu—

945 2592 990 2608 rus
1011 2582 1189 2608 declinatione
1212 2581 1292 2607 atomi
1315 2580 1392 2606 vitari
1415 2579 1459 2605 fati
1482 2580 1667 2605 necessitatem
1690 2587 1742 2613 pu-

944 2624 988 2646 tat.
1030 2620 1120 2654 ltaque
1141 2619 1234 2644 tertius
1253 2617 1362 2652 quidum
1380 2622 1467 2642 motus
1482 2617 1567 2642 oritur
1581 2621 1653 2642 extra
1677 2625 1742 2650 pou-

943 2657 994 2684 dus
1010 2661 1035 2683 et
1051 2656 1171 2692 plagam,
1189 2664 1274 2691 quum
1290 2654 1405 2681 declinat
1422 2659 1526 2680 atomus
1539 2653 1678 2680 intervallo
1690 2654 1741 2679 mi-

1494 2703 1537 2727 127
