1941 3052
226 130 288 155 tant
788 128 845 152 2⁸3.
882 126 917 151 M.

224 199 365 227 militarem
384 199 508 225 virtutem
525 199 604 224 etinm
621 197 734 230 insignis
752 197 777 222 in
793 197 866 222 obitu
881 196 928 222 titii
941 195 1015 222 forti-

224 237 288 264 tudo
305 236 486 263 illustraverit.
527 236 611 266 Quem
628 239 656 259 ut
675 242 822 268 numquam
840 233 934 259 lubens
951 233 1015 259 taci-

225 280 280 301 tum
293 274 455 302 dimiserim,
478 272 517 298 sic
533 271 564 297 ad
581 272 706 296 (Intouem
724 279 868 305 properans
882 270 1015 296 exsultare

226 312 331 337 videtur
342 311 447 336 animus
459 315 493 338 et,
506 309 583 343 qumi
597 309 622 334 in
635 313 739 342 portum
751 317 783 333 cx
797 307 902 333 horrida
914 312 1016 341 tempe-

224 348 408 375 atati-‹telntus.
420 347 444 372 in
452 346 644 380 sapientissimi
653 346 702 370 viri
715 346 822 371 neruine
834 350 913 379 atque
924 353 1015 371 exem-

225 386 269 420 plo
280 385 478 418 conquiescere.
514 383 606 416 Neque
621 383 692 408 enim
710 383 803 408 maiori
821 382 887 408 mihi
899 382 1016 408 admira-

225 424 288 449 tioni
304 431 361 447 esse
378 421 463 446 solent
477 420 620 445 clarissimi
638 419 754 445 hominis
767 429 808 444 res
819 425 908 452 gestae
920 428 949 444 ac
962 420 1016 445 vir-

225 465 276 487 tus,
294 468 343 484 non
356 458 442 483 solum
457 458 481 483 iu
496 456 553 482 luce
565 457 728 491 patriae,sed
740 458 819 482 etiam
833 458 858 482 in
870 465 1014 491 congressu
1037 481 1039 489 Ι

225 497 341 523 hostium
354 495 457 529 cognita
467 515 472 524 ,
490 503 570 529 qunm
584 493 634 520 suit
647 493 689 519 illa
704 495 728 520 in
742 494 789 520 titii
803 499 897 522 morte,
913 498 1016 528 praeto·
1037 503 1039 530 ³.

225 535 260 560 ris
275 533 421 566 designati,
440 532 464 558 in
481 531 567 557 oeulis
582 532 703 557 omnium
715 532 817 557 civium
833 531 958 557 fortitudo
969 530 1017 556 de-

223 571 329 596 clarata.

225 607 340 634 miseriis
357 611 435 641 atque
451 606 587 632 aerumnis
604 605 718 632 facinora
735 606 782 640 qui
795 605 896 632 sortiter
909 606 934 632 in
948 606 1017 631 vivi-

225 649 274 671 tate
286 648 372 670 nostra
385 644 479 669 imitati
492 644 554 673 sint.
567 652 700 678 casusque
712 643 830 669 fortunae
842 643 1016 678 gravissimos
1037 643 1038 648 ¹

224 681 419 717 patientissime
444 680 565 711 tulerint.
593 690 644 706 non
668 680 779 706 disticite
801 680 880 706 suerit
899 680 1016 706 oratione

223 718 373 753 complecti.
416 719 480 744 Nam
501 717 572 750 etQ.
590 718 704 744 Marcius
722 719 789 747 ltex.
804 727 888 752 quum
905 718 1015 743 unicum

225 764 346 783 summae
358 756 464 790 pietatis
475 764 651 790 summaeque
663 755 862 781 virtutistilium
870 755 1013 784 amisisset,

223 793 340 819 dolorem
354 792 494 827 prudentia
507 793 620 827 pervicit
631 797 656 818 et
667 801 697 818 eo
709 793 767 827 ipso
778 792 835 822 die,
849 801 902 827 quo
914 792 962 818 lilii
975 800 1016 818 ro-

223 840 287 866 gum
299 835 439 865 spectarat,
455 830 556 856 curiam
570 830 708 865 ingressus
719 834 759 856 est
770 835 947 864 senatumque
960 830 1016 855 ius-

222 869 258 894 sit
269 868 421 894 convenire.

223 905 328 932 Parthis
339 905 486 932 commisit.
502 905 590 930 occiso
603 904 670 935 lilio,
689 909 790 930 tantum
806 904 892 930 abfuit
904 909 932 930 ut
942 903 1016 930 dole-

223 947 274 973 ret,
289 947 318 968 ut
329 943 408 968 etiam
420 943 566 968 exereitum
580 942 770 976 increpaverit,
787 941 859 976 quod
872 942 953 967 unius
965 942 1016 967 mi-

223 978 279 1006 litis
299 980 397 1005 iactura
415 984 485 1005 tanto
499 988 578 1013 opere
593 984 819 1009 commoveretur,
843 979 1015 1013 hortatusque

223 1018 271 1047 sit,
289 1022 318 1043 ut
333 1017 432 1051 patriae
448 1017 554 1042 virtutis
567 1025 696 1042 memores
708 1025 755 1051 pro
766 1016 903 1050 republica
917 1015 1016 1042 sortiter
1037 1015 1038 1018 ’

222 1054 389 1081 dimicarent.
400 1053 686 1080 tiliimortuiultionem
698 1053 751 1079 sibi
763 1054 808 1079 uni
824 1053 1015 1088 relinquerent.

225 1093 281 1118 402.
304 1091 356 1117 Sed
369 1092 504 1125 antiquior
515 1094 542 1117 Ρ.
556 1091 668 1117 Crassus
677 1112 682 1120 ,
707 1091 748 1116 vir
757 1090 845 1116 clarus
856 1096 881 1117 et
892 1091 1017 1117 consula-

223 1130 270 1159 ris,
280 1128 401 1154 [Crassi
414 1129 462 1154 lilii
475 1133 585 1154 mortem
597 1134 623 1154 et
634 1128 737 1154 viduet
749 1128 960 1154 moderatissime
973 1133 1016 1154 tu-

224 1166 263 1192 lit.
301 1166 354 1192 Nec
370 1165 402 1191 ah
413 1166 472 1191 eius
485 1165 562 1191 laude
574 1165 660 1191 abfuit
671 1174 700 1191 ac
713 1165 821 1191 sortasse
833 1166 928 1191 Crasso
940 1174 1017 1199 prae-

222 1203 290 1229 stitit
301 1203 349 1229 Cn.
365 1203 476 1237 Caepio,
489 1203 536 1237 qui
548 1203 708 1237 Caepionem
720 1202 805 1228 tilium
817 1202 957 1237 naufragio
969 1202 1017 1229 ab·

222 1245 361 1274 sumptum
375 1240 408 1265 ita
420 1248 470 1265 non
483 1239 582 1269 doluit,
606 1245 634 1266 ut
649 1248 710 1266 eum
726 1248 759 1265 ne
777 1239 870 1265 leviter
880 1240 991 1274 quidem
1002 1248 1016 1265 e

222 1277 299 1303 vultu
312 1282 356 1303 aut
368 1276 421 1303 ulla
432 1277 550 1311 corporis
562 1282 634 1311 parte
646 1277 1015 1303 commotumesamiliaribus

221 1315 367 1349 quisquam
385 1313 439 1340 ullo
463 1319 539 1348 pacto
558 1315 683 1340 senserit.
730 1315 783 1340 Iam
809 1314 875 1348 quid
895 1315 1014 1345 Pisones,

221 1351 373 1381 Scaevolas,
387 1351 489 1381 Brutos.
499 1351 645 1382 Marcellos,
659 1351 788 1382 Metellos,
803 1351 926 1386 Lepidos,
942 1352 1017 1378 Aufi-

221 1389 280 1415 dios
292 1387 465 1414 enumerem?
478 1397 593 1423 quorum
604 1388 716 1424 singuli,
730 1388 855 1423 pluribus
866 1390 974 1415 amissis
987 1389 1018 1415 Ii-

222 1425 265 1452 liis
277 1425 319 1452 vel
332 1425 463 1452 uxoribus
475 1425 515 1451 vcl
528 1427 695 1460 parentibus,
704 1434 752 1452 nec
764 1426 910 1461 lugendum
923 1427 1018 1453 existi-

221 1467 341 1493 max-unt.
359 1467 385 1489 et
398 1471 475 1489 suam
488 1463 513 1489 in
527 1463 634 1490 illorum
647 1463 788 1489 funeribus
799 1465 925 1490 virtutem
937 1469 1017 1498 atque

220 1500 396 1527 constantiam
409 1508 460 1526 non
472 1500 525 1526 sibi
536 1500 634 1531 solum,
647 1500 694 1526 sed
706 1501 785 1527 etiam
796 1501 888 1536 generi
900 1502 1018 1527 nomini-

220 1546 274 1572 que
286 1538 404 1564 Romano
414 1537 558 1572 gloriosam
572 1537 626 1564 sore
637 1543 807 1572 putaverunt.

276 1574 378 1601 XXIX.
403 1576 458 1601 103.
481 1575 566 1601 Pudet
586 1576 612 1601 in
630 1576 747 1602 virorum
763 1576 934 1610 gravissimis
947 1576 1017 1602 casi-

219 1611 273 1639 bus
294 1611 446 1647 repetendis
463 1611 575 1647 longiori
592 1613 631 1638 uti
646 1613 776 1642 oratione.
799 1621 884 1647 quum
897 1615 1015 1639 virorum

219 1649 339 1675 maxime
353 1649 499 1683 peculiaris
511 1650 597 1676 virtus
607 1651 655 1680 sit,
673 1655 699 1676 et
713 1651 739 1676 in
752 1651 818 1676 viris
829 1649 976 1676 efflorescat
986 1658 1016 1676 ac

219 1686 311 1721 vigeat
326 1688 453 1713 maxime.
489 1686 669 1718 Quamobrem
685 1687 718 1713 de
735 1687 844 1714 feminis
863 1688 953 1722 potius
973 1687 1017 1713 di-

219 1723 336 1750 cendum
348 1728 396 1754 est,
410 1728 448 1753 ut,
460 1732 545 1758 quum
557 1733 602 1750 eas
613 1724 772 1750 fortissimas
783 1724 867 1750 fuisse
877 1725 1016 1760 cognitum

219 1761 268 1790 sit.
292 1765 347 1786 tum
364 1760 464 1795 pudeat
480 1761 552 1787 viros
567 1770 580 1787 a
594 1761 761 1788 mulierculis
772 1762 881 1788 virtutis
892 1761 1015 1796 exempla

219 1802 318 1833 petere,
332 1802 357 1824 et
368 1798 401 1823 ab
413 1798 446 1824 iis
457 1806 487 1824 ea
499 1799 596 1825 virtute
605 1819 611 1829 ,
627 1807 696 1834 quae
707 1800 828 1833 ipsorum
839 1800 945 1833 propria
956 1807 1015 1825 esse

219 1835 324 1865 debeat.
339 1834 426 1861 videri
439 1835 583 1869 aliquando
593 1841 743 1870 superatos.
772 1837 828 1862 ⁴04.
843 1837 920 1867 Nam,
933 1837 958 1862 si
968 1845 1016 1862 ve-

220 1881 280 1899 rum
291 1877 340 1902 est,
353 1873 426 1906 quod
436 1881 450 1898 a
462 1873 644 1907 Theophrasto
655 1873 755 1899 alicubi
766 1873 902 1907 proditum
914 1881 1016 1899 memo-

219 1910 274 1935 riae
295 1909 498 1940 mandavimus,
520 1910 612 1936 orbem
633 1915 763 1936 terrarum
779 1910 913 1936 theatrum
928 1910 1016 1945 quod-

219 1946 282 1972 dam
294 1954 352 1972 esse
364 1955 508 1981 magnum,
525 1946 617 1973 divina
628 1952 716 1974 mente
727 1947 872 1982 repletum,
894 1952 919 1973 et
929 1947 1016 1973 caele-

219 1984 268 2009 stis
284 1983 444 2009 indicandae
459 1984 606 2018 sapientiae
621 1985 706 2019 gratia
722 1989 775 2010 tam
790 1984 883 2010 multis
894 1984 1015 2019 undique

219 2020 418 2047 collucentibus
429 2022 592 2047 ornamentis
604 2021 766 2047 illustratum
779 2030 808 2047 ac
820 2021 970 2055 depictum:
988 2022 1014 2047 in

219 2066 250 2084 eo
264 2062 352 2084 autem
365 2057 453 2083 medio
464 2057 604 2084 collocatos
615 2066 674 2084 esse
686 2059 808 2084 homines
820 2067 834 2084 a
845 2058 904 2089 deo,
913 2064 941 2085 ut
952 2067 1014 2085 cum

219 2094 335 2124 fortuna,
348 2094 448 2125 dolore,
461 2095 576 2126 morbis,
591 2100 709 2130 egestate
720 2096 884 2130 casibusque
895 2095 1016 2130 permul-

218 2132 254 2158 tis
270 2131 378 2159 assidue
403 2131 549 2163 luctentur;
572 2132 653 2158 deum
673 2141 736 2159 vero
757 2133 846 2167 ipsum
856 2154 862 2163 ,
883 2138 1014 2167 quantum

218 2170 336 2204 quisque
350 2169 496 2204 pugnando
512 2169 610 2200 valeat,
628 2178 765 2205 quamque
781 2169 896 2196 viriliter
911 2170 1016 2197 fortitu-

218 2206 282 2233 dine
293 2206 426 2233 divinitus
437 2212 543 2241 accepta
556 2212 654 2237 utatur,
662 2207 780 2241 desuper
790 2212 939 2242 aspectare‘,
954 2208 1012 2238 hoc,

218 2243 344 2278 inquam,
361 2245 385 2271 si
402 2252 495 2271 verum
511 2249 564 2274 est,
582 2244 701 2270 dubitari
717 2244 834 2279 profecto
848 2253 901 2271 non
917 2250 1013 2279 potest,

218 2282 294 2315 quin,
307 2281 535 2315 quemadmodum
547 2281 806 2316 populusRomanus
817 2282 844 2308 in
856 2283 1015 2308 muneribus

219 2318 336 2352 publicis
348 2319 452 2345 invisos
464 2319 543 2346 hahet
553 2318 723 2354 gladiatores,
737 2320 786 2354 qui
796 2320 870 2346 omni
882 2319 961 2346 modo
973 2321 1015 2346 vi-

218 2359 271 2381 tam
282 2356 424 2390 impetrare
436 2357 558 2390 cupiunt,
568 2355 639 2382 favet
650 2357 693 2387 iis,
701 2357 749 2391 qui
760 2361 943 2391 contemptum
955 2357 1014 2383 eius

217 2400 280 2425 prae
292 2400 320 2417 se
332 2392 432 2425 ferunt3
450 2393 544 2420 itidem
555 2393 593 2419 dii
608 2393 786 2424 immortales,
803 2394 827 2420 si
837 2402 906 2428 quos
920 2402 953 2420 ex
965 2394 1014 2420 ho-

218 2429 339 2455 minibus
354 2431 435 2456 nimis
447 2431 526 2457 anxie
537 2430 570 2457 de
583 2431 636 2456 vita
650 2430 779 2457 sollicitos
789 2431 1013 2465 eiusqueexitum

217 2465 393 2492 detrectantes
408 2469 553 2501 aspiciant,
578 2469 610 2493 iis
625 2468 716 2502 aliquo
732 2468 811 2494 modo
822 2473 1010 2494 succenseant:

217 2510 262 2529 eos
277 2511 340 2529 vero
354 2508 379 2529 et
390 2512 464 2530 caros
475 2505 589 2531 habeant
599 2510 625 2531 et
635 2505 794 2531 muneribus
805 2511 1011 2540 prosequantur,

216 2540 278 2574 qui,
296 2540 319 2566 si
335 2548 349 2566 e
365 2541 419 2566 vita
434 2547 591 2568 revocentur
606 2542 658 2576 ipsi
674 2541 716 2568 vel
728 2551 792 2568 suos
805 2543 924 2568 revocari
937 2542 1014 2568 vide-

216 2581 261 2603 ant
272 2597 278 2606 .
300 2576 400 2603 alacres
417 2577 530 2612 laetique
546 2579 596 2605 deo
611 2584 721 2613 pareant
735 2579 859 2614 nihilque
873 2585 1011 2614 propterea

217 2613 282 2640 mali
293 2614 347 2640 sibi
358 2614 489 2640 accidisse
502 2615 629 2642 iudicent.
670 2616 759 2643 XXX.
778 2617 834 2642 ⁴05.
849 2616 926 2648 Quod
937 2618 961 2643 si
973 2616 1013 2642 se-

215 2652 303 2678 minas
314 2651 479 2686 praestitisse
496 2651 687 2687 intelligimus:
707 2662 756 2680 cur
770 2654 804 2680 iis
821 2653 1011 2680 imbecilliores

374 571 428 595 401.
456 569 541 603 Atque
564 568 657 594 horum
682 569 788 603 egregia
815 569 840 594 in
861 568 1016 594 domesticis
1037 567 1038 570 ’

461 868 573 893 Crassus
585 876 647 893 vero
658 868 684 893 in
697 876 727 893 eo
738 867 850 901 praelio.
869 866 940 901 quod
954 875 1015 892 cum
1037 869 1039 882 ἓ

951 125 982 151 Τ.
1013 124 1284 152 CICERONIS

1067 201 1146 231 atque
1169 196 1326 222 infirmiores
1351 196 1436 223 videri
1457 196 1539 224 velint
1561 196 1629 224 viri?
1658 198 1750 233 Neque
1770 197 1857 226 solum

1068 242 1147 259 unam
1160 233 1278 268 aliquam
1289 242 1303 258 e
1315 233 1406 260 multia
1419 233 1554 264 [eminam.
1563 236 1609 261 ned
1621 240 1700 262 totam
1710 241 1816 271 gentem
1829 244 1859 263 ac

1068 272 1215 300 nationem,
1234 275 1262 296 ut
1279 271 1392 296 niarium
1409 272 1520 302 virtute,
1538 274 1576 298 sic
1588 272 1747 299 seminarum
1759 275 1857 300 eximia

1067 307 1183 342 quintam
1204 307 1388 341 magnitudine
1408 309 1490 334 animi
1513 310 1675 343 praestitisse
1693 313 1858 345 accepimus.

1071 347 1125 370 106,
1140 345 1273 371 Lacaenas
1283 346 1355 370 enim
1368 350 1509 375 matronas,
1525 347 1650 373 traditum
1661 349 1815 376 est.occisis
1827 347 1860 373 fi·

1070 381 1112 407 liis
1134 382 1243 408 vulnera
1262 383 1394 416 inspicere
1411 384 1598 409 consuevisse:
1621 393 1664 413 ac.
1686 385 1709 411 si
1732 385 1860 412 adversos

1068 418 1220 445 vulneratos
1231 426 1290 445 esse
1301 420 1506 454 comperissent,
1531 420 1703 447 laetabundas
1715 421 1797 448 funus
1807 422 1860 448 du-

1067 465 1242 491 ccre,eosque
1255 457 1280 482 in
1293 457 1362 482 avitu
1373 457 1494 491 sepulcra
1507 457 1603 484 intem.-
1613 459 1783 486 wltonem-2
1795 467 1860 486 con-

1068 498 1105 519 tra
1123 502 1197 524 vero=
1220 502 1288 528 quos
1303 495 1405 520 aversis
1422 494 1579 520 vulneribus
1595 497 1716 522 concisos
1732 504 1861 529 senesce-

1069 530 1145 560 bant.
1163 531 1196 556 ab
1214 531 1246 557 iis
1263 530 1438 566 refugientes.
1456 532 1523 557 elam
1540 532 1709 567 sepeliendos
1719 529 1858 564 curabant.

1069 576 1116 594 nec
1133 567 1187 594 ullo
1203 577 1311 602 prorsus
1327 569 1424 595 honore
1437 568 1538 595 tum-ris
1550 571 1750 605 prosequendos
1760 575 1861 597 statue-

1069 606 1140 631 bant.
1182 606 1294 631 Tantum
1313 606 1338 632 in
1356 605 1480 632 femineis
1490 615 1598 641 quoque
1609 608 1707 634 animis
1718 607 1801 634 decus
1812 616 1861 642 po-

1068 647 1133 668 terat
1153 647 1178 669 et
1198 642 1318 669 studium
1334 643 1444 678 gloriae.
1488 645 1543 670 ⁴07.
1564 644 1621 676 Qua
1638 653 1671 671 ex
1686 650 1764 680 gente
1779 646 1859 671 etiam

1068 679 1135 705 illud
1151 680 1182 705 ad
1200 688 1247 706 nos
1263 680 1428 715 praeclarum
1449 680 1611 712 dimanavit,
1634 687 1744 708 matrem
1763 690 1861 717 quarn—

1067 717 1128 743 dam
1141 717 1241 748 lilium,
1262 718 1335 744 senis
1349 718 1502 744 confossum
1517 718 1689 748 vulneribus.
1712 719 1859 745 intuentem

1068 763 1115 780 nec
1127 755 1262 787 ingemere
1269 755 1396 784 voluisse.
1405 764 1582 782 neccoronam
1594 765 1608 782 e
1619 758 1705 791 capite
1716 756 1858 791 deponere,

1067 792 1123 822 sed,
1137 792 1169 817 ad
1181 792 1292 818 comites
1305 801 1472 823 conversam.
1485 794 1519 819 ita
1532 793 1660 820 locutam:
1683 795 1787 825 Quanto
1799 793 1861 828 pul-

1066 829 1158 855 chrius
1170 834 1195 855 et
1205 829 1352 864 optabilius
1362 835 1402 856 est
1413 831 1439 856 in
1451 831 1507 856 acie
1519 831 1646 857 victorem
1658 832 1774 857 animam
1786 830 1861 857 eslln-

1067 875 1107 897 re,
1123 875 1204 901 quam
1217 868 1243 893 in
1254 866 1380 902 Olympio
1390 868 1534 894 certamine
1546 873 1619 902 parta
1635 869 1743 894 victoria
1755 868 1858 894 vivere!

1066 904 1099 930 Aa
1110 903 1170 934 alia,
1184 904 1269 930 tilium
1283 905 1309 930 in
1321 904 1420 939 praelio
1432 905 1600 931 interfectum
1613 905 1735 935 audiens.
1749 905 1859 936 Idcirco,

1068 942 1168 975 inquit.
1185 950 1343 977 genueram,
1368 947 1396 968 ut
1412 947 1522 968 mortem
1540 951 1587 977 pro
1602 943 1686 977 patria
1705 942 1862 969 fortiteroc-

1066 978 1193 1004 cumbere
1205 988 1256 1005 non
1267 979 1410 1005 dubitaret.
1451 979 1551 1006 XXXI.
1570 982 1624 1006 ⁴08.
1646 980 1717 1012 Quid
1730 980 1772 1006 his
1783 979 1862 1006 temi-

1068 1016 1110 1042 nis
1122 1015 1216 1046 facias.
1239 1021 1284 1042 aut
1298 1025 1352 1051 quo
1364 1025 1415 1042 non
1428 1016 1526 1043 honore
1537 1025 1566 1043 ac
1578 1017 1754 1051 gratulatione
1764 1017 1862 1049 dis-'nas

1068 1058 1159 1087 putes,
1177 1062 1245 1088 quae
1261 1053 1293 1079 de
1310 1055 1410 1088 patriae
1424 1053 1554 1089 dignitate
1565 1054 1653 1089 deque
1664 1054 1748 1089 gloria
1760 1054 1862 1080 sollici-

1068 1095 1108 1116 tae
1126 1090 1263 1117 honestam
1279 1096 1389 1117 mortem
1400 1091 1490 1117 cuivis
1500 1091 1580 1118 saluti
1592 1100 1621 1117 ac
1634 1091 1708 1118 lucro
1718 1097 1862 1126 antepone-

1068 1128 1137 1154 rent!
1160 1128 1215 1163 Age
1228 1136 1299 1158 vero,
1316 1136 1381 1154 num
1393 1128 1520 1154 Lacaenis
1532 1129 1709 1155 Romanarum
1722 1129 1809 1155 virtus
1819 1129 1862 1155 in-

1069 1164 1165 1191 ferior?
1187 1166 1233 1191 I'ar
1245 1165 1369 1195 sortasse,
1387 1165 1439 1191 nisi
1455 1166 1533 1191 malis
1544 1166 1624 1191 etiam
1635 1167 1802 1200 superiorem
1814 1174 1863 1200 ap-

1068 1202 1176 1236 pellare.
1216 1202 1301 1234 Quam
1324 1201 1398 1229 l'ortis
1419 1203 1491 1228 enim
1511 1208 1537 1229 et
1556 1211 1637 1237 quam
1654 1203 1794 1239 magnifica
1816 1202 1861 1229 illa

1067 1239 1205 1265 Corneliae
1224 1248 1290 1269 vox.
1313 1248 1396 1274 quae,
1422 1239 1582 1266 duodecimo
1603 1241 1655 1266 iam
1677 1240 1731 1267 fetu
1751 1241 1860 1271 amisso,

1067 1285 1152 1311 quum
1168 1277 1306 1303 Tiberium
1323 1282 1349 1303 et
1359 1277 1452 1304 Caium
1470 1277 1538 1303 [ilios
1550 1277 1703 1304 interfectos
1713 1278 1864 1312 spectavis-

1066 1319 1120 1345 set,
1143 1314 1217 1341 nullo
1232 1315 1326 1341 timore
1344 1314 1467 1349 perculsa
1483 1314 1611 1349 nulloque
1627 1314 1717 1341 dolore
1731 1314 1860 1346 confecta,

1068 1352 1231 1386 Numquam,
1246 1352 1342 1387 inquit,
1359 1360 1408 1387 ego
1419 1360 1462 1378 me
1473 1360 1524 1378 non
1538 1351 1643 1378 felicem
1654 1352 1780 1382 dixerim,
1793 1360 1863 1387 quae

1067 1389 1203 1415 Gracchos
1214 1389 1375 1424 pepererim.
1398 1389 1501 1415 Fortem
1515 1398 1577 1416 vero
1589 1389 1760 1420 feminam,et
1773 1389 1863 1416 cuivis

1067 1434 1101 1452 ex
1112 1427 1249 1453 veteribus
1261 1427 1358 1453 mentis
1369 1427 1529 1461 praestantia
1541 1435 1570 1453 ac
1582 1427 1767 1463 magnitudine
1779 1427 1863 1453 animi

1067 1463 1270 1490 conferendam!
1294 1465 1350 1490 Non
1362 1465 1434 1490 enim
1445 1463 1530 1490 dolori
1541 1465 1685 1494 concessit,
1702 1464 1749 1490 sed
1761 1465 1860 1499 potius.

1067 1509 1152 1536 quum
1169 1502 1267 1528 virtute
1283 1502 1406 1531 vicisset,
1427 1502 1525 1528 victrix
1540 1501 1573 1527 de
1588 1501 1678 1528 dolore
1693 1502 1863 1536 triumphum

1067 1539 1132 1573 egit.
1164 1540 1220 1564 ⁴09.
1238 1538 1311 1565 Nihil
1324 1539 1377 1565 iam
1388 1538 1516 1565 Rutiliam
1528 1539 1666 1569 miremur,
1679 1547 1748 1574 quae
1759 1538 1789 1565 C.
1801 1539 1864 1566 Cot-

1067 1581 1120 1602 tam
1134 1575 1218 1602 filium
1231 1576 1258 1602 in
1270 1575 1399 1602 exsilium
1409 1581 1513 1606 secuta,
1526 1584 1611 1611 quum
1624 1581 1714 1611 postea
1724 1584 1864 1602 reversum

1068 1613 1094 1639 in
1108 1614 1220 1647 patriam
1231 1614 1376 1643 amisisset,
1385 1621 1464 1639 nemo
1473 1622 1532 1640 eam
1544 1614 1726 1640 lacrimantem
1738 1618 1798 1648 post
1807 1613 1864 1640 ela-

1067 1655 1124 1676 tum
1141 1649 1222 1677 sunus
1238 1650 1316 1677 vidit.
1357 1651 1471 1685 Parique
1486 1650 1539 1677 sato
1553 1650 1645 1677 Clodia
1661 1659 1709 1677 usa
1722 1656 1775 1681 est,
1792 1658 1864 1685 quae

1067 1688 1097 1713 D.
1111 1688 1220 1714 Brutum
1237 1687 1323 1713 filium
1339 1688 1507 1714 consularem
1522 1693 1658 1715 mortuum
1672 1692 1809 1722 superstes
1820 1688 1864 1713 vi-

1067 1725 1119 1755 dit,
1138 1733 1225 1759 neque
1240 1730 1328 1751 tamen
1345 1725 1404 1751 eius
1419 1725 1523 1751 obitum
1538 1734 1590 1751 non
1603 1724 1704 1751 sortiter
1713 1730 1739 1751 et
1750 1725 1863 1759 patienti

1067 1762 1156 1788 animo
1172 1762 1242 1788 tulit.
1281 1761 1355 1794 Quae
1372 1762 1479 1788 virtutis
1494 1770 1546 1788 non
1563 1762 1684 1797 vulgaria
1705 1763 1732 1788 in
1753 1761 1863 1788 feminis

1067 1799 1189 1833 exempla
1202 1799 1292 1825 mirari
1305 1799 1404 1834 aliquis
1415 1800 1512 1833 possit,
1535 1800 1583 1834 qui
1595 1807 1678 1826 sexus
1689 1798 1864 1825 imbecillita-

1067 1841 1119 1862 tem
1131 1844 1161 1862 ac
1172 1835 1312 1862 mollitiem
1323 1837 1430 1871 cogitet.
1457 1837 1494 1862 Ac
1505 1844 1576 1867 vero.
1590 1837 1638 1871 qui
1650 1836 1804 1863 fortissimis
1814 1844 1863 1872 ge-

1067 1874 1136 1899 nitas
1146 1873 1317 1907 parentibus,
1333 1878 1359 1900 et
1371 1872 1484 1900 fortibus
1496 1875 1576 1899 etiam
1588 1874 1648 1899 avis
1659 1873 1863 1908 maioribusque

1066 1916 1208 1945 prognatus
1220 1910 1373 1937 recordatus
1385 1910 1473 1940 fuerit.
1483 1910 1569 1937 nihilo
1580 1910 1614 1936 ab
1624 1911 1664 1937 eis
1675 1912 1807 1937 minorem
1817 1909 1862 1937 vel

1066 1947 1237 1982 prudentiam
1248 1947 1290 1973 vel
1301 1948 1385 1974 animi
1397 1948 1610 1984 magnitudinem
1622 1949 1750 1983 requirat.

1122 1984 1235 2011 XXXII.
1260 1986 1315 2011 tto.
1337 1985 1385 2011 Est
1399 1993 1462 2020 ergo
1477 1984 1532 2011 ulla
1548 1994 1590 2011 res
1606 1986 1671 2012 tanti
1685 1990 1863 2012 autcommo-

1066 2021 1131 2047 dum
1143 2021 1230 2048 ullum
1242 2027 1294 2048 tam
1306 2022 1496 2057 expetendum,
1509 2027 1552 2053 ut,
1566 2022 1612 2049 illo
1623 2023 1736 2053 amisso,
1753 2030 1786 2048 ne
1796 2030 1863 2057 pru-

1043 2069 1044 2086 :
1067 2059 1185 2085 dentiam
1206 2059 1318 2094 quidem
1337 2059 1518 2086 retineamus?
1536 2059 1610 2091 Quae
1627 2061 1650 2085 si
1666 2059 1720 2086 ulla
1736 2060 1763 2085 in
1783 2059 1862 2086 uobis

1067 2096 1174 2126 residet,
1189 2105 1236 2123 nos
1247 2096 1364 2131 profecto
1379 2096 1420 2122 vel
1433 2097 1518 2123 avitae
1529 2096 1572 2123 vel
1584 2097 1684 2131 patriae
1695 2097 1803 2123 virtutis
1814 2096 1863 2123 ad-

1067 2139 1165 2163 monet.
1179 2142 1228 2160 nec
1238 2134 1271 2160 de
1281 2134 1435 2164 Pisonibus‚
1449 2134 1549 2164 Fabiis,
1562 2134 1660 2164 Brutis,
1673 2133 1807 2160 Marcellis
1816 2141 1863 2160 oo-

1066 2172 1195 2205 gitantes.
1213 2179 1280 2206 quos
1294 2171 1433 2197 imitemur
1442 2176 1492 2197 eta
1506 2170 1608 2206 quibus
1618 2175 1706 2197 ortum
1718 2171 1859 2202 ducamus,

1067 2209 1238 2234 immemores
1261 2216 1319 2234 esse
1338 2208 1445 2243 patitur.
1487 2210 1543 2234 Ill.
1565 2208 1665 2234 Horum
1685 2208 1758 2234 enim
1778 2209 1862 2235 armis

1067 2246 1174 2280 imperii
1187 2245 1252 2271 fines
1263 2245 1386 2280 producti
1397 2250 1474 2271 sunt:
1496 2245 1591 2272 horum
1603 2246 1735 2281 sanguine
1745 2250 1820 2280 parta
1831 2253 1862 2272 ac

1065 2282 1184 2309 stabilita
1196 2283 1318 2309 libertas:
1335 2282 1430 2309 horum
1441 2282 1560 2317 denique
1571 2282 1660 2309 labore
1671 2282 1862 2309 aestudiores-

1065 2319 1174 2354 publiea
1190 2319 1223 2346 ad
1241 2324 1338 2346 tantam
1354 2320 1478 2354 pervenit
1491 2320 1550 2346 sive
1565 2319 1677 2346 bellicae
1694 2319 1782 2346 laudis
1801 2320 1861 2346 sive

1065 2357 1226 2383 domesticae
1239 2357 1348 2383 virtutis
1357 2356 1482 2392 gloriam.
1512 2356 1632 2389 Quorum
1643 2357 1671 2383 in
1683 2357 1798 2392 vestigia
1810 2364 1861 2391 pe-

1064 2394 1126 2420 dem
1141 2402 1239 2428 ponere
1252 2399 1367 2429 oportet,
1384 2394 1433 2429 qui
1449 2393 1620 2420 laudabiliter
1635 2394 1739 2424 vivere,
1755 2394 1860 2428 quique

1065 2431 1185 2457 honestis
1197 2432 1224 2457 in
1235 2431 1386 2457 actionibus
1397 2432 1516 2457 exemeri
1529 2430 1623 2458 volunt
1637 2439 1685 2457 nec
1694 2430 1750 2457 ullo
1760 2430 1859 2456 mentis

1064 2477 1150 2494 errore
1170 2468 1202 2494 ad
1222 2469 1338 2494 nimium
1356 2467 1476 2495 dolorem
1495 2473 1574 2503 atque
1594 2468 1727 2494 insaniam
1742 2467 1857 2494 traduci.

1064 2506 1270 2531 Nominavimus
1285 2511 1409 2533 externos
1423 2514 1535 2541 magnos
1549 2505 1688 2540 clarosque
1698 2504 1785 2535 viros;
1802 2504 1860 2531 col-

1064 2542 1180 2578 legimus
1195 2542 1228 2569 de
1244 2543 1341 2569 nostris
1355 2542 1501 2577 plurimos,
1523 2542 1625 2577 quibus
1645 2542 1739 2568 mortis
1761 2549 1858 2568 sensus

1064 2587 1116 2605 non
1128 2579 1206 2606 modo
1217 2589 1268 2606 non
1281 2580 1410 2615 ingratus,
1419 2579 1467 2606 sed
1478 2580 1558 2606 etiam
1569 2583 1674 2613 optatus
1685 2583 1711 2605 et
1720 2578 1858 2605 iucundus

1063 2616 1170 2643 accidit.
1210 2617 1339 2647 Addatur.
1352 2617 1376 2643 si
1389 2617 1484 2651 placet,
1500 2617 1580 2643 etiam
1591 2616 1780 2646 Theramenes,
1796 2616 1856 2650 qui,

1063 2662 1167 2680 veneno
1176 2659 1262 2689 epoto,
1271 2654 1388 2681 maxima
1394 2654 1527 2689 aequitate
1533 2653 1626 2684 animi,
1636 2652 1732 2679 ludens
1746 2653 1773 2679 in
1785 2661 1858 2680 mor·
