1941 3052
419 130 470 157 DE
500 130 673 157 NATURA
704 129 889 156 DEORUM

66 205 99 230 tis
114 211 167 229 una
183 201 315 228 videatur.
356 201 471 228 Puderet
481 210 524 228 me
534 201 623 228 dicere
635 210 685 227 non
698 200 857 236 intelligere,

65 241 89 267 si
101 248 147 266 vos
158 240 211 274 ipsi
223 238 418 274 intelligeretis,
432 239 480 273 qui
492 239 540 265 ista
552 238 706 264 defenditis.
733 238 791 270 Quo
803 246 860 264 mo-

65 277 99 304 do
114 277 186 303 enim
202 276 312 311 probas,
330 277 496 302 continenter
512 277 644 311 imagines
661 275 741 301 ferri‘?
761 280 818 305 aut,
837 275 860 300 si
881 290 882 303 2

65 314 239 344 continenter,
252 322 306 348 quo
318 313 396 339 modo
407 313 547 340 aeternae?
560 312 804 343 Innumerabilitas,
819 313 861 338 in-
880 311 882 340 l

65 352 140 386 quis,
163 351 319 386 suppeditat
333 355 491 377 atomorum.
531 351 602 376 Num
618 350 711 376 eadem
727 358 790 385 ergo
811 350 860 375 ista

65 388 152 419 faciet,
165 393 195 414 ut
205 388 260 414 sint
269 388 358 414 omnia
370 387 551 422 sempiterna?
561 387 690 423 Confugis
701 387 733 413 ad
745 386 862 421 aequili-
881 415 890 425 ,‚

64 426 202 452 britatem:
219 425 268 460 (sic
279 426 352 451 enim
364 424 508 460 ἰσονομίαν,
519 425 543 451 si
555 424 653 459 placet,
667 423 861 459 appellemusz)
888 446 890 459 ⁴

64 468 90 490 et
101 463 150 493 ais,
164 463 291 497 quoniam
303 463 338 489 sit
349 467 441 488 natura
453 462 581 492 mortalis,
591 461 769 488 immortalem
781 462 861 487 etiam
888 463 890 478 ¹

64 508 123 527 esse
135 504 265 534 oportere.
298 500 350 526 Isto
362 499 449 531 modo,
461 500 590 534 quoniam
602 499 724 525 homines
737 498 861 524 mortales
881 506 883 534 ς

64 542 136 569 sunt,
145 539 198 563 sint
209 537 293 572 aliqui
305 536 482 563 immortales:
500 542 525 563 et
535 537 664 571 quoniam
676 541 823 562 nascuntur
834 536 861 561 in

64 579 142 605 terra,
156 579 300 601 nascantur
310 575 374 601 etin
386 583 468 609 aqua:
482 578 524 600 »et
533 574 597 608 quia
608 578 679 604 sunt,
688 581 757 608 quae
769 573 862 599 interi-
882 571 883 590 ἶ

63 616 146 643 mant,
161 616 232 643 sunt,
246 620 315 647 quae
325 616 513 638 conservent.«
532 611 591 637 Sint
602 620 678 637 sane:
692 610 740 636 sed
751 619 780 636 ea
792 619 861 644 quae
881 619 882 627 ¹

63 654 232 680 conservent,
245 658 314 684 quae
324 648 404 675 sunt‘?
436 651 491 675 ΗΟ,
511 649 577 674 Deos
590 649 653 674 istos
665 657 724 674 esse
736 656 788 674 non
799 656 860 673 sen·
881 660 883 685 ὲ

64 687 111 714 tio.
151 686 246 713 Omnis
260 691 348 713 tamen
364 687 414 713 ista
431 695 520 712 rerum
536 685 641 721 effigies
656 694 690 711 ex
709 684 861 711 individuis

63 732 118 759 quo
134 724 212 750 modo
230 724 388 758 corporibus
406 722 508 750 oritur‘?
529 731 598 758 quae
618 723 698 749 etiam
717 723 742 748 si
760 726 858 752 essent,
881 741 882 749 1

63 770 133 796 quae
145 761 217 788 nulla
229 766 303 793 sunt3
317 760 417 796 pellere
427 769 456 787 se
466 762 524 795 ipsa
536 764 561 786 et
571 761 666 795 agitari
679 761 747 786 inter
757 768 785 785 se
797 767 861 785 con-
881 767 890 793 Ἠ

63 807 146 825 cursu
163 798 272 825 tortasse
287 802 409 833 possent:
431 797 558 828 formare,
581 797 710 832 figurare,
732 796 858 826 colorare,
881 797 883 805 '

64 837 182 862 animare
196 844 247 862 non
259 839 378 870 possent.
406 835 486 861 Nullo
499 835 581 870 igitur
592 834 671 861 modo
683 834 860 860 immortalem

63 873 145 899 deum
156 873 272 899 efficitis.
313 873 370 899 XL.
392 872 540 899 Videamus
550 880 621 898 nunc
634 871 666 897 de
678 871 764 897 beato.
797 871 860 897 Sine

64 911 162 937 virtute
182 914 251 936 certe
272 909 346 936 nullo
366 909 458 936 modo:
482 910 568 935 virtus
583 914 672 935 autem
693 913 813 935 actuosa:
836 913 861 934 et
881 924 883 929 ι

63 946 131 974 deus
145 952 233 974 vester
244 947 312 973 nihil
323 956 420 983 agens:
438 955 534 981 expers
546 947 655 972 virtutis
667 947 763 982 igitur:
782 947 815 972 ita
828 954 860 972 ne

62 984 157 1011 beatus
168 984 290 1020 quidem.
333 986 388 1011 m.
410 984 483 1016 Quae
495 992 558 1019 ergo
569 983 641 1010 vita‘?
661 983 858 1018 Suppeditatio,

62 1022 169 1057 inquis,
183 1022 328 1053 bonorum,
347 1021 422 1048 nullo
437 1021 569 1047 malorum
584 1021 747 1047 interventu.
788 1021 861 1053 Quo-

62 1068 123 1086 rum
133 1059 241 1086 tandem
253 1058 403 1086 bonorum?
413 1058 596 1093 Voluptatum,
609 1058 703 1091 credo;
717 1067 813 1093 nempe
827 1058 860 1084 ad

62 1105 159 1131 corpus
180 1097 384 1132 pertinentium.
425 1096 533 1122 Nullam
557 1096 629 1122 enim
652 1096 779 1126 novistis,
807 1096 860 1122 nisi

61 1133 207 1169 profectam
219 1143 233 1161 a
244 1143 353 1169 corpore
365 1139 390 1160 et
401 1133 557 1160 redeuntem
570 1133 603 1159 ad
614 1142 711 1168 corpus
722 1134 806 1159 animi
814 1142 861 1159 vo-

63 1171 202 1206 luptatem.
243 1172 300 1198 Non
312 1172 426 1198 arbitror
437 1176 470 1202 te,
484 1170 578 1202 Vellei,
592 1170 710 1197 similem
722 1179 781 1197 esse
795 1171 861 1206 Epi-

61 1218 202 1236 cureorum
219 1209 398 1244 reliquorum,
417 1217 484 1243 quos
500 1208 570 1235 non*
582 1208 682 1243 pudeat
692 1217 784 1234 earum
796 1209 861 1243 Epi-

61 1247 120 1273 curi
132 1255 239 1277 vocum,
248 1246 349 1281 quibus
361 1246 407 1272 ille
419 1250 537 1277 testatur,
552 1255 581 1272 se
593 1254 626 1272 ne
638 1245 787 1281 intelligere
798 1247 862 1281 qui-

62 1284 123 1311 dem
136 1283 223 1310 ullum
235 1284 349 1315 bonum,
367 1283 440 1319 quod
456 1284 491 1310 sit
505 1284 658 1310 seiunctum
674 1292 687 1309 a
702 1283 824 1310 delicatis
836 1288 861 1310 et

61 1321 187 1348 obscenis
203 1321 400 1356 voluptatibus:
421 1329 489 1356 quas
503 1320 614 1356 quidem
630 1329 681 1347 non
697 1321 860 1347 erubescens

61 1359 235 1393 persequitur
253 1367 347 1385 omnes
369 1359 538 1385 nominatim.
582 1360 638 1384 ΗΞ.
659 1358 745 1390 Quem
767 1358 858 1385 cibum

61 1397 153 1431 igitur,
162 1400 207 1422 aut
217 1404 285 1431 quas
297 1397 427 1431 potiones,
441 1400 487 1422 aut
497 1404 565 1430 quas
577 1404 673 1422 vocum
685 1401 730 1422 aut
740 1395 859 1422 colorum

61 1434 217 1464 varietates,
235 1438 280 1460 aut
291 1442 359 1468 quos
371 1437 470 1463 tactus,
485 1442 554 1468 quos
564 1433 658 1459 odores
670 1433 814 1460 adhibebis
826 1433 859 1460 ad

61 1470 139 1502 deos,
158 1475 187 1497 ut
202 1479 247 1497 eos
262 1470 409 1505 perfundas
423 1470 627 1505 voluptatibus?
646 1471 684 1497 Ac
694 1475 787 1506 poetae
797 1471 861 1506 qui-

61 1507 123 1534 dem
140 1511 231 1534 nectar
245 1508 464 1543 ambrosiamque
479 1508 568 1543 epulis
584 1513 752 1543 comparant,
775 1513 801 1535 et
815 1513 861 1535 aut

61 1546 226 1572 Iuventatem
239 1549 285 1572 aut
295 1545 480 1582 Ganymedem
492 1545 587 1580 pocula
599 1546 813 1572 ministrantem:
831 1550 859 1572 tu

61 1587 163 1614 autem,
177 1583 306 1617 Epicure,
327 1583 393 1618 quid
406 1582 506 1609 facies?
520 1583 614 1618 Neque
625 1584 711 1614 enim,
728 1583 800 1610 unde
812 1583 860 1609 ha-

60 1619 122 1646 beat
133 1620 182 1646 ista
194 1620 261 1646 deus
273 1624 345 1651 tuus,
359 1620 447 1651 video,
460 1628 517 1651 nec,
531 1620 666 1655 quomodo
678 1625 776 1647 utatur.
808 1621 860 1647 Lo-

60 1656 192 1692 cupletior
208 1657 291 1693 igitur
306 1657 448 1684 hominum
465 1662 558 1684 natura
574 1657 607 1684 ad
623 1658 698 1684 beate
710 1658 859 1685 vivendum

60 1699 113 1726 est,
131 1703 213 1729 quam
227 1694 352 1727 deorum,
372 1695 445 1730 quod
460 1694 587 1730 pluribus
602 1696 749 1731 generibus
762 1695 860 1723 fruitur

61 1731 240 1766 voluptatum.
284 1734 340 1759 413.
362 1732 395 1760 At
410 1732 457 1759 has
474 1732 588 1759 leviores
606 1733 676 1759 dicis
698 1733 857 1768 voluptates,

60 1769 162 1804 quibus
177 1770 256 1805 quasi
272 1769 389 1797 titillatio
402 1770 524 1805 (Epicuri
539 1771 612 1796 enim
625 1770 674 1797 hoc
685 1771 799 1797 verbum
811 1771 860 1807 est)

60 1806 187 1833 sensibus
207 1807 361 1834 adhibetur.
402 1807 550 1843 Quousque
571 1807 661 1834 ludis‘?
690 1809 758 1835 Nam
782 1809 859 1835 Philo

60 1844 141 1870 etiam
157 1849 246 1871 noster
261 1844 329 1871 ferre
349 1853 400 1871 non
420 1849 536 1879 poterat,
557 1846 695 1880 aspernari
711 1846 859 1881 Epicureos

60 1880 156 1907 molles
167 1885 193 1908 et
203 1881 330 1908 delicatas
343 1881 505 1917 voluptates;
529 1891 635 1909 summa
646 1884 718 1910 enim
731 1885 859 1910 memoria

59 1918 251 1953 pronuntiabat
266 1918 397 1953 plurimas
413 1920 523 1954 Epicuri
542 1921 701 1952 sententias,
728 1921 770 1947 his
792 1922 860 1956 ipsis

60 1955 161 1986 verbis,
170 1955 272 1990 quibus
278 1960 353 1982 erant
363 1957 487 1991 scriptae.
528 1957 670 1984 Metrodori
682 1966 753 1989 vero,
761 1960 809 1993 qui
820 1964 861 1986 est

59 1992 171 2027 Epicuri
182 1992 283 2029 collega
294 1993 542 2028 sapientiae,multa
555 1994 753 2029 impudentiora
765 1997 860 2022 recita-

59 2029 115 2056 bat.
146 2029 261 2057 Accusat
270 2031 343 2057 enim
350 2031 536 2061 Timocratem,
546 2030 653 2058 fratrem
665 2041 755 2064 suum,
764 2033 860 2060 Metro-

59 2067 151 2098 dorus,
160 2067 232 2102 quod
244 2067 350 2095 dubitet
359 2069 536 2103 omnia,quae
543 2068 575 2095 ad
588 2069 691 2095 beatam
704 2071 786 2096 vitam
798 2079 860 2105 per—

59 2105 175 2136 tineant,
188 2109 280 2131 ventre
291 2106 393 2132 metiri:
412 2114 499 2140 neque
512 2105 538 2132 id
550 2106 632 2132 semel
644 2106 722 2133 dicit:
741 2107 788 2133 sed
800 2116 860 2134 sae-

59 2142 133 2177 pius.
166 2142 291 2169 Annuere
304 2147 328 2169 te
340 2142 428 2169 video.
470 2143 535 2169 Nota
547 2144 619 2169 enim
633 2144 681 2170 tibi
693 2150 766 2171 sunt.
796 2145 859 2172 Pro-

60 2178 157 2205 ferrem
171 2179 266 2210 libros,
289 2180 313 2206 si
328 2188 449 2215 negares.
491 2180 584 2215 Neque
596 2190 667 2207 nunc
679 2181 855 2216 reprehendo,

59 2216 132 2251 quod
151 2216 184 2243 ad
205 2216 369 2251 voluptatem
390 2217 480 2244 omnia
506 2217 667 2245 reserantur:
695 2219 747 2245 alia
768 2225 808 2246 est
828 2228 858 2246 ea

59 2255 194 2289 quaestio:
218 2254 265 2280 sed
281 2254 376 2285 doceo,
394 2254 457 2281 deos
470 2259 572 2281 vestros
583 2263 642 2281 esse
655 2255 799 2291 voluptatis
811 2266 859 2283 ex-

58 2295 161 2326 pertes3
176 2291 210 2318 ita
222 2296 310 2318 vestro
322 2291 422 2318 iudicio
434 2300 467 2318 ne
479 2292 569 2318 beatos
580 2292 702 2328 quidem.
743 2294 812 2320 XLI.
826 2294 859 2321 At

59 2328 150 2355 dolore
174 2333 278 2355 vacant.
323 2328 405 2355 Satin'
417 2334 457 2355 est
478 2329 504 2355 id
527 2329 559 2355 ad
581 2329 654 2356 illam
676 2330 857 2358 abundantem

59 2365 138 2392 bonis
159 2366 242 2393 vitam
264 2365 467 2392 beatissimam?
502 2367 558 2393 ttt.
583 2367 695 2402 Cogitat,
719 2368 855 2404 inquiunt,

59 2402 169 2430 assidue
194 2403 302 2430 beatum
323 2412 437 2430 essese:
480 2403 560 2430 habet
580 2405 652 2430 enim
674 2405 742 2432 nihil
771 2406 855 2437 aliud,

59 2439 132 2475 quod
152 2441 235 2476 agitet
254 2441 281 2467 in
302 2446 400 2467 mente.
441 2440 644 2475 Comprehende
661 2442 744 2476 igitur
767 2443 858 2470 animo

59 2481 85 2504 et
104 2485 222 2512 propone
241 2482 301 2504 ante
321 2477 427 2509 oculos,
449 2477 531 2504 deum
552 2478 620 2504 nihil
642 2478 715 2505 aliud
736 2480 763 2506 in
783 2481 856 2507 omni

59 2515 225 2546 aeternitate,
248 2515 310 2546 nisi,
336 2516 401 2542 Mihi
424 2517 530 2548 pulchre
549 2520 597 2545 est.
624 2520 663 2547 et,
693 2517 746 2550 Eyo
769 2519 857 2544 beatus

58 2560 127 2582 sum,
157 2552 329 2588 cogitantem.
379 2553 434 2579 Nec
461 2557 549 2579 tamen
575 2552 666 2583 video,
697 2562 752 2588 quo
778 2555 856 2581 niodo

59 2596 112 2615 non
129 2594 252 2616 vereatur
267 2590 316 2616 iste
332 2589 399 2616 deus
410 2590 514 2620 beatus.
528 2599 560 2616 ne
573 2591 786 2626 intereat,quuin
797 2593 856 2619 sine

59 2625 114 2652 ulla
140 2626 341 2653 intermissione
365 2626 489 2662 pulsetur
512 2628 681 2662 agiteturque
702 2628 856 2656 incursione

59 2667 208 2690 atomorum
233 2664 406 2699 sempiterna,
431 2673 573 2701 quumque
589 2673 622 2692 ex
646 2666 704 2700 ipso
724 2666 856 2703 imagines

920 129 1000 156 LlB.
1032 130 1052 157 1.
1082 129 1343 156 CAP.36—43.
1636 133 1698 156 ⁴109

911 209 1018 235 semper
1041 199 1161 228 effluant.
1205 201 1242 227 Ita
1260 209 1309 227 nec
1326 200 1420 227 beatus
1431 204 1471 227 est
1483 204 1570 227 vester
1580 200 1648 227 deus
1659 210 1708 227 nec

911 243 1045 264 aeternus,

970 276 1025 301 ⁴15.
1047 274 1080 301 At
1098 275 1177 301 etiam
1193 274 1226 300 de
1245 276 1397 305 sanctitate,
1415 274 1448 301 de
1463 275 1560 310 pietate
1578 275 1708 301 adversus

912 312 976 338 deos
993 312 1075 338 libros
1091 313 1199 346 scripsit
1215 312 1359 346 Epicurus.
1399 312 1431 338 At
1448 321 1501 347 quo
1517 312 1595 338 modo
1615 313 1641 338 in
1666 312 1709 338 his

913 348 1050 384 loquitur‘?
1066 349 1098 375 Ut
1113 349 1312 375 Coruncanium
1324 354 1369 375 aut
1381 349 1550 376 Scaevolam,
1569 349 1709 384 pontifices

914 387 1059 417 maximos,
1077 391 1100 412 te
1117 387 1210 412 audire
1224 386 1312 416 dicas,
1334 395 1386 412 non
1405 396 1480 416 eum,
1503 388 1551 421 qui
1570 386 1709 412 sustulerit

912 432 1019 450 omnem
1032 423 1154 449 funditus
1167 423 1333 459 religionem,
1347 432 1394 450 nec
1407 424 1542 453 manibus,
1556 424 1705 450 utXerxes.

913 461 960 487 sed
984 461 1133 487 rationibus
1156 461 1267 487 deorum
1284 461 1476 487 immortalium
1493 461 1591 495 templa
1607 466 1632 487 et
1651 469 1710 487 aras

913 499 1048 524 everterit.
1088 498 1159 530 Quid
1170 503 1209 524 est
1220 499 1302 528 enim,
1318 507 1366 524 cur
1376 498 1439 524 deos
1451 499 1484 524 ab
1497 499 1653 524 hominibus
1665 507 1710 524 co-

888 556 889 559 ,
915 535 1006 561 lendos
1018 535 1101 565 dicas,
1110 544 1195 570 quum
1207 535 1244 561 dii
1257 544 1308 561 non
1322 536 1400 562 modo
1412 536 1534 562 homines
1547 545 1598 562 non
1609 535 1707 565 colant,

913 573 960 598 sed
972 573 1082 599 omnino
1094 573 1161 598 niliil
1174 577 1276 602 curent,
1291 572 1358 598 nihil
1371 573 1467 608 agant?
1502 575 1556 599 116.
1573 573 1605 599 At
1616 578 1654 598 est
1665 581 1710 599 eo-

913 619 972 636 rum
989 610 1087 636 eximia
1104 610 1235 644 quaedam
1253 615 1445 645 praestansque
1457 616 1563 640 natura,
1582 616 1609 636 ut
1621 619 1650 636 ea
1662 610 1710 636 de-

913 648 973 673 beat
984 648 1041 681 ipsa
1053 656 1100 681 per
1112 656 1140 673 se
1151 647 1184 673 ad
1196 656 1224 673 se
1231 647 1369 673 colendam
1377 648 1484 673 allicere
1491 649 1650 682 sapientem.
1669 648 1711 687 An

913 685 1063 719 quidquam
1084 686 1216 710 eximium
1237 689 1394 719 potestesse
1413 686 1438 711 in
1455 694 1483 711 ea
1501 691 1607 715 natura,
1630 693 1707 719 quae,

913 731 961 748 sua
978 721 1113 756 voluptate
1131 722 1244 752 laetans,
1264 722 1332 748 nihil
1350 731 1397 748 nec
1413 728 1503 748 actura
1519 724 1554 749 sit
1568 731 1708 756 umquam,

913 768 1000 794 neque
1013 764 1081 794 agat,
1099 768 1185 793 neque
1197 758 1298 794 egerit?
1318 759 1390 791 Quae
1407 768 1484 794 porro
1496 761 1580 794 pietas
1592 761 1615 785 ei
1628 759 1711 785 debe-

913 801 968 826 tur,
987 805 1000 821 a
1016 805 1069 831 quo
1086 796 1154 822 nihil
1171 796 1323 831 acceperis?
1346 802 1391 823 aut
1406 797 1471 831 quid
1487 799 1610 827 omnino,
1631 798 1710 822 cuius

889 842 890 849 ¹
913 833 1019 860 nullum
1034 834 1159 859 meritum
1176 835 1223 864 sit,
1242 834 1267 859 ei
1283 833 1375 859 deberi
1390 833 1493 868 potest‘?
1512 835 1559 860 Est
1569 835 1641 860 enim
1653 835 1711 868 pie-

913 876 952 897 tas
968 871 1070 897 iustitia
1086 871 1230 896 adversum
1247 870 1324 897 deos:
1345 880 1406 897 cum
1424 872 1526 905 quibus
1544 872 1610 906 quid
1626 876 1712 905 potest

914 908 991 935 nobis
1003 917 1062 934 esse
1074 909 1150 937 iuris,
1160 917 1244 943 quum
1257 908 1361 934 homini
1373 908 1445 934 nulla
1458 917 1519 934 cum
1532 909 1581 935 deo
1592 910 1626 935 sit
1638 917 1711 934 eom—

913 945 1050 972 munitas‘?
1077 945 1208 971 Sanctitas
1233 950 1322 971 autem
1344 950 1383 972 est
1404 946 1516 972 scientia
1537 946 1711 972 colendorum

913 983 1038 1009 deorum:
1061 983 1296 1018 quiquamobrem
1308 983 1413 1009 colendi
1425 984 1492 1014 sint,
1511 989 1562 1010 non
1578 983 1708 1019 intelligo,

913 1020 987 1047 nullo
999 1029 1047 1047 nec
1059 1025 1167 1055 accepto
1178 1020 1211 1046 ab
1223 1021 1256 1046 iis
1268 1029 1316 1046 nec
1327 1026 1432 1055 sperato
1444 1021 1522 1047 bono.

968 1058 1049 1084 XLII.
1068 1059 1124 1084 ⁴17.
1146 1057 1218 1090 Quid
1230 1063 1269 1084 est
1280 1063 1378 1088 autem,
1392 1058 1464 1092 quod
1476 1058 1540 1084 deos
1553 1066 1710 1084 veneremur

912 1100 1020 1130 propter
1034 1095 1239 1122 admirationem
1250 1096 1308 1121 eius
1321 1100 1444 1126 naturae,
1467 1096 1494 1122 in
1505 1105 1558 1130 qua
1571 1097 1711 1131 egregium

913 1133 981 1159 nihil
994 1132 1138 1159 videmus?
1159 1133 1225 1158 Nam
1242 1134 1445 1167 superstitione,
1463 1133 1535 1168 quod
1546 1133 1655 1168 gloriari
1668 1142 1710 1159 so-

914 1170 986 1201 letis,
1006 1170 1083 1197 facile
1094 1175 1134 1196 est
1146 1170 1267 1200 liberari,
1285 1179 1370 1205 quum
1382 1170 1525 1197 sustuleris
1536 1180 1643 1197 omnem
1657 1172 1711 1197 vini

912 1208 1034 1234 deorum.
1075 1208 1134 1234 Nisi
1154 1207 1219 1234 sorte
1240 1208 1381 1243 Diagoram
1399 1213 1445 1234 aut
1459 1208 1642 1239 Theodorum,
1663 1209 1712 1243 qui

911 1247 1020 1272 omnino
1031 1245 1095 1272 deos
1106 1254 1165 1271 esse
1176 1245 1318 1280 negabant,
1334 1254 1428 1271 censes
1440 1246 1641 1280 superstitiosos
1653 1254 1712 1271 esse

913 1284 1043 1317 potuisse.
1084 1283 1140 1318 Ego
1156 1290 1189 1308 ne
1201 1283 1370 1318 Protagoram
1381 1282 1507 1318 quidem:
1525 1284 1569 1309 cui
1586 1288 1711 1309 neutrum

914 1321 1032 1351 licuerit,
1056 1328 1105 1346 nec
1125 1328 1183 1346 esse
1200 1320 1264 1346 deos
1281 1329 1329 1346 nec
1345 1329 1398 1346 non
1414 1328 1483 1346 csse.
1524 1321 1623 1347 Horum
1638 1321 1711 1346 enim

912 1358 1060 1384 sententiae
1074 1358 1197 1384 omnium
1215 1366 1266 1384 non
1281 1357 1359 1384 modo
1373 1358 1592 1392 superstitionem
1604 1357 1709 1388 tollunt,

913 1396 940 1422 in
956 1404 1008 1430 qua
1021 1396 1091 1421 inest
1102 1395 1181 1421 timor
1196 1395 1284 1421 inanis
1295 1395 1420 1427 deorum,
1444 1395 1492 1421 sed
1507 1396 1587 1421 ctiam
1603 1395 1713 1430 religio-

913 1442 984 1464 nem,
998 1441 1067 1468 quae
1078 1432 1190 1458 deorum
1201 1432 1276 1458 cultu
1288 1433 1332 1467 pio
1343 1433 1504 1459 continetur.
1548 1435 1603 1459 4¹8.
1619 1432 1690 1464 Quid
1700 1431 1714 1457 ἱ)

913 1471 945 1501 ii,
963 1471 1011 1505 qui
1027 1470 1167 1500 dixerunt,
1187 1474 1266 1496 totam
1283 1470 1315 1496 (le
1330 1470 1383 1496 diis
1396 1469 1594 1496 immortalibus
1605 1470 1712 1504 opinio-

912 1517 974 1534 nem
981 1508 1069 1534 tictam
1080 1516 1139 1533 esse
1151 1507 1184 1533 ab
1197 1507 1354 1533 hominibus
1365 1508 1534 1542 sapientibus
1547 1506 1712 1542 reipublicae

912 1554 1006 1572 caussa
1015 1566 1021 1576 ,
1038 1550 1080 1576 ut,
1097 1553 1166 1580 quos
1178 1545 1244 1571 ratio
1256 1553 1307 1571 non
1320 1550 1422 1579 posset,
1436 1554 1481 1571 eos
1493 1545 1525 1571 ad
1537 1544 1657 1571 officium
1670 1553 1712 1571 re-

912 1582 978 1618 ligio
990 1582 1108 1613 duceret,
1125 1591 1212 1608 nonne
1223 1591 1330 1608 omnem
1343 1582 1501 1618 religionem
1516 1582 1639 1608 funditus
1650 1590 1713 1608 sus-

912 1620 1048 1647 tulerunt‘?
1072 1619 1163 1652 Quid?
1182 1619 1311 1646 Prodicus
1330 1620 1411 1649 Ceus,
1436 1621 1484 1655 qui
1501 1628 1544 1650 ea,
1565 1628 1634 1655 quae
1650 1628 1712 1654 pro-

911 1658 1020 1684 dessent
1031 1658 1173 1684 hominum
1186 1658 1265 1688 vitae,
1281 1657 1393 1683 deorum
1406 1658 1431 1683 in
1445 1666 1556 1683 numero
1568 1657 1657 1683 habita
1669 1665 1712 1682 es-

912 1705 939 1722 se
951 1695 1030 1726 dixit.
1039 1703 1121 1730 quam
1129 1694 1236 1721 tandem
1244 1694 1401 1730 religionem
1414 1694 1542 1729 reliquit?
1556 1696 1611 1722 ⁴19.
1623 1694 1713 1726 Quid?

911 1734 959 1768 qui
971 1737 1016 1759 aut
1028 1732 1109 1759 fortes
1121 1737 1166 1758 aut
1176 1731 1262 1758 claros
1273 1737 1318 1758 aut
1329 1737 1449 1767 potentes
1461 1732 1713 1766 virostraduntpost

912 1775 1024 1797 mortem
1036 1770 1069 1796 ad
1081 1769 1145 1796 deos
1160 1769 1331 1804 pervenisse,
1349 1778 1448 1805 eosque
1465 1778 1523 1796 esse
1539 1770 1626 1805 ipsos,
1643 1778 1712 1804 quos

912 1818 960 1835 nos
971 1808 1071 1838 colere,
1090 1809 1192 1842 precari
1209 1808 1386 1842 venerarique
1397 1807 1546 1837 soleamus.
1566 1816 1652 1833 nonne
1664 1815 1712 1833 ex-

912 1850 1000 1881 pertes
1015 1850 1079 1872 sunt
1095 1845 1257 1881 religionum
1273 1844 1414 1871 omnium?
1434 1853 1502 1880 quae
1518 1846 1582 1871 ratio
1595 1846 1712 1871 maxime

913 1888 1021 1910 tractata
1036 1883 1069 1910 ab
1080 1882 1233 1909 Euhemero
1248 1887 1301 1909 est:
1319 1891 1401 1917 quem
1417 1888 1505 1909 noster
1516 1887 1541 1909 et
1554 1883 1713 1917 interpreta-

912 1926 955 1948 tus
970 1926 996 1948 et
1011 1925 1120 1947 secutus
1136 1925 1176 1947 est
1187 1925 1291 1955 praeter
1301 1925 1402 1946 ceteros
1414 1920 1528 1946 Ennius.
1569 1920 1610 1946 Ab
1622 1919 1712 1946 Euhe-

912 1967 985 1985 mero
1000 1963 1089 1985 autem
1110 1962 1136 1984 et
1157 1962 1254 1985 mortes
1275 1962 1301 1984 et
1321 1957 1474 1992 sepulturae.
1495 1957 1713 1984 demonstrantur

911 1996 1034 2023 deorum.
1076 1996 1169 2022 Utrum
1195 1996 1277 2031 igitur
1297 1995 1340 2021 hic
1360 1995 1533 2021 continuasse
1553 1995 1711 2030 religionem

912 2033 1033 2064 videtur,
1050 2042 1083 2059 an
1099 2034 1207 2067 penitus
1221 2037 1300 2059 totam
1312 2032 1475 2059 sustulisse?
1494 2032 1594 2059 Omitto
1605 2032 1711 2059 Eleusi-

913 2080 955 2102 na,
969 2075 1089 2097 sanctam
1102 2070 1175 2096 illam
1187 2075 1212 2096 ct
1223 2075 1376 2105 augustam,

985 2123 1021 2127 —
1034 2110 1076 2133 ubi
1087 2110 1226 2134 initiantur
1236 2113 1320 2140 flentcs
1331 2116 1436 2133 armum
1449 2109 1566 2134 ultimae:

912 2150 1047 2180 praetereo
1059 2144 1280 2175 Samothraciam,
1296 2153 1391 2179 eaque,

985 2197 1021 2202 —-
1032 2186 1098 2216 quud
1111 2182 1204 2209 Lemni,

985 2223 1110 2246 nocturno
1121 2221 1193 2244 aditu
1205 2219 1314 2247 occului,
1328 2220 1457 2249 coluntur.

984 2257 1137 2283 silvestrilm'
1150 2256 1262 2289 saepiae*
1276 2258 1362 2281 (telasa.

910 2293 1017 2326 Quibus
1033 2293 1176 2328 explicatis
1197 2292 1229 2318 ad
1252 2293 1436 2327 rationemque
1453 2292 1597 2321 revocati&
1621 2300 1709 2318 reruni

911 2332 998 2367 magis
1009 2336 1102 2358 natura
1114 2331 1298 2365 cognoscitur,
1315 2338 1395 2364 quam
1408 2329 1530 2355 deorum.

966 2369 1057 2395 XLIII.
1082 2369 1137 2394 tao.
1161 2368 1227 2393 Mihi
1243 2366 1354 2402 quidem
1371 2367 1451 2393 etiam
1467 2366 1646 2393 Democritus.
1669 2367 1710 2391 vir

911 2414 1026 2441 magnus
1042 2406 1068 2432 in
1085 2405 1195 2439 primis,
1212 2406 1291 2431 cuius
1309 2403 1427 2430 fontibus
1440 2404 1573 2437 Epicurus
1590 2402 1709 2429 hortulos

909 2451 973 2469 suos
986 2443 1116 2477 irrigavit,
1129 2447 1221 2469 muare
1235 2442 1341 2468 videtur
1354 2443 1379 2467 in
1392 2446 1484 2467 ruitura
1496 2440 1617 2466 (luorum.
1641 2441 1708 2466 'I'um

909 2481 982 2506 enim
1002 2484 1093 2506 censet
1114 2480 1247 2515 imagines
1268 2479 1410 2506 divinitate
1427 2477 1560 2513 praeditas
1577 2478 1664 2504 inesse
1682 2479 1708 2504 in

910 2518 1085 2544 universitate
1097 2526 1199 2549 1·erum;
1218 2522 1274 2543 tum
1287 2517 1419 2551 principia
1433 2516 1543 2545 mentis,
1561 2524 1630 2550 quae
1645 2521 1709 2542 sunt

910 2556 936 2581 in
953 2554 1046 2580 eodem
1066 2555 1207 2585 universo,
1229 2554 1293 2580 deos
1308 2563 1367 2580 esse
1383 2553 1460 2583 (ticin
1486 2558 1541 2579 tum
1558 2554 1708 2579 animantes

910 2593 1052 2627 imagines,
1064 2600 1133 2626 quae
1146 2592 1187 2618 vel
1200 2591 1326 2626 prodesse
1339 2590 1417 2618 nobis
1429 2590 1528 2621 solent,
1543 2590 1584 2616 vel
1597 2599 1704 2619 nocere;

909 2634 966 2656 tum
978 2630 1100 2665 ingentes
1115 2629 1246 2664 quasdam
1265 2630 1409 2664 imagines,
1428 2633 1582 2663 tantasque,
1601 2633 1629 2655 ut
1645 2628 1707 2654 uni-

909 2675 1019 2694 versum
1035 2666 1167 2694 mundum
1182 2666 1395 2702 complectantur
1413 2666 1592 2694 extrinsecus.
1633 2665 1707 2699 Quae
