1941 3052
458 149 643 177 ORATIO
674 150 721 176 IN
754 149 1014 175 VATINIUM.

70 222 200 249 aerarium
211 221 377 252 exhauserit,
400 220 594 256 rempublicam
605 220 763 255 compilarit.
805 220 860 246 Tua

69 263 141 290 sunt,
164 263 208 285 tua
224 262 288 285 sunt
302 258 366 284 haec
378 259 476 285 omnia.
517 257 638 285 Cornelio
649 257 782 284 eiusmodi
793 257 860 283 nihil

68 297 202 323 obiectum
223 300 272 322 est.
312 295 436 322 Codicem
451 295 548 331 legisse
563 295 712 322 dicebatur:
735 294 862 321 defende-

69 334 155 365 batur,
178 333 291 360 testibus
307 333 416 369 collegis
431 334 498 363 suis,
517 342 568 359 non
580 332 708 359 recitandi
719 341 813 359 caussa
825 331 862 358 le-

67 371 150 406 gisse,
173 370 219 397 sed
238 370 454 406 recognoscendi.
495 370 637 397 Constabat
651 374 748 401 tamen,
766 369 863 396 Corne—

70 408 137 435 lium
157 407 301 435 concilium
321 408 368 434 illo
387 408 431 434 die
450 408 600 438 dimisisse,
617 407 800 434 intercessioni
816 415 864 441 pa-

69 447 166 472 ruisse.
215 446 255 472 Tu
276 454 351 477 vero,
376 446 420 472 cui
445 445 559 472 Cornelii
583 444 704 471 defensio
728 444 860 478 displicet,

68 491 150 518 quam
170 491 293 509 caussam
309 482 342 509 ad
353 487 476 517 patronos
489 487 556 513 tu05,
574 486 620 508 aut
630 481 702 517 quod
714 490 743 508 os
755 480 864 507 afferes?

69 520 170 555 quibus
190 521 244 546 iam
260 521 429 555 praescribis,
447 524 546 555 quanto
560 519 615 545 illis
630 519 727 554 probro
743 518 862 545 futurum

69 558 117 588 sit,
140 558 162 583 si
179 562 203 584 te
218 557 397 588 defenderint,
415 566 500 592 quum
516 562 543 583 tu
559 556 626 582 mihi
642 556 757 583 Cornelii
772 555 865 582 defen—

70 595 171 621 sionem
184 595 211 621 in
223 595 372 621 maledictis
383 594 559 621 obiiciendum
571 595 683 628 putaris.
705 595 729 619 6.
741 592 863 619 Attamen

70 632 128 663 hoc,
146 632 243 663 Vatini,
261 636 403 663 memento,
417 631 508 666 paullo
518 635 578 666 post
591 631 669 657 istam
680 629 863 656 defensionem

70 677 171 701 meam,
193 678 275 704 quam
296 674 324 695 tu
345 669 422 695 bonis
439 669 503 695 viris
518 667 691 702 displicuisse
707 667 787 698 dicis,
811 675 861 697 me,

70 715 155 741 quum
171 707 291 732 universi
306 706 400 741 populi
410 706 521 733 Romani
533 714 639 731 summa
649 704 793 735 voluntate,
807 709 864 730 tum

70 744 165 778 optimi
184 744 318 779 cuiusque
333 743 464 779 singulari
479 742 581 774 studio,
600 742 865 778 magnificentissime

70 786 130 816 post
141 781 279 808 hominum
291 781 445 807 memoriam
456 780 593 806 consulem
605 779 714 811 factum,
722 779 865 814 omniaque

71 827 100 844 ea
112 827 154 844 me
165 818 295 853 pudenter
305 818 421 847 vivendo
431 822 605 844 consecutum
616 825 684 847 esse,
695 825 764 851 quae
775 821 804 843 tu
814 817 866 842 im-

71 856 201 890 pudenter
214 855 383 882 vaticinando
392 863 499 890 sperare
508 858 534 881 te
544 863 622 889 saepe
633 854 735 880 dixisti.

124 893 168 919 111.
190 893 257 919 Nam
267 892 340 928 quod
351 892 418 918 mihi
429 892 580 918 discessum
593 891 715 918 obiecisti
727 899 826 922 meum,
840 894 866 917 et

69 930 142 965 quod
158 930 267 961 horum,
284 930 386 965 quibus
401 929 447 956 ille
460 929 519 956 dies
534 929 725 956 acerbissimus
741 928 800 959 fuit,
817 928 865 963 qui

70 967 141 994 idem
153 967 201 994 tibi
213 967 384 998 laetissimus,
394 966 497 993 luctum
508 971 533 993 et
543 967 673 1002 gemitum
685 974 811 992 renovare
817 974 865 992 vo-

71 1004 159 1031 luisti:
182 1009 285 1033 tantum
300 1005 349 1031 tibi
364 1004 520 1040 respondeo,
538 1013 589 1035 me,
603 1012 688 1038 quum
700 1008 738 1034 tu,
751 1008 866 1030 ceterae-

70 1051 123 1077 que
134 1042 210 1077 reipu
233 1042 298 1068 licae
309 1046 406 1077 pestes,
414 1050 549 1068 armorum
560 1050 684 1068 caussam
691 1041 863 1075 quaereretis,

71 1084 97 1106 et
109 1088 195 1115 quum
230 1088 257 1106 er
272 1088 361 1106 meum
376 1087 473 1106 nomen
485 1078 603 1105 fortunas
616 1078 789 1114 locupletium
801 1077 867 1104 diri-

72 1125 143 1152 pere,
151 1126 217 1153 sang
238 1117 309 1143 inem
321 1117 473 1152 principum
486 1117 601 1143 civitatis
613 1116 762 1147 exsorbere,
771 1115 866 1142 crude-

72 1155 171 1181 litatem
188 1164 204 1181 v
222 1158 303 1180 stram
318 1154 466 1189 odiumque
478 1154 648 1185 diuturnum,
661 1153 733 1188 quod
743 1154 770 1180 in
782 1153 866 1179 bonos

70 1192 124 1218 iam
138 1192 211 1218 invet
228 1196 314 1218 ratum
330 1191 477 1223 habebatis,
494 1196 612 1218 saturare
622 1191 763 1226 cuperetis,
777 1190 866 1217 scelus

71 1234 97 1256 et
112 1229 200 1256 furore
244 1233 362 1256 vestrum
373 1229 492 1256 cedendo
502 1228 631 1255 maluisse
642 1228 771 1264 frangere,
785 1236 866 1263 quam

72 1266 202 1293 resistend
218 1287 229 1300 Ἰ.
259 1267 285 1292 7.
301 1266 388 1299 Quare
403 1270 464 1301 peto
479 1275 493 1292 a
507 1270 541 1298 te,
555 1270 585 1292 ut
596 1266 663 1292 mihi
674 1266 804 1301 ignoscaS,
818 1265 868 1292 va-

72 1304 130 1336 tini,
144 1311 229 1339 quum
241 1304 339 1338 patriae
350 1304 524 1339 pepercerim,
537 1312 619 1338 quam
630 1311 814 1330 servaveram:
831 1306 864 1333 et,

71 1342 95 1368 si
110 1349 160 1377 ego
175 1345 200 1368 te
211 1341 371 1376 perditorem
383 1345 408 1367 et
421 1345 572 1367 vexatorem
584 1340 747 1375 reipublicae
759 1339 822 1371 fero,
839 1344 867 1366 tu

72 1387 116 1405 me
134 1382 346 1407 conservatorem
366 1382 391 1405 et
410 1378 549 1404 custodem
570 1377 649 1404 feras.
688 1377 788 1404 Deinde
809 1377 868 1403 eius

74 1416 124 1442 viri
137 1416 290 1443 discessum
300 1416 431 1450 increpas,
444 1424 526 1450 quem
538 1415 613 1442 vides
635 1415 756 1442 omnium
766 1415 867 1441 civium

72 1453 214 1484 desiderio,
232 1453 319 1488 ipsius
334 1453 450 1488 denique
461 1453 624 1488 reipublicae
636 1452 710 1479 luctu
721 1461 780 1479 esse
792 1461 866 1478 revo-

73 1490 181 1517 catum‘?
204 1490 237 1517 At
259 1491 330 1517 enim
350 1490 457 1522 dixisti,
475 1499 527 1516 non
548 1499 620 1521 mea,
642 1490 690 1516 sed
705 1489 868 1524 reipublicae

72 1537 167 1555 caussa
179 1528 301 1555 homines
312 1528 344 1554 de
355 1536 414 1554 meo
424 1527 511 1554 reditu
528 1527 670 1554 laborasse.
710 1527 793 1559 Quasi
808 1535 869 1553 vero

72 1566 218 1601 quisquam
239 1566 293 1596 vir,
313 1565 454 1592 excellenti
471 1566 559 1591 animo
574 1566 601 1591 in
617 1564 811 1599 rempublicam
827 1565 869 1590 in-

72 1611 196 1639 gressus,
219 1602 364 1637 optabilius
379 1602 528 1638 quidquam
545 1602 696 1633 arbitretur,
713 1611 795 1637 quam
811 1611 839 1628 se
855 1610 868 1627 a

73 1641 131 1667 suis
156 1640 262 1667 civibus
287 1639 450 1675 reipublicae
469 1648 563 1666 caussa
583 1639 671 1675 diligi.
715 1642 740 1666 8.
762 1639 870 1665 Scilicet

73 1685 166 1713 aspera
185 1686 243 1704 mea
259 1682 366 1704 natura:
388 1677 507 1704 difficilis
523 1677 626 1703 aditus:
653 1677 743 1713 gravis
760 1676 866 1703 vultus:

73 1715 189 1750 superba
209 1723 350 1750 responsa:
377 1714 495 1741 insolens
512 1715 580 1741 vita:
602 1723 681 1741 nemo
696 1713 870 1741 consuetudi-

74 1761 134 1779 nem
146 1761 242 1783 meam,
251 1751 537 1783 nemohumanitatem,
545 1752 782 1783 nemoconsilium,
791 1760 869 1778 nemo

74 1790 206 1817 auxilium
217 1789 382 1825 requirebat:
404 1790 483 1816 cuius
494 1789 627 1816 desiderio
637 1789 676 1825 (ut
687 1789 752 1816 haec
758 1789 868 1815 minima

74 1827 171 1864 dicam)
191 1826 278 1854 forum
293 1831 438 1859 maestum,
456 1831 529 1854 muta
545 1827 631 1857 curia,
648 1827 737 1854 omnia
752 1827 869 1861 denique

73 1864 204 1892 bonarum
223 1865 321 1892 artium
341 1864 429 1892 studia
445 1864 588 1891 siluerunt.
628 1864 681 1890 Sed
697 1863 764 1890 nihil
780 1864 815 1890 sit
831 1863 869 1890 fa-

73 1906 147 1929 ctum
162 1911 220 1929 mea
235 1911 342 1929 caussa:
365 1902 453 1929 omnia
464 1901 509 1928 illa
521 1901 760 1933 senatusconsulta,
775 1901 868 1936 populi

74 1939 158 1971 iussa,
179 1939 268 1966 ltaliae
285 1940 375 1970 totius,
394 1944 550 1966 cunctarum
563 1940 729 1970 societatum,
741 1938 869 1975 collegio-

75 1985 136 2003 rum
151 1977 272 2003 omnium
287 1976 391 2003 decreta
406 1976 439 2002 de
454 1984 496 2002 me
527 1976 690 2011 reipublicae
704 1985 799 2003 caussa
811 1984 869 2003 esse

75 2013 142 2040 facta
159 2013 298 2040 fateamur.
337 2013 408 2046 Quid
419 2021 490 2049 ergo,
504 2013 583 2040 homo
594 2014 794 2048 imperitissime
805 2013 870 2040 soli-

75 2051 125 2078 dae
137 2050 223 2077 laudis
234 2059 264 2077 ac
275 2059 352 2077 verae
363 2050 509 2085 dignitatiS,
520 2051 697 2085 praestantius
710 2051 870 2085 mihipotuit

76 2087 212 2115 accidere?
239 2088 306 2124 quid
330 2087 476 2123 optabilius
501 2088 534 2114 ad
555 2087 752 2114 immortalitem
771 2088 871 2124 gloriae

76 2130 156 2161 atque
170 2125 203 2152 ad
217 2126 372 2152 memoriam
384 2125 436 2151 mei
449 2125 564 2152 nominis
576 2126 775 2160 sempiternam,
789 2134 870 2160 quam

76 2171 169 2190 omnes
185 2163 234 2189 hoc
244 2163 317 2189 cives
331 2171 403 2189 meos
414 2162 541 2194 iudicare,
554 2163 671 2189 civitatis
682 2162 796 2189 salutem
809 2170 870 2189 cum

76 2209 135 2227 mea
156 2200 237 2227 unius
252 2199 338 2227 salute
353 2208 413 2226 esse
425 2199 613 2226 coniunctam‘?
633 2201 658 2226 9.
674 2199 750 2232 Quod
760 2199 870 2235 quidem

76 2246 126 2274 ego
140 2238 188 2265 tibi
203 2237 285 2264 reddo
300 2241 387 2264 tuum.
428 2237 504 2268 Nam,
523 2242 551 2264 ut
565 2241 593 2264 tu
605 2246 647 2264 me
658 2246 748 2264 carum
761 2246 819 2264 esso
830 2237 873 2263 di-

76 2276 140 2302 xisti
154 2276 258 2302 senatui
270 2274 556 2310 populoqueRomano‚
570 2283 620 2301 non
633 2279 685 2301 tam
698 2283 754 2301 mea
765 2283 869 2305 caussa,

77 2321 159 2348 quam
170 2313 348 2348 reipublicae:
370 2313 409 2338 sic
419 2320 469 2347 ego
480 2316 685 2347 te,quamquam
698 2313 735 2338 sis
747 2313 819 2338 omni
831 2312 872 2338 di-

77 2351 153 2378 ritate
173 2355 253 2386 atque
268 2350 433 2376 immanitate
448 2349 625 2379 taeterrimus,
643 2353 730 2376 tamen
742 2349 802 2375 dico
813 2357 872 2375 esse

78 2388 138 2416 odio
153 2388 262 2419 civitati,
279 2396 331 2414 non
347 2391 400 2414 tam
417 2391 470 2417 tuo,
483 2395 564 2421 quam
581 2386 742 2421 reipublicae
755 2387 870 2413 nomine.

133 2425 177 2452 lv.
198 2424 294 2460 Atque,
312 2429 342 2452 ut
356 2423 499 2459 aliquando
514 2423 546 2450 ad
562 2427 586 2450 te
599 2424 712 2454 veniam,
725 2423 758 2450 de
769 2432 812 2449 mo
823 2423 873 2450 hoc

78 2462 114 2489 sit
132 2467 292 2489 extremum.
332 2461 403 2494 Quid
418 2462 535 2497 quisque
552 2465 670 2487 nostrum
682 2460 714 2487 de
726 2469 754 2486 se
766 2461 822 2496 ipse
835 2460 873 2487 lo-

78 2504 188 2534 quatur,
211 2508 264 2527 non
279 2504 319 2526 est
339 2507 416 2531 sane,
439 2507 491 2525 non
510 2503 551 2524 est
565 2498 766 2533 requirendum.
807 2498 871 2524 Boni

79 2536 130 2563 viri
148 2537 276 2564 iudicent.
317 2536 346 2563 Id
366 2540 407 2563 est
425 2535 536 2562 maximi
552 2535 679 2561 momenti
695 2539 720 2561 et
735 2534 870 2569 ponderis.

81 2574 123 2600 io.
139 2573 195 2601 Duo
209 2578 273 2601 sunt
283 2578 409 2609 tempora,
423 2573 524 2609 quibus
536 2577 685 2599 nostrorum
699 2573 800 2599 civium
811 2581 873 2607 spo-

79 2614 183 2638 ctentur
198 2611 296 2638 iudicia
313 2611 347 2638 de
362 2611 453 2638 nobis:
476 2619 560 2637 unum
577 2610 693 2641 honoris,
706 2609 818 2636 altorum
830 2618 873 2636 sa-

82 2647 155 2674 lutis.
194 2647 281 2676 Honos
297 2648 340 2676 tali
357 2648 450 2684 populi
461 2648 573 2675 Romani
584 2647 719 2674 voluntate
731 2647 823 2682 paucis
833 2650 873 2673 est

81 2683 194 2718 delatus,
215 2693 246 2712 ac
260 2686 340 2713 mihi:
363 2686 436 2713 salus
451 2689 522 2713 tanto
537 2685 627 2712 studio
641 2685 757 2712 civitatis
772 2684 871 2712 nemini

1067 148 1086 175 C
1101 149 1123 175 A
1137 149 1165 174 P.
1202 151 1210 174 i
1235 163 1271 167 —
1292 150 1315 174 6.
1654 149 1703 173 5⁴9

912 219 1024 246 reddita.
1054 220 1092 245 De
1101 224 1126 245 te
1136 223 1225 245 autem
1237 219 1358 245 homines
1369 217 1435 253 quid
1447 218 1570 249 sentiant,
1583 219 1610 244 in
1622 218 1705 244 hono-

913 266 940 283 re
950 257 1051 292 experti
1061 265 1166 287 sumus,
1174 256 1295 283 insalute
1301 260 1497 290 exspectamus.
1519 255 1570 281 Sed
1579 260 1665 282 tamen
1673 264 1705 282 ne

914 303 955 320 me
966 303 1028 320 cum
1044 294 1087 320 his
1093 294 1261 329 principibus
1272 294 1387 320 civitatis
1395 313 1401 324 ‚
1414 293 1462 328 qui
1468 292 1600 319 adsuntP.
1608 292 1703 323 Sestio,

913 331 961 358 sed
972 336 1002 358 ut
1012 340 1073 358 cum
1085 331 1193 358 homine
1199 340 1252 357 uno
1258 330 1706 365 omniumimpudentissimoatque

914 369 1006 395 infimo
1015 368 1162 395 conferam:
1185 368 1218 395 de
1228 373 1253 395 te
1264 368 1332 402 ipso,
1341 368 1448 394 homine
1459 368 1707 403 etarrogantissimo

914 411 939 432 et
960 407 1026 432 mihi
1040 406 1237 436 inimicissimo,
1255 414 1361 440 quaero,
1379 405 1476 436 Vatini,
1494 409 1585 431 utrum
1600 404 1707 431 tandem

914 448 1001 478 putes,
1027 443 1090 470 huic
1104 444 1214 474 civitati,
1233 443 1295 470 huic
1309 442 1481 477 reipublicae,
1499 442 1563 468 huic
1578 442 1648 472 urbi,
1665 441 1708 468 his

915 480 1030 515 templis,
1054 481 1161 512 aerario,
1181 480 1278 511 curiae,
1294 481 1360 506 viris
1371 480 1422 510 his,
1435 488 1502 514 quos
1514 479 1598 509 vides,
1612 479 1708 505 horum

915 518 1002 550 bonis,
1019 517 1142 549 fortunis,
1161 517 1262 547 liberis,
1279 517 1386 543 civibus
1400 517 1504 547 ceteris,
1518 516 1634 551 denique
1646 515 1709 542 deo-

915 564 975 581 rum
996 555 1188 581 immortalium
1204 555 1338 585 delubris,
1360 555 1502 588 auspiciis,
1521 553 1707 589 religionibus,

916 593 1012 619 melius
1034 592 1118 618 fuisse
1133 596 1158 618 et
1174 591 1372 626 praestabilius,
1390 600 1433 617 me
1448 592 1534 617 civem
1545 592 1571 617 in
1584 591 1632 617 hac
1643 591 1709 617 civi-

916 634 967 656 tate
983 630 1068 660 nasci,
1087 638 1120 656 an
1135 629 1179 656 te?
1198 628 1287 661 Quum
1299 629 1366 655 mihi
1382 628 1447 655 haec
1463 628 1646 663 responderiS,
1664 633 1709 654 aut

916 668 951 693 ita
970 667 1148 701 impudenter,
1166 670 1196 692 ut
1210 675 1306 692 manus
1323 675 1337 692 a
1352 670 1376 692 te
1388 665 1510 692 homines
1520 666 1566 691 vix
1577 666 1710 691 abstinere

916 705 1027 739 possint,
1048 708 1094 730 aut
1108 704 1143 730 ita
1157 703 1285 734 dolenter,
1299 707 1328 729 ut
1339 702 1484 738 aliquando
1494 703 1553 733 ista,
1566 711 1635 737 quae
1647 707 1710 728 sunt

915 741 1012 772 inssata,
1026 745 1198 775 rumpantur:
1221 745 1279 767 tum
1293 741 1445 767 memoriter
1456 740 1615 774 respondeto
1626 740 1658 765 ad
1670 748 1708 769 ea,

915 787 983 814 quae
998 778 1031 804 de
1047 782 1071 804 te
1085 779 1144 813 ipso
1156 786 1257 814 rogaro.
1288 778 1320 804 V.
1333 779 1358 804 Η
1369 798 1373 803 .
1386 777 1473 812 Atque
1484 776 1552 803 illud
1565 777 1711 803 tenebrico-

916 816 1055 843 sissimum
1076 819 1182 850 tempus
1202 815 1321 841 ineuntis
1338 815 1429 841 aetatis
1445 819 1505 840 tuae
1521 815 1605 848 patiar
1621 814 1709 840 latere.

916 854 989 880 Licet
1004 853 1114 887 impune
1126 861 1172 887 per
1182 861 1225 879 me
1236 853 1349 887 parietes
1361 853 1388 878 in
1401 851 1578 878 adolescentia
1590 851 1711 886 perfode-

916 891 966 922 ris,
989 891 1091 917 vicinos
1107 890 1269 924 compilaris,
1287 894 1398 916 matrem
1415 889 1573 915 verberaris.
1614 888 1712 914 Habeat

916 929 966 955 hoc
982 928 1094 963 praemii
1108 932 1151 954 tua
1163 927 1317 962 indignitas,
1331 931 1360 953 ut
1371 926 1564 953 adolescentiae
1576 925 1713 960 turpitudo

916 966 1077 992 obscuritate
1088 969 1114 991 et
1124 964 1250 991 sordibus
1261 965 1314 991 tuis
1325 964 1475 999 obtegatur.

972 1003 1147 1035 Quaesturam
1159 1003 1249 1037 petisti
1260 1011 1322 1028 cum
1338 1002 1367 1028 P.
1381 1001 1476 1032 Sestio,
1493 1009 1578 1035 quum
1590 1000 1634 1026 hic
1645 999 1712 1026 nihil

917 1040 1078 1075 loqueretur,
1101 1040 1154 1066 nisi
1169 1039 1242 1075 quod
1257 1039 1365 1075 agebat,
1382 1043 1411 1065 tu
1426 1038 1459 1065 de
1476 1037 1558 1064 altero
1573 1037 1712 1063 consulatu

916 1077 1033 1114 gerendo
1047 1081 1073 1104 te
1087 1077 1189 1103 diceres
1200 1077 1325 1112 cogitare.
1365 1075 1469 1108 Quaero
1483 1076 1530 1102 abs
1542 1080 1575 1105 te,
1589 1079 1714 1101 teneasne

917 1115 1053 1146 memoria,
1066 1123 1151 1149 quum
1162 1114 1191 1140 P.
1205 1114 1310 1140 Sestius
1321 1118 1445 1149 quaestor
1456 1114 1491 1140 sit
1504 1112 1607 1139 cunctis
1620 1111 1714 1138 suffra-

916 1153 969 1189 giis
985 1152 1084 1184 faetus,
1101 1156 1164 1178 tunc
1179 1155 1205 1178 te
1219 1152 1275 1183 vix,
1292 1152 1385 1178 invitis
1400 1150 1540 1182 omnibus,
1557 1158 1610 1177 non
1621 1148 1714 1185 populi

918 1189 1055 1221 beneflcio,
1069 1189 1117 1216 sed
1132 1188 1260 1220 consulis,
1274 1193 1423 1215 extremuni
1437 1185 1611 1214 adhaesisse?
1633 1189 1672 1215 ⁴2.
1686 1187 1714 1213 In

918 1236 948 1254 eo
959 1227 1126 1263 magistratu,
1140 1235 1226 1261 quum
1238 1226 1286 1253 tibi
1300 1234 1398 1262 magno
1408 1226 1522 1252 clamore
1534 1225 1642 1260 aquaria
1654 1233 1715 1259 pro·

918 1265 1006 1291 vincia
1021 1269 1091 1291 sorte
1106 1264 1255 1299 obtigisset,
1267 1264 1403 1290 missusne
1414 1264 1452 1289 sis
1463 1272 1476 1289 a
1489 1272 1531 1289 me
1541 1262 1652 1289 consule
1662 1262 1715 1288 Pu-

919 1302 1009 1333 teolos,
1032 1306 1062 1329 ut
1080 1301 1142 1328 inde
1157 1310 1252 1327 aurum
1268 1301 1399 1336 exportari
1416 1305 1610 1336 argentumque
1625 1299 1715 1334 prohi-

919 1339 1015 1366 beres?
1034 1340 1063 1366 ln
1074 1347 1105 1366 eo
1115 1339 1228 1374 negotio,
1241 1347 1327 1373 quum
1339 1342 1364 1365 te
1375 1346 1427 1364 non
1439 1337 1576 1364 custodem
1587 1336 1619 1363 ad
1631 1338 1715 1363 conti-

919 1377 1030 1407 nendas,
1047 1376 1095 1403 sed
1110 1376 1263 1411 portitorem
1280 1375 1313 1402 ad
1324 1375 1475 1410 partiendas
1488 1383 1589 1401 merces
1600 1374 1714 1400 missum

920 1419 1036 1449 putares,
1058 1422 1200 1449 quumque
1215 1414 1336 1440 omnium
1352 1412 1454 1443 domOS.
1468 1412 1619 1447 apothecas,
1634 1420 1715 1437 naves

920 1451 1088 1478 furacissime
1103 1455 1263 1481 scrutarere,
1280 1450 1458 1485 hominesque
1475 1450 1578 1485 negotia
1593 1454 1716 1485 gerentes

920 1489 1028 1516 iudiciis
1040 1488 1220 1523 iniquissimis
1232 1488 1357 1518 irretires,
1374 1492 1532 1514 mercatores
1543 1495 1557 1513 e
1569 1487 1629 1513 navi
1639 1494 1716 1522 egre-

920 1527 1023 1553 dientes
1045 1530 1168 1556 terreres.
1190 1525 1398 1552 conscendentes
1414 1532 1559 1551 morarere:
1591 1528 1716 1550 teneasne

921 1564 1058 1595 memoria,
1072 1563 1120 1590 tibi
1132 1564 1159 1589 in
1169 1561 1426 1589 conventuPuteolis
1438 1560 1717 1588 manusesseallatas‘?

920 1601 953 1628 ad
971 1610 1014 1628 me
1024 1600 1163 1628 consulem
1174 1600 1379 1627 Puteolanorum
1394 1598 1517 1634 querelas
1528 1607 1587 1625 esse
1598 1597 1718 1624 delatas?

920 1639 982 1666 Post
1001 1643 1173 1674 quaesturam
1189 1637 1321 1664 exierisne
1338 1636 1441 1673 legatus
1458 1637 1484 1663 in
1503 1636 1656 1662 ulteriorem
1672 1636 1718 1662 Hi-

921 1676 1053 1711 spaniam,
1075 1675 1102 1702 C.
1125 1675 1254 1702 Cosconio
1269 1683 1316 1709 pro
1331 1673 1459 1701 consule‘?
1478 1674 1568 1706 Quum
1584 1673 1652 1700 illud
1669 1674 1718 1699 iter

921 1714 1097 1749 Hispaniense
1118 1712 1233 1747 pedibus
1249 1712 1303 1739 fere
1317 1712 1411 1738 confici
1432 1711 1522 1742 soleat,
1540 1715 1599 1742 aut,
1616 1711 1638 1737 si
1655 1711 1717 1745 quis

922 1752 1046 1786 navigare
1062 1750 1135 1781 velit,
1149 1754 1218 1777 certa
1230 1750 1265 1776 sit
1276 1751 1342 1776 ratio
1357 1749 1515 1783 navigandi:
1538 1748 1678 1774 venerisne
1690 1748 1717 1774 in

921 1789 1071 1815 Sardiniam
1083 1792 1162 1822 atque
1173 1787 1235 1814 inde
1246 1788 1274 1813 in
1285 1786 1420 1813 Africam?
1441 1786 1567 1817 fuerisne,
1576 1785 1648 1820 quod
1660 1786 1718 1812 sine

921 1825 1154 1853 senatusconsulto
1168 1825 1217 1852 tibi
1233 1824 1317 1851 faeere
1330 1833 1381 1851 uon
1399 1823 1482 1854 licuit,
1496 1824 1523 1850 iu
1536 1831 1617 1859 regno
1628 1823 1718 1849 Hiem-

922 1862 1024 1898 psalis‘?
1044 1863 1163 1890 fuerisne
1178 1863 1206 1889 in
1223 1870 1304 1897 regno
1318 1860 1510 1888 Mastanesosi‘?
1530 1861 1670 1887 venerisne
1685 1860 1718 1886 ad

922 1901 1020 1928 fretum
1037 1909 1083 1935 per
1099 1898 1303 1926 Mauritaniam?
1322 1899 1407 1932 Quem
1424 1900 1492 1925 scias
1504 1906 1634 1933 umquam
1647 1897 1719 1933 lega-

923 1943 978 1965 tum
991 1939 1194 1973 Hispaniensem
1205 1938 1264 1964 istis
1276 1937 1418 1964 itineribus
1430 1937 1457 1963 in
1469 1936 1541 1963 illum
1553 1936 1717 1971 provinciam

923 1975 1095 2011 pervenisse?

980 2015 1020 2040 43.
1042 2013 1138 2040 Factus
1149 2021 1178 2040 es
1189 2012 1315 2039 tribunus
1327 2011 1412 2046 plebi:
1426 2010 1502 2046 (quid
1514 2011 1585 2037 enim
1599 2015 1623 2037 te
1634 2009 1718 2036 delli-

922 2051 1113 2086 spaniensibus
1129 2050 1236 2086 flagitiis
1253 2051 1305 2077 tuis
1321 2048 1572 2083 sordidissimisque
1589 2047 1666 2074 furtis
1678 2048 1718 2073 in-

924 2087 1082 2123 terrogem‘P)
1111 2096 1210 2123 quaero
1230 2088 1277 2114 abs
1294 2092 1317 2114 te
1333 2087 1465 2121 primum,
1482 2085 1554 2120 quod
1570 2093 1656 2121 genus
1668 2085 1718 2110 im-

924 2126 1062 2161 probitatis
1078 2130 1103 2152 et
1118 2124 1226 2152 sceleris
1242 2125 1269 2152 in
1281 2134 1312 2151 eo
1324 2125 1479 2159 magistratu
1492 2122 1720 2157 praetermiseris?

922 2164 960 2190 Ac
970 2163 1019 2190 tibi
1031 2163 1084 2189 iam
1097 2163 1158 2189 inde
1170 2162 1330 2197 praescribo,
1345 2169 1376 2187 ne
1389 2166 1447 2187 tuus
1458 2160 1550 2186 sordes
1558 2159 1716 2186 cumclaris—

923 2201 1054 2227 simorum
1080 2201 1198 2227 virorum
1223 2199 1365 2234 splendore
1386 2198 1558 2233 permisceas.
1607 2197 1663 2231 Ego
1684 2201 1716 2226 tc,

923 2245 1110 2273 quaecumque
1132 2237 1238 2272 rogabo,
1256 2236 1289 2263 de
1305 2241 1329 2263 to
1345 2236 1403 2269 ipso
1418 2235 1525 2269 rogabo.
1545 2243 1631 2269 neque
1647 2239 1671 2259 te
1686 2242 1717 2259 cx

923 2274 1085 2310 amplissimi
1102 2274 1152 2300 viri
1168 2274 1306 2309 dignitate.
1324 2272 1371 2299 sed
1386 2281 1418 2298 ex
1431 2273 1483 2298 tuis
1499 2272 1616 2298 tenebris
1632 2275 1719 2296 extra-

925 2312 1000 2338 hnm:
1031 2312 1174 2346 omniaque
1196 2319 1253 2337 mea
1273 2310 1322 2336 tela
1344 2310 1383 2335 sic
1402 2310 1429 2335 in
1445 2314 1469 2335 te
1484 2309 1672 2337 conficientur,
1692 2312 1720 2334 ut

925 2357 1002 2375 nemo
1013 2357 1059 2383 per
1071 2353 1147 2374 tuum
1162 2347 1230 2374 latus
1241 2347 1323 2382 (quod
1334 2346 1405 2373 soles
1419 2346 1516 2380 dicere)
1526 2346 1673 2371 saucietur:
1692 2345 1718 2371 in

925 2387 978 2412 tuis
993 2385 1168 2420 pulmonibus
1183 2394 1212 2411 uc
1224 2384 1374 2411 visceribus
1386 2383 1542 2410 haerebunt.
1566 2383 1607 2409 vl.
1622 2383 1662 2408 u.
1675 2382 1717 2412 Et,

923 2424 1050 2458 quoniam
1065 2422 1185 2449 omnium
1201 2430 1289 2448 rerum
1303 2429 1458 2456 magnarum
1474 2421 1508 2446 ab
1518 2420 1570 2446 diis
1584 2420 1720 2446 immorta-

925 2461 996 2487 libus
1008 2460 1138 2495 principia
1149 2459 1294 2487 ducuntur,
1310 2458 1407 2485 volout
1420 2457 1485 2483 mihi
1499 2457 1669 2491 respondeas,
1679 2461 1716 2484 tu.

923 2498 970 2533 qui
992 2502 1016 2524 te
1033 2497 1238 2532 Pythagoricum
1255 2496 1325 2523 soles
1341 2495 1438 2525 «licere,
1455 2499 1480 2521 et
1493 2494 1609 2521 hominis
1620 2494 1719 2520 doctis-

923 2535 984 2562 simi
996 2543 1092 2561 nomrn
1105 2535 1157 2561 tuis
1169 2533 1333 2560 immanibus
1345 2537 1370 2559 et
1381 2532 1500 2559 barbaris
1512 2532 1632 2558 moribus
1643 2539 1718 2567 prae-

925 2573 1040 2602 tendere,
1061 2579 1131 2607 quae
1147 2576 1171 2598 te
1191 2576 1261 2598 tanta
1278 2570 1394 2605 pravitas
1409 2570 1507 2596 mentis
1526 2569 1653 2599 tenuerit,
1670 2570 1717 2604 qui

925 2614 1014 2636 tantus
1026 2608 1106 2640 furor,
1120 2613 1158 2640 ιιι,
1171 2617 1256 2644 quum
1269 2607 1386 2635 inaudita
1398 2616 1427 2634 ar
1438 2606 1536 2634 nefaria
1548 2614 1717 2633 sacrasusce-

925 2647 1005 2682 peris,
1027 2655 1112 2682 quum
1129 2645 1274 2673 inferorum
1290 2645 1393 2672 animas
1407 2644 1510 2675 elicere.
1523 2653 1609 2679 quum
1622 2652 1718 2679 puero-

924 2693 983 2712 rum
995 2685 1063 2712 extis
1077 2684 1142 2711 deos
1153 2692 1245 2711 munes
1256 2687 1368 2710 mactare
1375 2682 1470 2714 soleas,
1479 2682 1608 2717 auspicia,
1617 2681 1718 2717 quibus
