1941 3052
239 144 286 166 noo
813 140 853 164 87.
887 138 920 164 M.

239 212 449 247 perfectissimus
461 216 539 245 utque
551 210 737 235 ornatissimus
753 208 835 234 fuisse
849 208 979 234 videatur.
1002 208 1029 234 ld

240 249 365 275 tmzillinw
383 249 476 277 savios,
494 248 516 272 si
534 256 574 272 in«.-
590 247 642 280 l[cni
655 254 761 279 semper
773 246 818 271 uni
832 246 930 280 magis,
949 254 1029 279 quxnn

240 287 386 314 universi-⁴,
407 285 509 318 pinca-re
523 283 639 316 voluisti,
657 288 743 308 tecum
760 291 868 316 semper
883 291 941 307 csse
953 287 1030 316 puta-

240 323 281 349 bis
296 328 320 348 ct
334 322 460 347 munibus
478 321 510 346 iis
523 320 615 350 rebus,
633 328 700 354 (fluns
712 319 785 345 dices
796 328 825 344 nc
838 319 932 348 facies,
950 320 1031 345 inter-

239 369 307 385 esse.
350 359 492 392 lteliquunn
508 361 561 387 est,
581 361 607 382 ut
620 361 642 382 te
654 366 740 387 orem,
760 361 787 382 ut
799 356 946 382 valetudini
960 361 1028 386 tuae,

239 398 261 422 si
275 406 316 421 me
327 401 352 421 ct
364 401 422 421 tuos
433 402 525 420 omnes
539 393 625 419 valere
639 394 688 424 vis,
697 393 905 429 diligentissime
917 394 1029 420 servias.

241 433 311 458 Vale.

293 507 320 527 ΙΙ.
340 506 356 526 Α
365 506 416 525 ΚΟ,
433 505 466 525 Do
476 504 569 524 adventu
580 504 659 528 Statii,
675 504 741 525 uniu·
752 505 778 525 tle
790 504 869 529 Quinti
881 504 980 528 lilnertin,
993 504 1030 525 ho-

241 542 363 567 minumque·
378 540 404 559 ιΙε
415 547 439 559 eo
451 539 588 559 urmonilunn
600 539 685 560 ncrilnit.
711 540 796 560 Deinde
807 545 826 560 et
839 540 970 560 Graecorum
982 547 1031 567 pro—

239 575 366 596 iineinlium
379 578 399 594 ct
410 575 570 599 negotiatorum
582 575 726 595 nun-annuum
740 575 766 595 de
777 575 860 599 Quinto
877 574 977 601 querela·
989 582 1031 595 me·

239 614 315 631 morat.
340 610 390 637 lpne
405 610 514 629 orationi·
529 609 670 630 acerbitato-m
685 614 706 630 et
717 610 840 630 litterarum
851 611 877 631 ιιΙ
888 610 946 631 alio·
954 610 1031 630 min·-

240 653 285 665 rum
297 644 458 670 indiligentiam
470 645 593 669 fugiendum
604 648 686 665 censet.
711 645 734 665 t..
751 645 836 669 Flavii,
852 645 961 672 praetori·
976 646 1031 669 cleu..

240 680 340 706 querela·
351 679 442 706 exponit
453 683 473 700 et
484 686 536 700 nitas
547 679 713 703 obiurgationes
725 683 823 700 exeunt.
848 680 920 701 Attali
933 680 1031 707 lpheme-

240 715 262 735 ni
277 719 298 735 et
313 715 396 742 Ace-opi
412 715 510 739 tragoedi
524 715 634 740 negotium
649 715 791 735 commendat.
821 716 854 736 De
869 722 914 742 rep.
925 716 983 736 etde
993 722 1033 736 ιιιι

239 750 314 772 clodii
324 749 426 771 vincendi
437 757 475 777 spe
485 749 553 770 addit.
584 752 675 772 'can-rr,
687 752 754 769 tin-nlo
765 759 811 769 mu.
822 754 878 774 (μῦ.)

403 795 439 821 Μ.
461 794 603 821 CICERO
623 794 654 827 Q.
677 795 819 821 FRATRI
840 794 868 821 S.

295 842 315 867 l.
340 843 362 867 l.
384 835 489 866 Statius
505 840 536 865 ad
555 849 596 865 mc
614 841 685 867 venit
701 849 725 866 a.
738 840 765 866 d.
782 848 837 866 vin.
854 840 966 866 Kalend.
980 840 1033 866 No-

241 878 344 905 vembr.
377 878 442 904 Eius
454 877 594 907 adventus,
608 878 680 912 quod
693 878 726 903 ita
738 878 881 912 scripsisti,
898 878 1032 912 direptum

240 917 273 942 iri
285 920 309 942 te
320 924 334 941 a
346 915 408 945 tuis,
417 914 482 940 dum
495 915 517 940 is
528 915 642 944 abesset,
657 914 784 941 molestus
796 915 862 941 milii
875 914 934 941 suit.
957 914 1033 947 Quod

211 963 215 970 ·
240 957 329 979 autem
351 952 576 986 exspectationem
598 953 635 978 tui
651 961 867 986 concursumque
887 961 963 983 eum,
986 953 1033 987 qui

240 994 295 1017 erat
307 989 427 1020 futurus,
443 989 466 1015 si
479 998 530 1015 una
543 994 629 1015 tecum
641 989 793 1017 decederet.
808 998 894 1024 neque
906 994 980 1015 antea
993 990 1035 1015 vi·-

240 1036 288 1053 sus
299 1031 378 1057 esset,
391 1025 514 1057 sustulit:
532 1026 558 1052 id
571 1026 638 1052 milii
650 1035 701 1053 non
714 1026 882 1052 incommode
894 1027 983 1052 visum
995 1031 1034 1052 est

241 1064 382 1090 accidisse.
423 1063 577 1089 Exhaustus
593 1064 665 1089 enim
681 1068 721 1090 est
735 1072 822 1089 sermo
839 1064 993 1094 bominum,
1009 1068 1035 1089 et

242 1100 335 1128 multis
346 1101 460 1127 emissae
472 1101 524 1126 iam
536 1101 669 1127 eiusmodi
682 1109 769 1131 voces,
783 1100 835 1127 ἀλλ’
849 1100 899 1127 αἰεί
911 1111 967 1127 τινα
978 1103 1033 1135 φῶ-

240 1149 272 1165 τα
282 1140 379 1174 μέγαν
401 1147 469 1172 quae
493 1143 517 1163 te
537 1138 646 1164 absente
666 1137 784 1164 confecta
801 1146 859 1164 esse
876 1137 967 1164 laetor.
1007 1139 1032 1164 2.

239 1175 317 1208 Quod
329 1180 417 1202 autem
430 1175 528 1201 idcirco
539 1183 552 1201 a
563 1180 586 1201 tc
601 1176 700 1201 missus
712 1180 760 1205 est,
774 1175 840 1201 mibi
854 1180 882 1201 ut
895 1184 923 1201 se
935 1183 1035 1210 purga-

241 1218 288 1243 ret,
302 1212 329 1238 id
342 1221 450 1238 necesse
462 1213 573 1238 minime
586 1211 644 1238 tuit.
671 1213 789 1238 Primum
801 1213 872 1238 enim
885 1221 1034 1247 numquam

240 1249 286 1276 ille
298 1249 365 1275 mihi
379 1249 429 1276 fuit
442 1254 597 1283 suspectus:
613 1258 698 1284 neque
710 1258 768 1285 ego,
782 1258 851 1284 quae
863 1249 895 1275 ad
907 1254 931 1276 te
943 1249 976 1275 de
988 1249 1034 1276 illo

240 1287 350 1321 scripsi,
364 1287 461 1321 scripsi
473 1295 532 1312 meo
544 1286 657 1318 iudicio,
674 1286 721 1312 sed
732 1295 817 1321 quum
829 1288 895 1313 ratio
906 1286 1034 1321 salusque

239 1325 361 1351 oninium
378 1328 511 1354 nostrum,
534 1324 582 1358 qui
602 1323 635 1350 ad
656 1324 851 1358 rempublicam
868 1324 1032 1355 accedimus,

241 1370 292 1388 non
305 1362 414 1387 veritate
426 1360 527 1391 solum,
542 1360 590 1386 sed
601 1362 681 1387 etiam
692 1360 762 1387 fama
774 1362 916 1392 niteretur,
932 1370 1035 1387 sermo-

241 1407 287 1424 nes
299 1398 332 1424 ad
344 1403 368 1424 te
379 1398 493 1424 aliorum
503 1406 618 1432 semper,
631 1406 683 1424 non
695 1407 754 1425 mea
766 1398 865 1425 iudicia
877 1399 1033 1433 perscripsi.

239 1435 291 1468 Qui
301 1435 412 1470 quidem
423 1444 505 1469 quam
522 1434 674 1470 frequentes
688 1440 778 1462 essent
792 1440 818 1462 et
831 1444 912 1471 quani
926 1444 1032 1471 graveS,

240 1473 357 1499 adventu
373 1481 422 1498 suo
433 1472 533 1499 Statius
549 1473 607 1507 ipse
622 1473 756 1508 cognovit.
797 1473 902 1499 Etenim
917 1474 1035 1499 interve-

240 1511 279 1536 nit
289 1509 479 1536 nonnullorum
495 1509 626 1544 querelis,
643 1519 712 1545 quae
729 1510 800 1545 apud
816 1519 858 1536 me
873 1510 906 1536 de
919 1510 964 1536 illo
976 1511 1035 1545 ipso

240 1547 420 1573 habebantur:
435 1551 460 1573 et
473 1548 571 1573 sentire
582 1548 678 1581 potuit,
691 1556 828 1574 sermones
840 1548 995 1582 iniquorum
1007 1548 1034 1573 in

239 1593 320 1611 suum
331 1585 503 1619 potissimum
515 1593 611 1610 nomen
622 1593 772 1619 erumpere.
813 1586 838 1611 3.
855 1584 932 1617 Quod
945 1589 1034 1611 autem

239 1630 282 1648 me
293 1622 410 1648 maxime
422 1630 529 1647 movere
545 1620 659 1652 solebat,
677 1630 763 1656 quum
780 1622 938 1653 audiebam,
955 1621 1034 1648 illum

238 1658 301 1694 plus
313 1658 384 1693 apud
396 1663 420 1684 te
431 1667 518 1693 posse,
535 1667 617 1693 quam
627 1659 745 1694 gravitas
757 1659 831 1685 illius
842 1660 935 1685 aetatis
946 1664 971 1685 et
983 1659 1034 1685 im-

239 1697 308 1730 perii
321 1695 462 1730 prudentia
469 1695 622 1730 postularet,
631 1696 722 1731 (quam
734 1696 832 1722 multos
843 1697 915 1722 enim
927 1704 1033 1722 mecum

239 1733 327 1768 egisse
339 1737 426 1767 putas,
440 1738 469 1759 ut
479 1741 507 1758 se
519 1733 602 1759 Statio
613 1733 847 1759 commendarem?
856 1742 937 1768 quam
950 1733 1033 1759 multa

239 1774 328 1796 autem
345 1770 434 1804 ipsum
450 1769 554 1804 ἀφελῶς
568 1778 674 1796 mecum
687 1771 713 1796 in
725 1779 847 1797 sermone
859 1772 894 1797 ita
906 1770 1034 1805 protulis-

239 1806 294 1842 se‘?)
305 1807 333 1833 id
345 1807 413 1833 mihi
425 1815 476 1833 non
487 1806 601 1841 placuit:
615 1808 717 1838 monui,
731 1807 949 1838 suasi‚deterrui.
967 1808 1034 1840 Qui—

240 1844 330 1870 busin
342 1844 423 1870 rebus
434 1844 539 1870 etiamsi
552 1843 666 1870 fidelitas
677 1853 783 1871 summa
795 1850 847 1876 est,
864 1845 946 1880 (quod
957 1854 1034 1880 pror-

239 1889 286 1907 sus
297 1881 385 1912 credo,
398 1881 525 1916 quoniam
537 1886 565 1907 tu
577 1882 611 1907 ita
623 1881 749 1917 iudicas,)
761 1887 847 1908 tamen
859 1883 962 1916 species
974 1883 1033 1917 ipsa

239 1923 293 1945 tam
308 1919 417 1953 gratiosi
435 1917 523 1944 liberti
539 1923 585 1944 aut
599 1919 671 1945 servi
686 1918 845 1954 dignitatem
861 1919 959 1945 habere
972 1919 1033 1945 nul-

241 1955 291 1981 lam
303 1959 399 1990 potest.
434 1955 520 1989 Atque
532 1955 582 1981 hoc
592 1956 631 1981 sic
642 1955 745 1985 habeto,
759 1956 837 1991 (nihil
849 1957 922 1982 enim
934 1965 982 1983 nec
994 1962 1033 1983 te-

239 2001 311 2018 mere
331 1992 432 2022 dicere,
456 2000 504 2018 nec
524 1997 611 2018 astute
630 1993 741 2019 reticere
761 1993 868 2028 debeo,)
893 1994 1032 2020 materiam

238 2038 345 2056 omnem
357 2037 511 2055 sermonum
523 2037 628 2060 eorum,
647 2030 738 2064 quide
750 2035 775 2056 te
786 2030 925 2057 detrahere
937 2030 1030 2062 velint,

238 2067 351 2093 Statium
358 2065 478 2092 dedisse:
491 2071 567 2092 antea
579 2071 680 2093 tantum
693 2067 1032 2104 intelligipotuisse,irat0s

238 2108 298 2130 tuae
310 2104 445 2129 severitati
456 2112 515 2129 esse
527 2104 683 2130 nonnullos:
698 2104 748 2131 hoc
759 2106 935 2136 manumisso,
945 2106 1028 2136 iratis,

237 2141 310 2176 quod
323 2140 502 2175 loquerentur.
516 2149 568 2167 non
578 2140 708 2168 defuisse.
748 2142 779 2168 11.
796 2143 819 2168 4.
833 2143 909 2169 Nunc
921 2151 1033 2177 respon-

237 2178 307 2205 debo
317 2177 351 2204 ad
361 2186 406 2204 eas
417 2177 556 2212 epistolas,
575 2187 642 2213 quas
658 2179 726 2204 mihi
738 2179 855 2206 reddidit
866 2180 895 2206 L.
909 2180 1029 2211 Caesius,

237 2215 301 2250 (cui,
313 2215 441 2250 quoniam
453 2215 487 2241 ita
500 2219 524 2241 te
536 2215 605 2241 velle
617 2215 751 2251 intelligo,
769 2216 843 2243 nullo
860 2217 916 2243 loco
931 2217 1032 2252 ὤθει-0,)

237 2261 352 2287 quarum
363 2251 444 2278 altera
452 2257 492 2278 est
502 2252 535 2278 de
545 2252 825 2285 BlandenioZeuxide,
839 2262 920 2289 quem
934 2254 1031 2280 scribis

237 2290 419 2316 certissimum
431 2289 598 2315 matricidam
610 2290 659 2316 tibi
674 2299 688 2316 a
700 2299 742 2316 me
754 2291 847 2317 intime
859 2291 1032 2318 commenda-

237 2327 270 2352 ri.
310 2326 367 2358 Qua
383 2326 416 2352 de
431 2335 472 2357 re,
491 2331 516 2353 et
527 2327 559 2353 de
571 2326 620 2353 hoc
631 2335 728 2362 genere
740 2333 805 2359 toto,
823 2337 856 2354 ne
872 2328 938 2355 forte
949 2329 1030 2354 mein

237 2364 353 2390 Graecos
368 2368 422 2390 tam
438 2363 612 2390 ambitiosum
628 2364 727 2391 factum
743 2373 802 2391 esse
819 2366 930 2397 mirere,
946 2374 1032 2400 pauca

237 2408 376 2435 cognosce.
416 2401 473 2436 Ego
489 2409 574 2436 quum
590 2401 751 2428 Graecorum
770 2402 894 2437 querelas
914 2403 1031 2429 nimium

239 2437 326 2463 valere
337 2438 477 2469 sentirem,
495 2443 603 2473 propter
618 2438 758 2465 hominum
771 2440 880 2475 ingenia
891 2439 924 2466 ad
936 2439 1032 2466 fallen-

238 2472 303 2499 dum
314 2480 416 2508 parata:
429 2483 616 2510 quoscumque
626 2475 660 2501 de
671 2480 696 2502 te
705 2477 783 2510 queri
789 2477 891 2508 audivi,
899 2485 1032 2511 quacum-

238 2517 291 2543 que
311 2512 385 2544 potui
400 2513 499 2538 ratione
515 2512 630 2546 placavi.
670 2513 791 2539 Primum
805 2513 1028 2549 Dionysopolitas,

238 2547 286 2580 qui
297 2552 370 2573 erant
381 2548 632 2580 inimicissimimei‚
642 2549 739 2575 lenivi:
753 2558 868 2584 quorum
880 2551 1031 2586 principem

239 2582 415 2617 Hermippum
425 2593 477 2611 non
488 2585 575 2612 solum
586 2595 709 2612 sermone
720 2595 788 2617 mec,
801 2587 849 2613 sed
859 2588 940 2614 etiam
952 2588 1032 2614 fami—

239 2618 352 2646 liaritate
374 2620 495 2647 devinxi.
534 2623 592 2658 Ego
615 2623 810 2658 Apameensem
835 2624 1028 2658 Hephaestum,

238 2664 288 2691 ego
299 2655 468 2684 levissimum
484 2658 632 2691 hominem,
650 2660 824 2696 Megaristum
839 2661 1028 2692 Antandrium,

426 2720 448 2738 Q

952 138 981 164 T.
1016 138 1286 164 Cttltittoxts

1058 210 1059 248 J
1082 217 1130 240 νμο
1148 209 1249 234 Niciam
1265 208 1455 244 Smyrnaeum,
1478 218 1527 243 ego
1543 219 1628 244 nugas
1647 211 1777 236 maximas
1797 212 1870 237 omni

1083 254 1139 270 inca
1159 246 1282 271 comitate
1302 254 1362 271 sum
1383 245 1553 280 complexus,
1578 248 1774 282 Nymphontem
1791 249 1871 274 etiam

1082 281 1286 316 Colophonium.
1327 282 1400 314 Quae
1417 282 1466 308 feci
1486 285 1588 312 omnia,
1608 293 1657 310 non
1674 293 1728 319 quo
1743 294 1784 311 me
1797 290 1840 310 aut
1853 285 1871 311 ii

1084 319 1214 349 homines,
1223 324 1267 345 aut
1279 324 1330 345 tota
1343 320 1413 345 natio
1424 319 1577 346 delectaret:
1592 326 1741 355 pertaesum
1754 328 1792 347 est
1806 322 1873 348 levi-

1083 356 1156 385 tatis,
1175 357 1374 386 assentationis,
1393 357 1542 382 animorum
1554 366 1605 383 non
1616 357 1726 388 officiis,
1743 359 1788 384 sed
1806 365 1873 385 tcm-

1083 393 1194 427 poribus
1209 394 1395 419 servientium.
1436 395 1460 419 5.
1483 394 1549 424 Sed,
1568 399 1595 420 ut
1610 394 1642 420 ad
1657 395 1766 422 Zeuxim
1784 405 1873 422 rever-

1083 435 1135 456 tar:
1153 439 1237 465 quum
1256 431 1277 456 is
1293 430 1325 456 de
1343 431 1377 456 M.
1394 430 1516 456 Cascellii
1531 440 1652 457 sermone
1663 441 1754 459 secum
1772 433 1871 463 habits),

1083 475 1151 501 quae
1164 472 1190 493 tu
1202 467 1308 497 scribis,
1317 476 1345 493 ea
1359 469 1414 502 ipsa
1428 467 1588 502 loqueretur,
1601 468 1691 495 obstiti
1703 470 1762 495 eius
1773 479 1874 496 sermo-

1084 505 1124 534 ni,
1139 509 1163 529 ct
1175 504 1309 530 bominem
1324 506 1349 531 in
1363 504 1568 531 familiaritatem
1581 506 1678 540 recepi.
1718 506 1773 532 Tua
1785 512 1873 533 autem

1083 550 1151 576 quae
1165 540 1244 567 fuerit
1259 541 1394 576 cupiditas
1409 547 1492 570 tanta.
1512 543 1614 571 nescio.
1631 542 1703 577 quod
1719 543 1815 570 scribis
1825 552 1874 570 cu-

1085 579 1167 612 piisse
1183 583 1220 609 te,
1237 580 1364 613 quoniam
1380 579 1508 614 Smyrnae
1524 579 1578 605 duo
1596 580 1684 615 Mysos
1701 581 1831 606 insuisses
1847 582 1873 607 in

1084 615 1206 645 culeum,
1229 616 1318 641 simile
1334 617 1358 642 in
1376 618 1512 651 superiore
1529 621 1602 651 parte
1621 618 1774 651 provinciae
1795 617 1874 644 edere

1084 653 1238 687 exemplum
1255 654 1404 679 severitatis
1421 659 1480 679 tuac
1497 658 1522 679 et
1538 653 1637 679 idcirco
1652 654 1762 680 Zeuxim
1779 655 1874 681 elicere

1083 690 1156 715 omni
1171 691 1270 716 ratione
1289 690 1419 716 voluisse:
1439 699 1520 725 quem
1537 690 1682 717 adductum
1700 692 1726 717 in
1744 691 1873 718 iudicium

1085 726 1194 753 sortasse
1206 727 1305 753 dimitti
1318 736 1368 753 non
1380 732 1543 762 oportuerat:
1558 729 1681 763 conquiri
1694 737 1764 758 vero,
1778 734 1802 755 et
1813 729 1875 755 elici

1085 763 1267 798 blanditiis-(ut
1279 769 1305 790 tu
1318 765 1463 797 scribislad
1477 765 1617 794 iudicium.
1627 774 1734 791 necesse
1746 775 1797 792 non
1810 765 1872 797 suit:

1084 809 1146 827 eum
1163 802 1318 836 praesertim
1336 802 1485 831 hominem.
1503 811 1584 837 quem
1599 811 1648 837 ego
1659 807 1684 828 et
1695 811 1728 829 ex
1738 804 1796 829 suis
1807 804 1875 829 civi—

1086 838 1149 869 bus,
1168 843 1194 864 et
1209 847 1242 865 ex
1254 839 1345 865 multis
1357 840 1417 865 aliis
1428 840 1548 874 quotidie
1559 840 1645 875 magis
1656 848 1786 875 cognosco
1798 840 1876 867 nobi-

1086 875 1177 901 liorem
1189 884 1247 901 csse
1259 885 1350 911 prope,
1367 885 1447 911 quam
1459 878 1594 902 civitatem
1606 885 1692 903 suam.
1719 879 1743 903 6.
1761 878 1793 904 At
1803 878 1874 904 enirn

1085 913 1194 939 Graecis
1215 913 1280 939 solis
1296 914 1432 949 indulgeo.
1471 913 1560 946 Quid?
1580 915 1608 940 L.
1625 914 1771 940 Caecilium
1789 923 1875 941 nonne

1084 950 1157 976 omni
1174 950 1273 976 ratione
1290 950 1412 985 placavi?
1427 960 1507 986 quem
1521 951 1670 977 bominem!
1688 960 1740 986 qua
1753 952 1804 977 ira!
1821 960 1876 986 quo

1085 987 1195 1021 spiritu!
1217 987 1302 1019 Quem
1324 988 1455 1023 denique,
1478 994 1582 1023 praeter
1599 989 1775 1017 Tuscenium.
1797 989 1875 1014 euius

1085 1032 1178 1050 caussa
1195 1025 1282 1050 sanari
1300 1034 1350 1051 non
1367 1030 1466 1060 potest.
1485 1035 1535 1051 non
1551 1025 1692 1061 mitigavi?
1712 1026 1778 1051 Ecce
1795 1034 1874 1060 supra

1085 1066 1165 1096 caput
1178 1061 1256 1087 homo
1269 1061 1336 1088 levis
1347 1071 1377 1088 ac
1388 1062 1523 1092 sordidus,
1532 1062 1673 1088 sedtamen
1685 1063 1802 1097 equestri
1813 1071 1876 1088 cen-

1085 1107 1126 1128 su,
1140 1098 1279 1124 Catienus:
1297 1100 1377 1125 etiam
1395 1100 1416 1125 is
1433 1099 1557 1125 lenietur.
1597 1100 1681 1125 Cuius
1698 1104 1724 1125 tu
1737 1100 1764 1125 in
1774 1104 1875 1134 patrem

1085 1135 1157 1170 quod
1171 1135 1377 1170 l'uistiasperior.
1388 1144 1438 1162 non
1451 1136 1630 1171 reprehendo:
1644 1141 1714 1162 certo
1725 1137 1797 1163 enim
1809 1137 1873 1167 scio,

1086 1177 1109 1198 te
1125 1171 1221 1198 fecisse
1236 1181 1298 1198 cum
1314 1181 1419 1200 caussa.
1459 1173 1510 1200 Sed
1526 1174 1592 1209 quid
1603 1182 1670 1208 opus
1683 1173 1732 1200 tuit
1743 1173 1875 1200 eiusmodi

1087 1209 1195 1240 litteris,
1217 1218 1285 1244 quas
1301 1210 1333 1236 ad
1354 1211 1444 1245 ipsum
1467 1210 1584 1237 misisti?
1603 1211 1680 1237 illum
1700 1219 1806 1237 crucem
1823 1211 1875 1237 sibi

1086 1247 1176 1281 ipsum
1187 1248 1358 1278 constituere,
1372 1256 1406 1274 ex
1416 1256 1469 1283 qua
1481 1253 1508 1274 tu
1519 1257 1581 1274 eum
1593 1253 1652 1274 ante
1663 1248 1838 1275 detraxisses:
1852 1253 1876 1274 te

1085 1288 1251 1315 curaturum,
1261 1284 1334 1311 fumo
1341 1289 1369 1311 ut
1379 1285 1589 1316 combureretur,
1598 1285 1741 1320 plaudente
1753 1290 1803 1312 tota
1815 1294 1877 1320 pro-

1086 1321 1185 1347 vincia.
1214 1321 1285 1354 Quid
1297 1331 1360 1348 vero
1371 1322 1403 1349 ad
1415 1322 1444 1349 C.
1457 1323 1579 1353 Fabium.
1593 1324 1683 1349 nescio
1696 1322 1796 1358 quem‘?
1805 1324 1875 1357 (nam

1063 1359 1064 1368 ¹
1085 1367 1143 1384 eam
1155 1367 1263 1393 quoque
1274 1359 1414 1394 epistolam
1421 1361 1451 1386 T.
1460 1361 1586 1388 Catienus
1597 1360 1806 1396 circumgestat.)
1827 1360 1876 1386 Re-

1063 1412 1064 1415 =
1086 1396 1204 1422 nuntiari
1215 1396 1265 1422 tibi
1279 1397 1412 1423 Licinium
1424 1396 1584 1434 plagiarium
1596 1406 1658 1424 cum
1670 1406 1719 1424 suo
1729 1397 1804 1432 pullo
1815 1396 1877 1423 mil·

1086 1433 1149 1458 vino
1161 1433 1260 1459 tributa
1272 1434 1398 1469 exigere?
1412 1435 1512 1462 Deinde
1523 1444 1600 1471 rogas
1612 1435 1738 1465 Fabium,
1752 1440 1779 1460 ut
1793 1439 1818 1460 et
1829 1443 1876 1469 pa-

1086 1475 1152 1496 trem
1165 1475 1190 1496 et
1202 1470 1287 1496 lilium
1300 1472 1377 1498 vivos
1390 1473 1541 1502 comburat.
1560 1474 1583 1498 si
1598 1473 1695 1507 possit:
1717 1473 1759 1498 sin
1775 1472 1874 1499 minus,

1086 1507 1118 1533 ad
1133 1512 1157 1534 te
1174 1508 1273 1539 mittat,
1295 1509 1334 1534 uti
1352 1509 1452 1537 iudicio
1465 1510 1666 1537 comburantur.
1707 1509 1760 1535 Hae
1777 1509 1877 1535 litterae

1085 1544 1169 1570 abste
1180 1553 1228 1579 per
1239 1546 1327 1572 iocum
1342 1547 1440 1574 missae
1452 1547 1485 1573 ad
1496 1547 1525 1574 C.
1540 1547 1666 1577 Fabium,
1684 1547 1707 1572 si
1724 1546 1802 1573 modo
1815 1552 1877 1572 sunt

1085 1586 1159 1612 tuae,
1176 1591 1261 1616 quum
1273 1583 1411 1619 leguntur,
1429 1584 1591 1611 invidiosam
1607 1585 1769 1611 atrocitatem
1782 1583 1878 1610 verbo-

1086 1627 1146 1644 rum
1161 1619 1268 1646 habent.
1309 1622 1333 1647 7.
1355 1622 1406 1653 Ac,
1423 1623 1447 1648 si
1460 1622 1581 1648 omnium
1598 1629 1717 1648 mearum
1731 1620 1875 1647 litterarum

1085 1661 1224 1691 praecepta
1237 1663 1352 1692 repetes:
1367 1658 1511 1695 intelliges,
1520 1659 1588 1685 nihil
1600 1667 1659 1685 esse
1671 1667 1684 1684 a
1696 1666 1747 1689 me,
1756 1658 1808 1684 nisi
1818 1665 1878 1684 ora-

1085 1694 1165 1719 tionis
1176 1694 1347 1721 acerbitatem
1361 1701 1385 1722 et
1397 1696 1563 1722 iracundiam
1574 1701 1613 1726 et,
1628 1697 1652 1722 si
1665 1695 1742 1725 sorte,
1761 1703 1819 1721 raro
1834 1694 1877 1720 lit-

1085 1735 1201 1757 terarum
1213 1732 1357 1758 missarum
1369 1733 1566 1769 indiligentiam
1578 1732 1776 1768 reprehensam.
1810 1731 1877 1764 Qui-

1085 1767 1137 1793 bus
1150 1768 1262 1803 quidem
1278 1770 1304 1795 in
1319 1770 1400 1796 rebus
1414 1771 1437 1796 si
1452 1770 1523 1805 apud
1539 1775 1563 1796 te
1578 1770 1639 1805 plus
1654 1770 1795 1796 auctoritas
1807 1777 1873 1795 mea.

1084 1813 1166 1839 quam
1178 1811 1221 1832 tua
1233 1807 1291 1833 sive
1304 1812 1396 1833 natura
1408 1808 1498 1842 paullo
1509 1808 1665 1837 acrior,sive
1676 1805 1877 1842 quaedamdul-

1084 1842 1150 1869 cedo
1161 1843 1329 1875 iracundiae,
1347 1845 1405 1871 sive
1421 1844 1529 1871 dicendi
1545 1844 1583 1871 sal
1599 1844 1763 1878 facetiaeque
1775 1843 1877 1869 valuis-

1084 1884 1158 1911 sent,
1175 1880 1243 1907 nihil
1255 1890 1319 1908 sane
1330 1887 1414 1912 esset,
1432 1882 1505 1917 quod
1520 1890 1568 1908 nos
1582 1882 1737 1916 poeniteret.
1778 1881 1810 1907 Et
1820 1888 1877 1906 me-

1084 1917 1168 1943 diocri
1180 1926 1222 1943 me
1233 1918 1323 1945 dolore
1337 1924 1415 1954 putas
1431 1919 1516 1949 affici,
1534 1927 1619 1954 quum
1635 1918 1757 1949 audiam,
1774 1926 1827 1953 qua
1843 1918 1878 1944 sit

1083 1955 1282 1982 existimatione
1289 1956 1428 1992 Virgilius,
1442 1965 1495 1991 qua
1509 1961 1572 1983 tuus
1581 1954 1878 1982 vicinusQOctavius‘?

1084 1992 1150 2018 Nam
1162 1993 1186 2018 si
1198 1997 1222 2019 te
1234 1993 1406 2020 interioribus
1418 1994 1516 2019 vicinis
1528 1994 1590 2024 tuis,
1607 1993 1745 2020 Ciliciensi
1754 1992 1877 2028 etSyria-

1083 2037 1127 2060 co,
1145 2031 1298 2065 anteponis,
1317 2030 1394 2057 valde
1406 2039 1534 2066 magnum
1547 2030 1622 2056 facis.
1662 2031 1749 2065 Atque
1764 2030 1788 2056 is
1802 2028 1877 2056 dolor

1083 2072 1136 2097 est,
1154 2068 1226 2102 quod
1237 2076 1322 2103 quum
1334 2069 1367 2099 ii,
1383 2077 1451 2103 quos
1463 2068 1613 2098 nominavi,
1627 2072 1652 2094 te
1663 2067 1812 2093 innocentia
1823 2075 1875 2093 non

1084 2105 1205 2136 vincant,
1227 2106 1341 2132 vincunt
1356 2110 1442 2131 tamen
1459 2105 1570 2131 artificio
1586 2103 1786 2131 benevolentiae
1799 2103 1878 2130 eolli-

1060 2164 1061 2170 .
1082 2142 1195 2177 gendae,
1211 2143 1259 2178 qui
1271 2150 1358 2177 neque
1369 2142 1469 2178 Cyrum
1484 2141 1669 2177 Xenophontis
1683 2149 1771 2183 neque
1779 2141 1877 2176 Agesi—

1084 2179 1156 2206 laum
1168 2180 1303 2206 noverint:
1317 2188 1432 2214 quorum
1444 2188 1537 2215 regum
1549 2187 1655 2206 summo
1666 2179 1693 2204 in
1705 2179 1818 2213 imperio
1828 2185 1876 2204 ne-

1083 2226 1127 2244 mo
1147 2225 1277 2252 umquam
1296 2217 1410 2242 verbum
1425 2216 1512 2243 ullum
1527 2217 1649 2251 asperius
1670 2215 1783 2241 audivit.
1823 2214 1875 2241 Sed

1083 2255 1148 2281 haec
1163 2263 1177 2280 a
1193 2255 1326 2289 principio
1341 2254 1391 2280 tibi
1410 2254 1592 2288 praecipiens,
1610 2257 1742 2288 quantum
1755 2251 1876 2286 profece—

1083 2293 1148 2322 rim,
1171 2300 1223 2318 non
1237 2292 1340 2327 ignoro.
1381 2291 1424 2317 111.
1446 2292 1470 2317 8.
1493 2291 1570 2317 Nunc
1585 2295 1673 2317 tamen
1688 2288 1822 2315 decedens
1837 2288 1875 2323 (id

1082 2329 1155 2364 quod
1166 2329 1235 2355 mibi
1246 2329 1298 2354 iam
1312 2327 1398 2354 facere
1409 2328 1521 2362 videris)
1532 2327 1662 2362 relinque,
1670 2334 1779 2361 quaeso,
1792 2333 1874 2360 quam

1083 2366 1309 2392 iucundissimam
1327 2366 1483 2391 memoriam
1499 2366 1548 2391 tui.
1589 2363 1777 2390 Successorem
1791 2362 1874 2389 babes

1082 2403 1275 2438 perblandum:
1298 2407 1384 2429 cetera
1404 2402 1482 2428 valde
1500 2401 1574 2428 illius
1589 2400 1706 2426 adventu
1723 2405 1768 2426 tua
1782 2400 1875 2434 requi-

1082 2445 1184 2467 rentur.
1223 2441 1252 2466 ln
1269 2439 1363 2466 litteris
1378 2439 1516 2465 mittendis
1531 2439 1569 2473 (ut
1583 2445 1664 2471 saepe
1679 2437 1711 2463 ad
1727 2442 1752 2463 te
1767 2436 1874 2471 scripsi)

1083 2478 1198 2503 nimium
1214 2482 1239 2503 te
1253 2476 1418 2503 exorabilem
1432 2475 1591 2510 praebuisti.
1631 2474 1705 2500 Tolle
1719 2482 1826 2504 omnes,
1849 2474 1874 2500 si

1082 2519 1166 2549 potes,
1179 2515 1296 2549 iniquas,
1310 2513 1372 2540 tolle
1383 2514 1532 2542 inusitatas,
1549 2511 1610 2538 tolle
1620 2512 1775 2537 contrarias.
1815 2510 1874 2537 Sta-

1082 2552 1136 2577 tius
1147 2551 1216 2577 mihi
1229 2552 1358 2581 narravit,
1375 2551 1487 2584 scriptas
1503 2549 1536 2575 ad
1551 2554 1575 2575 te
1586 2548 1670 2575 solere
1681 2548 1781 2578 afferri,
1799 2547 1833 2574 ab
1843 2556 1874 2574 se

1083 2588 1149 2623 legi:
1167 2593 1204 2619 et,
1218 2589 1242 2614 si
1253 2588 1362 2623 iniquae
1373 2588 1439 2617 sint,
1456 2586 1513 2612 fieri
1525 2591 1548 2612 te
1559 2587 1712 2612 certiorem:
1729 2590 1873 2619 antequam

1082 2633 1144 2651 vero
1155 2626 1213 2659 ipse
1224 2625 1257 2651 ad
1268 2630 1293 2651 te
1305 2625 1434 2653 venisset,
1453 2623 1558 2649 nullum
1573 2622 1708 2649 delectum
1724 2621 1872 2648 litterarum

1081 2661 1180 2688 fuisse.-
1196 2670 1230 2688 ex
1245 2670 1275 2688 eo
1291 2669 1350 2687 esse
1365 2659 1503 2687 volumina
1517 2660 1676 2686 selectarum
1686 2658 1869 2694 epistolarum,
