1941 3052
488 137 541 162 DE
575 137 804 163 ORATORE
838 139 923 164 LIB⁴

90 206 175 233 modis
193 210 219 232 et
237 205 328 237 forma,
350 206 449 233 relaxat
462 211 487 233 et
501 207 595 234 liberat
608 208 792 234 immutatione
805 208 878 235 ordi-

90 245 139 275 nis,
163 248 194 270 ut
215 243 296 270 verba
314 252 401 279 neque
419 244 524 280 alligata
543 245 596 271 sint
613 246 691 280 quasi
705 250 774 272 certa
788 245 878 280 aliqua

89 281 147 318 lege
160 290 254 308 versus
268 290 355 316 neque
368 282 403 307 ita
417 281 512 313 soluta,
521 287 550 308 ut
560 287 700 318 vagentur.
716 283 796 309 XLV.
807 282 879 315 Quo-

89 328 148 345 nam
171 319 254 354 igitur
270 318 349 345 modo
366 323 467 345 tantum
486 328 586 345 munus
605 320 769 352 insistemus,
789 324 819 346 ut
837 329 879 346 ar-

89 357 219 383 bitremur
240 365 288 382 nos
306 356 374 382 hanc
391 357 447 382 vim
466 365 606 383 numerose
624 357 730 384 dicendi
750 358 878 392 consequi

89 392 185 428 posse‘?
213 394 271 420 Non
294 398 334 419 est
351 402 392 420 res
411 398 463 420 tam
482 394 608 425 difficilis,
625 403 705 429 quam
720 396 876 421 necessaria.

89 431 161 457 Nihil
175 435 215 457 est
228 431 299 457 enim
314 435 367 457 tam
381 436 509 462 tenerum,
527 440 613 466 neque
627 436 680 458 tam
694 431 819 463 flexibile,
833 441 879 458 ne-

88 477 141 503 que
162 468 235 503 quod
257 473 309 494 tam
333 468 409 495 facile
430 474 566 504 sequatur,
591 478 762 504 quocumque
785 470 875 500 ducas,

88 514 169 541 quam
183 505 273 532 oratio.
299 507 355 532 t77.
370 506 412 532 Ex
425 506 474 532 hac
489 515 591 537 versus,
608 515 641 532 ex
655 506 746 532 eadem
758 507 877 541 dispares

89 543 193 569 numeri
206 543 397 577 conficiuntur,
420 552 453 570 ex
466 544 516 570 hac
530 544 593 569 haec
607 544 686 569 etiam
700 543 786 570 soluta
797 544 878 570 variis

89 580 175 606 modis
189 581 388 616 multorumque
402 590 529 616 generum
543 581 634 607 oratio.
658 581 716 607 Non
730 582 801 607 enim
816 585 879 607 sunt

88 617 138 644 alia
152 619 291 649 sermonis,
308 618 358 644 alia
372 619 547 645 contentionis
562 618 656 650 verba,
680 627 766 653 neque
780 627 814 644 ex
827 618 878 645 alio

88 663 185 690 genere
203 655 235 681 ad
254 665 334 682 usum
352 656 548 691 quotidianum,
570 654 620 681 alio
635 655 666 681 ad
681 664 788 682 scenam
802 664 879 690 pom-

88 701 203 728 pamque
217 698 373 725 sumuntur;
398 693 444 718 sed
459 701 488 718 ea
502 701 549 718 nos
563 701 648 727 quum
662 693 772 718 iacentia
786 697 879 719 sustu-

89 730 169 756 limus
183 739 197 756 e
211 730 306 761 medio,
328 731 397 756 sicut
411 730 596 756 mollissimam
610 738 697 756 ceram
711 730 744 756 ad
758 735 878 756 nostrum

87 768 225 794 arbitrium
241 767 386 794 formamus
400 771 425 793 et
438 767 576 802 fingimus.
608 768 699 802 ltaque
712 772 769 794 tum
783 776 878 804 graves

87 813 190 835 sumus,
204 809 260 831 tum
271 804 392 835 subtiles,
400 809 458 831 tum
469 804 588 830 medium
599 805 728 839 quiddam
740 809 875 838 tenemus,

87 842 125 868 sic
143 842 292 868 institutam
311 847 427 868 nostram
445 843 603 868 sententiam
617 843 740 877 sequitur
752 843 878 869 orationis
900 842 901 862 1

87 887 180 915 genus,
204 879 286 915 idque
303 880 336 906 ad
353 888 459 906 omnem
475 878 612 916 [rationem
631 879 665 916 et]
681 880 786 906 aurium
801 880 878 906 volu-

87 921 184 951 ptatem
211 921 237 943 et
262 917 411 943 animorum
435 921 537 943 motum
563 921 681 943 mutatur
706 922 732 943 et
754 918 876 944 vertitur.

88 955 145 980 ⁴78.
160 954 212 980 Sed
230 958 259 980 ut
276 955 304 981 in
319 954 454 989 plerisque
468 954 548 981 rebus
562 954 754 981 incredibiliter
767 955 817 981 hoc
831 964 878 981 na-
899 975 900 979 ,

87 996 144 1018 tura
166 996 206 1018 est
227 992 285 1027 ipsa
308 991 447 1025 fabricata3
470 992 508 1018 sic
526 992 553 1018 in
567 992 693 1023 oratione,
710 997 739 1018 ut
753 1001 791 1024 ea,
808 1001 877 1027 quae

87 1029 229 1055 maximam
248 1029 389 1055 utilitatem
407 1030 435 1055 in
453 1038 482 1055 se
500 1030 672 1061 continerent,
689 1029 781 1056 eadem
795 1030 878 1056 habe·
898 1043 900 1063 <¹

87 1071 143 1092 rent
160 1066 309 1102 plurimum
327 1066 370 1093 vel
388 1066 525 1103 dignitatis
543 1066 585 1093 vel
605 1076 683 1102 saepe
697 1068 776 1093 etiam
791 1076 877 1093 venu-
898 1064 900 1107 l

86 1105 170 1130 statis.
201 1104 392 1131 Incolumitatis
406 1113 436 1130 ac
449 1104 543 1130 salutis
557 1105 679 1130 omnium
693 1113 788 1131 caussa
802 1105 877 1131 vide-
898 1117 900 1123 ¹

87 1150 146 1168 mus
160 1141 232 1168 hunc
249 1146 347 1168 statum
365 1150 423 1168 esse
437 1142 518 1168 huius
533 1142 613 1168 totius
627 1142 721 1168 mundi
736 1147 816 1178 atque
830 1151 877 1168 na-

86 1183 168 1210 turae,
193 1179 337 1205 rotundum
360 1184 390 1206 ut
411 1178 524 1210 caelum,
546 1184 668 1214 terraque
686 1184 715 1206 ut
730 1180 817 1206 media
831 1180 874 1211 sit,
899 1195 900 1198 =

86 1224 168 1251 eaque
182 1225 230 1243 sua
244 1217 270 1243 vi
286 1221 406 1252 nutuque
421 1221 553 1249 teneatur,
569 1216 608 1243 sol
623 1221 653 1243 ut
663 1217 873 1248 circumferatur,

86 1258 115 1279 ut
128 1254 234 1280 accedat
247 1254 280 1280 ad
293 1254 414 1281 brumale
428 1254 536 1290 signum
555 1258 580 1280 et
593 1254 655 1280 inde
669 1255 770 1281 sensim
784 1263 877 1281 ascen-
898 1273 900 1277 .

85 1290 130 1317 dat
143 1291 170 1317 in
183 1291 315 1318 diversam
330 1296 444 1327 partem,
476 1296 505 1318 ut
528 1291 589 1318 luna
608 1300 717 1318 accessu
732 1297 757 1319 et
770 1301 876 1319 recessu

85 1337 134 1355 suo
156 1329 219 1355 solis
244 1329 334 1356 lumen
358 1329 481 1364 accipiat3
508 1333 537 1355 ut
550 1329 643 1355 eadem
657 1330 741 1365 spatia
755 1331 876 1365 quinque

85 1365 177 1392 stellae
194 1366 294 1401 dispari
314 1371 386 1393 motu
400 1375 536 1401 cursuque
550 1366 699 1393 conficiant.

898 1326 900 1338 l

85 1449 136 1467 non
150 1442 262 1476 possint,
279 1445 376 1468 tantam
391 1441 629 1476 pulchritudinem,
643 1447 671 1468 ut
686 1442 758 1468 nulla
773 1443 876 1477 species
898 1438 899 1454 ³

85 1487 116 1504 ne
139 1479 281 1515 excogitari
301 1479 410 1514 quidem
430 1479 514 1514 possit
527 1479 650 1505 ornatior.

84 1516 204 1542 animum
226 1516 258 1542 ad
282 1516 421 1543 hominum
441 1515 483 1542 vel
501 1517 579 1542 etiam
594 1521 740 1542 ceterarum
755 1517 876 1543 animan—

84 1553 151 1579 tium
174 1553 283 1580 sormam
306 1558 332 1580 et
353 1553 475 1589 figuram.
510 1553 616 1579 Nullam
641 1559 740 1588 partem
758 1555 876 1589 corporis

85 1591 141 1617 sine
164 1590 253 1626 aliqua
275 1592 431 1617 necessitate
459 1590 574 1617 affictam
602 1596 736 1626 totamque
764 1591 875 1618 sormam

83 1629 160 1663 quasi
175 1628 316 1663 perfectam
330 1628 467 1663 reperietis
478 1632 540 1659 arte,
554 1637 606 1655 non
617 1637 690 1655 casu.
706 1628 875 1661 XLVI.Quid
897 1624 899 1677 1

83 1666 110 1692 111
128 1665 276 1697 arboribus,
297 1666 324 1692 in
342 1666 443 1701 quibus
462 1675 513 1692 non
527 1669 647 1697 truncus,
664 1675 716 1693 non
731 1667 806 1697 rami,
823 1675 874 1693 non

84 1702 144 1729 folia
163 1707 226 1730 sunt
243 1703 368 1739 denique,
385 1704 437 1730 nisi
450 1703 483 1729 ad
497 1712 573 1730 suam
590 1704 753 1730 retinendam
768 1712 875 1730 conser-

84 1740 252 1776 vandamque
266 1740 405 1767 naturam‘?
425 1749 558 1776 nusquam
574 1745 661 1767 tamen
679 1745 719 1767 est
733 1741 786 1768 ulla
801 1750 871 1776 pars,

85 1778 135 1804 nisi
154 1782 275 1805 venusta.
308 1780 364 1805 180.
380 1779 546 1814 Linquamus
562 1782 682 1804 naturam
697 1783 819 1814 artesque
834 1780 875 1805 vi-
897 1799 898 1808 ,

83 1815 203 1842 ‹leamus.
224 1815 295 1848 Quid
309 1820 361 1842 tam
375 1817 403 1842 in
418 1816 524 1852 navigio
539 1817 728 1847 necessarium,
741 1825 822 1851 quam
837 1816 874 1843 la—
897 1829 898 1845 2

84 1857 234 1888 tera,quam
248 1861 473 1889 cavernae,quam
488 1862 662 1888 prora,quam
674 1855 873 1889 puppis,quam

83 1894 228 1921 antemnae,
245 1899 324 1926 quam
340 1891 406 1921 vela,
423 1899 504 1926 quarn
519 1890 601 1916 mali?
622 1899 691 1925 quae
705 1896 792 1917 tamen
807 1892 874 1918 hanc
897 1892 898 1896 ’

84 1926 181 1954 habent
201 1928 228 1954 in
247 1928 334 1963 specie
354 1933 528 1958 venustatem,
550 1932 578 1954 ut
597 1936 647 1954 non
666 1928 753 1954 solum
768 1928 871 1960 salutis,

84 1964 129 1991 sed
152 1965 230 1991 etiam
250 1965 393 2000 voluptatis
412 1974 506 1991 caussa
524 1966 631 1991 inventa
650 1973 708 1992 esse
724 1966 872 1993 videantur.
896 1972 898 1994 1

84 2001 228 2028 Columnae
240 2007 266 2029 et
279 2003 376 2037 templa
391 2007 416 2029 et
430 2003 547 2037 porticus
561 2003 707 2033 sustinent:
725 2008 813 2030 tamen
827 2004 875 2030 ha-

83 2038 145 2065 bent
167 2048 218 2066 non
243 2039 304 2074 plus
323 2040 454 2071 utilitatis,
474 2049 555 2075 quam
570 2039 717 2075 dignitatis.
752 2040 873 2076 Capitolii

84 2075 218 2112 fastigium
243 2077 311 2103 illud
334 2081 359 2103 et
381 2082 526 2104 ceterarum
545 2077 651 2104 aedium
671 2086 722 2104 non
736 2083 871 2109 venustas,

83 2113 128 2140 sed
152 2115 295 2140 necessitas
318 2115 375 2149 ipsa
399 2114 523 2141 fabricata
542 2119 590 2141 est.
625 2115 691 2141 Nam
706 2123 790 2150 quum
805 2120 875 2142 esset
896 2117 899 2155 1

84 2151 171 2178 habita
195 2152 268 2183 ratio,
294 2152 521 2187 quemadmodum
540 2160 573 2178 ex
591 2156 703 2187 utraque
723 2154 782 2179 tecti
802 2158 875 2188 parte
896 2157 898 2182 1

84 2196 150 2223 aqua
174 2188 349 2220 delaberetur,
371 2189 511 2216 utilitatem
530 2189 621 2224 templi
641 2189 738 2225 fastigii
758 2188 898 2226 dignitas

83 2230 221 2252 consecuta
235 2231 288 2259 est,
310 2231 347 2258 ut,
363 2227 466 2253 etiamsi
481 2227 508 2253 in
522 2227 594 2253 caelo
604 2226 764 2262 Capitolium
776 2233 874 2254 statue—
897 2248 898 2251 .

83 2266 162 2294 retur,
179 2263 225 2290 ubi
239 2264 325 2290 imber
339 2272 397 2290 esse
411 2272 463 2290 non
478 2268 575 2299 posset,
588 2263 689 2291 nullam
699 2265 757 2291 sine
769 2265 875 2302 fastigio
897 2264 898 2292 ζ

83 2299 239 2343 dignitatem
261 2301 415 2328 habitumm
439 2309 497 2327 esse
515 2301 646 2328 videatur.
687 2304 743 2328 181.
772 2287 847 2329 Hoc0
847 2303 874 2329 in

83 2337 208 2364 omuibus
221 2338 284 2365 item
299 2339 420 2374 partibus
434 2339 559 2365 orationis
573 2339 670 2366 evenit
691 2344 720 2365 ut
734 2339 873 2366 utilitatem

84 2382 113 2400 ac
126 2383 207 2410 prope
221 2376 403 2403 necessitatem
419 2377 536 2402 suavitas
550 2376 681 2411 quaedam
693 2381 718 2403 et
729 2376 801 2412 lepos
812 2386 875 2404 con-
896 2378 898 2383 ‘

84 2417 218 2447 sequatur
253 2413 394 2440 Clausulas
416 2414 487 2440 enim
507 2418 586 2449 atque
601 2413 766 2448 interpuncta
781 2415 875 2441 verbo-

84 2456 142 2475 rum
161 2451 263 2476 animae
282 2450 436 2478 interclusio
454 2455 532 2486 atque
551 2451 689 2486 angustiae
706 2452 817 2494 spiritus
836 2456 875 2478 at-

85 2485 210 2513 tulerunt.
232 2487 261 2514 ld
276 2487 414 2515 inventum
430 2489 464 2515 ita
478 2493 518 2515 est
531 2496 622 2519 suave,
639 2492 677 2519 ut,
690 2489 712 2514 si
726 2490 770 2515 cui
785 2489 820 2515 sit
832 2489 875 2515 in-
896 2495 897 2512 1

85 2521 174 2550 finitus
196 2525 307 2560 spiritus
330 2525 417 2557 datus,
443 2530 529 2552 tamen
548 2534 609 2552 eum
624 2530 780 2561 perpetuare
794 2527 897 2552 verba

85 2559 210 2588 nolimus.
244 2562 272 2588 ld
286 2563 356 2589 enim
371 2563 481 2590 auribus
497 2563 593 2590 nostris
606 2567 711 2598 gratum
727 2568 766 2589 cst
780 2564 874 2590 inven-
896 2559 897 2604 1

85 2601 149 2629 tum,
171 2599 243 2634 quod
262 2599 401 2626 hominum
417 2600 543 2626 lateribus
559 2609 609 2626 non
625 2600 760 2626 toteuabile
775 2600 870 2631 50111111,

85 2634 132 2661 sed
145 2636 222 2662 etiam
237 2636 314 2663 facile
327 2645 386 2664 esse
399 2642 498 2672 posset.
518 2638 692 2664 XLV11.482
708 2638 873 2673 Longissima

85 2676 124 2698 est
140 2672 222 2708 igitur
239 2673 388 2709 complexio
407 2675 557 2706 verborum,
582 2683 650 2710 quae
666 2675 734 2701 v-olxi
752 2684 804 2702 uuo
818 2676 873 2710 spi-

898 1366 907 1382 ,.

85 1408 183 1430 tantam
203 1404 300 1430 habent
316 1405 381 1435 vim,
401 1404 523 1439 paullum
542 1408 570 1430 ut
585 1404 723 1430 immutata
735 1368 877 1431 legliagiffite)
898 1410 906 1431 11

686 1479 791 1505 Referte
806 1488 876 1505 nunc
898 1475 906 1500 ζ’

903 1934 906 1942 ·
925 1929 952 1955 111
966 1929 1091 1956 orationis
1106 1929 1183 1955 laude
1198 1934 1319 1964 ponetur.

903 2609 905 2631 1

960 139 1001 164 111.
1037 139 1055 165 C
1071 140 1091 165 A
1106 140 1133 164 P.
1170 141 1200 165 42
1221 155 1256 158 ——
1278 141 1317 165 49.
1673 144 1714 167 131

929 210 981 235 ritu
1006 214 1100 244 potest.
1135 209 1187 236 Sed
1206 210 1248 236 hic
1267 214 1374 236 naturae
1389 210 1483 236 modus
1498 215 1544 240 est,
1562 212 1624 237 artis
1639 212 1716 238 alius.

930 247 995 272 Nam
1019 255 1103 281 quum
1122 247 1175 273 sint
1194 248 1298 273 numeri
1313 246 1412 282 plureS,
1428 247 1548 273 iambum
1563 252 1587 273 et
1601 249 1720 275 trochae-

930 292 975 309 um
995 283 1159 318 frequentem
1179 288 1299 320 segregat
1312 284 1344 310 ab
1359 285 1474 310 oratione
1487 285 1649 316 Aristoteles,
1673 286 1720 312 Ca-

930 320 993 351 tule,
1014 326 1108 352 vester,
1129 322 1176 356 qui
1195 326 1288 348 natura
1302 326 1389 348 tamen
1403 323 1542 348 incurrunt
1556 323 1608 357 ipsi
1622 323 1649 349 in
1664 332 1721 349 ora-

930 359 1027 384 tionem
1051 367 1255 394 sermonemque
1277 363 1411 391 nostrum,
1443 359 1490 385 sed
1517 365 1579 386 sunt
1601 360 1721 395 insignes

930 397 1115 430 percussiones
1138 405 1230 423 eorum
1257 405 1429 423 numerorum
1456 401 1480 423 et
1506 398 1603 423 minuti
1628 398 1719 432 pedes.

929 432 1015 464 Quare
1030 434 1147 467 primum
1162 434 1194 459 ad
1210 434 1321 460 heroum
1337 443 1383 460 nos
1398 434 1494 470 dactyli
1508 438 1534 460 et
1547 436 1682 469 anapaesti
1696 441 1721 461 et

930 470 1040 504 spondei
1056 471 1148 505 pedem
1164 472 1270 497 invitat:
1292 472 1318 497 in
1332 480 1386 506 quo
1400 472 1510 506 impune
1524 472 1647 507 progredi
1662 472 1721 498 licet

930 508 983 533 duo
997 507 1135 534 dumtaxat
1150 508 1230 542 pedes
1245 513 1289 534 aut
1304 508 1394 543 paullo
1408 509 1478 543 plus,
1496 518 1527 535 ne
1537 509 1613 544 plane
1623 510 1651 535 in
1663 519 1721 536 ver-

930 554 990 570 sum
1014 550 1059 571 aut
1081 545 1287 571 similitudinem
1307 555 1434 572 versuum
1453 547 1612 572 incidamus.
1647 547 1720 573 Atiae

931 587 993 608 sunt
1006 583 1136 617 geminae,
1153 583 1254 617 quibus
1265 598 1301 602 —-
1315 583 1341 609 hi
1358 588 1409 609 tres
1425 584 1495 610 heroi
1511 584 1592 618 pedes
1606 585 1633 610 in
1647 585 1721 618 prin-

907 641 908 651 ,
930 620 999 653 cipia
1025 620 1264 646 continuandorum
1292 620 1433 646 verborum
1465 623 1528 647 satis
1559 621 1652 648 decore
1678 630 1722 647 ca-

907 653 909 661 '
930 656 1005 682 dunt.
1021 672 1058 676 —
1074 658 1129 683 183.
1146 657 1274 683 Probatur
1288 662 1375 684 autem
1391 658 1423 683 ab
1437 658 1529 684 codem
1544 658 1589 685 illo
1606 659 1720 685 maxime

930 702 1022 728 paeon,
1034 695 1082 728 qui
1096 698 1136 720 est
1149 694 1263 728 duplex:
1286 704 1347 720 nam
1362 700 1405 721 aut
1421 704 1434 721 a
1449 695 1525 730 longa
1539 697 1720 730 oritur-,quam

930 736 981 757 tres
996 731 1089 757 breves
1103 737 1313 766 consequuntur,
1330 736 1359 758 ut
1372 732 1436 758 haec
1452 733 1538 763 verba,
1555 735 1668 762 desinite,
1681 736 1721 759 in-

930 771 1012 801 cipite,
1037 771 1208 802 comprimite,
1237 774 1282 795 aut
1304 778 1317 795 a
1335 770 1462 796 brevibus
1480 770 1605 805 deinceps
1623 771 1718 801 tribus,

930 810 1046 832 extrema
1061 805 1187 840 producta
1201 811 1281 841 atque
1296 806 1381 842 longa,
1398 808 1466 833 sicut
1480 807 1525 833 illa
1540 812 1610 838 sunt,
1619 810 1720 833 domue-

929 847 998 873 rant,
1015 845 1155 876 sonipedes.
1186 843 1272 878 Atque
1286 844 1326 870 illi
1340 844 1500 879 philosopho
1514 844 1594 870 ordiri
1609 844 1692 879 placet
1707 854 1719 870 a

929 881 1065 915 superiore
1079 889 1187 915 paeone,
1204 882 1346 916 posteriore
1361 881 1444 907 finire.
1475 882 1521 908 Est
1536 886 1622 908 autem
1639 891 1720 916 paeon

928 917 972 943 hic
994 918 1124 952 posterior
1147 927 1199 945 non
1221 918 1385 954 syllabarum
1409 928 1528 949 numero,
1550 919 1597 945 sed
1616 920 1719 945 aurium

929 955 1144 990 mensura,quod
1158 960 1197 982 est
1210 957 1297 982 acrius
1311 956 1442 982 iudicium
1457 960 1482 982 et
1490 957 1596 987 certius,
1611 956 1721 991 pariere

928 993 1036 1023 cretico,
1057 993 1104 1028 qui
1118 998 1157 1019 est
1171 1002 1204 1019 ex
1218 993 1294 1029 longa
1309 998 1334 1020 et
1347 994 1421 1020 brevi
1435 998 1460 1020 et
1475 993 1565 1030 longa:
1588 999 1617 1020 ut

968 1031 1035 1062 Quid
1046 1035 1131 1063 petum
1143 1033 1265 1064 praesidi,
1281 1036 1326 1057 aut
1339 1031 1486 1065 exsequar?
1506 1033 1584 1064 quo've
1598 1031 1685 1057 nunc?

929 1067 950 1094 Α
963 1076 1017 1102 quo
1032 1076 1143 1094 numero
1156 1077 1267 1094 exorsus
1281 1073 1321 1094 est
1334 1069 1451 1095 Ennius:
1479 1068 1516 1099 Si,
1538 1068 1658 1100 Quirites,
1673 1072 1721 1093 mi-

929 1107 1070 1131 masillias.
1104 1106 1180 1131 Hunc
1198 1105 1244 1132 ille
1264 1105 1393 1132 clausulis
1411 1107 1539 1141 aptiorem
1554 1110 1637 1140 putat,
1653 1114 1720 1141 quas

929 1142 987 1168 vult
1002 1142 1078 1178 longa
1093 1142 1252 1178 plerumque
1266 1144 1368 1180 syllaba
1384 1145 1528 1170 terminari.

983 1180 1098 1206 XLVIH.
1121 1182 1177 1207 184.
1198 1181 1290 1216 Neque
1310 1190 1371 1208 vero
1385 1181 1448 1207 baec
1463 1186 1514 1207 tam
1530 1189 1616 1207 acrem
1630 1189 1720 1206 curam

928 1217 1149 1253 diligentiamque
1172 1218 1330 1249 desiderant,
1352 1228 1432 1254 quam
1452 1223 1491 1245 est
1508 1218 1553 1244 illa
1567 1222 1718 1253 poetarum,

927 1263 996 1290 quos
1011 1256 1154 1281 necessitas
1168 1256 1238 1292 cogit
1248 1261 1273 1283 et
1287 1257 1338 1291 ipsi
1355 1257 1457 1282 numeri
1472 1265 1501 1282 ac
1515 1256 1596 1286 modi.
1609 1256 1648 1281 sic
1662 1264 1721 1281 ver-

928 1292 960 1318 ba
985 1301 1063 1319 versu
1086 1293 1231 1325 includere,
1256 1298 1285 1320 ut
1307 1294 1373 1320 nihil
1393 1294 1427 1320 sit
1445 1302 1477 1320 ne
1496 1294 1591 1328 spiritu
1611 1292 1719 1327 quidem

928 1330 1040 1356 minimo
1059 1330 1167 1357 brevius
1186 1336 1231 1357 aut
1245 1330 1360 1367 longius,
1376 1340 1456 1366 quam
1472 1340 1580 1357 necesse
1594 1335 1642 1356 est.
1677 1331 1721 1356 Li—

928 1367 1015 1393 berior
1033 1372 1073 1393 est
1091 1369 1180 1399 oratio,
1198 1373 1222 1395 et
1237 1368 1323 1403 plane,
1340 1374 1368 1395 ut
1382 1369 1488 1399 (licitur,
1505 1369 1551 1399 sic,
1568 1373 1593 1394 et
1606 1372 1645 1393 est
1660 1376 1720 1393 vere

927 1404 1027 1435 soluta,
1053 1414 1104 1431 non
1128 1410 1156 1431 ut
1179 1405 1263 1442 fugiat
1281 1411 1368 1433 tamen
1386 1411 1431 1432 aut
1453 1411 1533 1437 erret,
1554 1406 1601 1432 sed
1620 1410 1648 1431 ut
1663 1406 1720 1431 sine

927 1442 1043 1468 vinculis
1071 1443 1122 1468 sibi
1150 1443 1206 1477 ipsa
1233 1444 1393 1470 moderetur.
1434 1444 1554 1478 Namque
1581 1451 1630 1478 ego
1652 1442 1719 1468 illud

927 1480 1058 1506 assentior
1079 1480 1274 1515 Theophrasto,
1300 1482 1345 1516 qui
1370 1486 1444 1516 putat
1468 1481 1626 1511 orationem,
1651 1488 1719 1515 quae

927 1517 1036 1551 quidem
1065 1518 1099 1543 sit
1126 1517 1207 1552 polita
1235 1523 1314 1553 atque
1342 1518 1408 1544 sacta
1432 1517 1641 1553 quodammodo,
1668 1525 1719 1543 non

927 1555 1046 1585 astricte,
1075 1554 1122 1580 sed
1149 1556 1288 1581 remissius
1316 1564 1484 1582 numerosam
1509 1564 1567 1581 esse
1589 1559 1717 1589 oportere.

904 1597 906 1603 ¹
929 1593 985 1618 185.
1007 1592 1126 1622 Etenim,
1151 1593 1221 1619 sicut
1244 1593 1288 1619 ille
1307 1594 1472 1627 suspicatur,
1493 1602 1525 1619 ex
1544 1593 1602 1618 istis
1622 1591 1717 1622 modis,

926 1629 1027 1664 quibus
1043 1629 1085 1655 hic
1100 1630 1213 1656 usitatus
1229 1639 1323 1656 versus
1338 1631 1459 1661 eflicitur,
1477 1634 1535 1665 post
1550 1634 1716 1664 anapaestuS.

927 1667 1059 1701 procerior
1077 1667 1187 1701 quidam
1202 1676 1340 1699 numerus,
1354 1667 1480 1700 effloruit3
1503 1667 1564 1694 inde
1579 1667 1624 1693 ille
1639 1667 1719 1693 licen-

926 1704 976 1730 tior
993 1708 1019 1730 et
1037 1704 1144 1731 divitior
1158 1704 1234 1731 fluxit
1248 1705 1448 1741 dithyrambus;
1471 1705 1548 1731 cuius
1563 1704 1680 1730 membra
1695 1708 1720 1730 et

926 1741 1021 1776 pedes,
1042 1746 1071 1768 ut
1090 1742 1125 1768 ait
1143 1742 1224 1773 idem,
1245 1746 1307 1769 sunt
1327 1743 1352 1769 in
1372 1744 1443 1769 omni
1465 1742 1589 1777 locupleti
1603 1743 1719 1768 oratione

925 1778 1031 1805 diffusa.
1072 1780 1117 1811 Et,
1138 1780 1161 1805 si
1179 1788 1351 1806 numerosum
1371 1784 1410 1806 est
1426 1780 1453 1806 id
1467 1781 1493 1806 in
1508 1779 1633 1806 omnibus
1646 1780 1719 1806 sonis

925 1821 1004 1851 atque
1024 1817 1148 1847 vocibus,
1165 1817 1237 1852 quod
1249 1817 1326 1843 habet
1339 1817 1468 1853 quasdam
1480 1817 1678 1852 impressiones,
1695 1821 1720 1842 et

897 1848 905 1886 ’1
925 1853 998 1889 quod
1017 1855 1103 1880 metiri
1122 1862 1268 1889 possumus
1286 1855 1434 1881 intervallis
1452 1854 1623 1890 aequalibu53
1651 1859 1719 1880 recto

925 1899 1011 1927 genus
1031 1891 1080 1918 hoc
1099 1900 1280 1922 numerorum,
1297 1892 1444 1918 dummodo
1459 1901 1490 1918 ne
1504 1893 1659 1918 continuum
1674 1893 1716 1920 sit.

1359 1931 1424 1956 Nam
1435 1931 1458 1956 si
1473 1930 1547 1956 rudis
1561 1934 1586 1956 et
1601 1929 1718 1964 impolita

926 1966 1043 2001 putanda
1062 1971 1101 1993 cst
1120 1966 1165 1993 illa
1183 1968 1241 1993 sine
1258 1967 1407 1993 intervallis
1427 1967 1570 2002 loquacitas
1586 1967 1718 2001 peremnis

926 2008 951 2030 et
969 2003 1116 2038 profluens,
1137 2004 1203 2039 quid
1221 2009 1261 2031 est
1275 2004 1347 2030 aliud
1361 2013 1479 2036 caussae,
1492 2013 1539 2030 cur
1553 2004 1716 2039 repudietur,

926 2041 977 2067 nisi
990 2041 1063 2076 quod
1078 2042 1216 2068 hominum
1232 2042 1341 2068 auribus
1357 2051 1447 2068 vocem
1463 2047 1554 2068 natura
1568 2042 1719 2068 modulatur

925 2078 1002 2114 ipsa‘?
1020 2078 1097 2111 Quod
1113 2079 1177 2110 lieri,
1194 2079 1245 2106 nisi
1261 2080 1328 2106 inest
1343 2088 1471 2106 numerus
1487 2080 1513 2106 in
1524 2088 1595 2110 voce,
1610 2088 1661 2106 non
1673 2088 1719 2113 po—

925 2120 986 2142 test.
1022 2118 1078 2143 186.
1104 2117 1237 2143 Numerus
1260 2121 1348 2143 autem
1367 2117 1393 2143 in
1413 2118 1609 2144 continuatione
1628 2117 1718 2143 nullus

925 2158 978 2186 est,
1001 2153 1138 2180 distinctio
1152 2158 1177 2180 ct
1191 2154 1343 2189 aequalium
1358 2159 1382 2180 et
1397 2163 1476 2189 saepe
1491 2155 1622 2181 variorum
1637 2154 1718 2180 inter-

926 2190 1056 2217 vallorum
1075 2192 1213 2226 percussio
1232 2200 1375 2218 numerum
1394 2192 1512 2223 conticit,
1535 2200 1614 2226 quem
1635 2192 1718 2217 111611»

926 2228 1051 2255 dentibus
1061 2229 1154 2264 3111115,
1167 2228 1239 2264 quod
1251 2229 1397 2255 intervallis
1409 2229 1620 2264 distinguuntur,
1631 2233 1718 2254 notare

926 2274 1084 2300 possumus,
1115 2266 1141 2292 in
1168 2267 1238 2292 amni
1271 2267 1459 2301 praecipitante
1484 2275 1534 2292 non
1562 2274 1715 2300 possumus.

925 2302 1001 2335 Quod
1018 2303 1040 2329 si
1054 2304 1218 2329 continuatio
1233 2304 1374 2330 verborum
1392 2304 1454 2329 hacc
1473 2303 1558 2329 soluta
1578 2303 1662 2329 multo
1678 2308 1718 2328 est

925 2341 1009 2374 aptior
1025 2344 1104 2375 atque
1123 2340 1276 2371 iucundior,
1298 2341 1320 2367 51
1340 2346 1379 2366 est
1398 2340 1516 2367 articulis
1537 2340 1718 2375 membrisque

925 2377 1064 2407 distincta,
1085 2386 1165 2412 quam
1184 2378 1206 2403 si
1225 2379 1376 2404 continuata
1391 2387 1420 2403 at·
1435 2378 1575 2412 pro‹lucta;
1599 2378 1716 2403 membra

896 2434 905 2440 ,1
926 2414 970 2440 illa
983 2414 1130 2441 modificata
1145 2423 1203 2441 6556
1217 2415 1362 2444 debebunt,
1377 2424 1444 2450 quae
1459 2416 1480 2440 51
1492 2415 1518 2441 111
1529 2420 1647 2441 extremo
1659 2415 1718 2441 lirc-

896 2446 905 2491 1
926 2452 997 2478 viora
1015 2456 1091 2482 sunt,
1109 2451 1263 2485 infringitur
1280 2451 1324 2477 1116
1338 2453 1414 2487 quusi
1431 2452 1570 2478 vorborum
1585 2452 1715 2478 ambitus:

925 2490 964 2515 sic
978 2490 1048 2515 6111111
1064 2489 1110 2514 has
1125 2490 1250 2515 orationis
1265 2490 1452 2515 conversiones
1467 2489 1559 2516 Graeci
1571 2490 1715 2516 nominant.

903 2525 1010 2558 11011110
1029 2531 1073 2552 aut
1091 2527 1163 2569 paria
1179 2535 1238 2553 esse
1252 2526 1349 2552 debent
1365 2527 1506 2561 posteriora
1521 2528 1714 2570 superioribus.

925 2568 1042 2590 extrema
1056 2564 1159 2606 primis,
1177 2569 1229 2594 aut,
1246 2564 1318 2598 quud
1332 2565 1410 2590 cti-uu
1426 2569 1465 2591 est
1480 2564 1576 2591 melius
1587 2570 1612 2591 et
1624 2565 1719 2591 iucun-

925 2601 999 2631 dius,
1021 2600 1082 2636 long
1075 2601 1147 2628 lora.
1189 2601 1283 2627 Xth
1310 2603 1365 2627 181.
1382 2602 1468 2637 Atque
1483 2602 1546 2628 haec
1560 2603 1670 2637 quidem
1685 2602 1718 2628 nh

903 2673 905 2675 Ι
925 2639 958 2664 115
973 2621 1149 2673 philosophis,
1166 2647 1233 2674 quos
1248 2644 1274 2664 tu
1292 2640 1407 2665 maxime
1421 2639 1521 2675 (1111315,
1534 2639 1635 2670 Catule,
1649 2640 1719 2666 dicta

925 2679 1001 2707 sunt,
1023 2675 1095 2710 quod
1114 2684 1144 2702 eo
1162 2676 1269 2710 saepius
1290 2676 1428 2706 testificor,
1451 2682 1478 2702 ut
1494 2677 1646 2704 auctoribus
1662 2677 1719 2702 lau-

1460 2727 1485 2747 17
1503 2725 1511 2733 ”
