1941 3052
497 131 694 158 LAELIUS
722 132 773 157 DE
805 131 1027 158 AMtCtTtA.
1062 133 1155 159 CAP.

95 208 174 230 tatem
190 203 218 228 in
233 206 366 237 pastore5‚
383 210 451 236 quos
463 206 551 236 patres
565 202 663 229 multos
675 211 758 229 annos
770 211 828 229 esse
840 202 892 228 du-

95 244 201 267 xerunt.
241 239 317 272 Quod
329 238 413 265 multo
423 239 540 274 profecto
552 241 638 276 magis
649 241 674 266 in
688 241 758 266 veris
770 240 891 274 patribus

94 278 228 312 certisque
240 276 403 303 faciendum.
445 277 558 304 Fructus
569 279 642 304 enim
653 278 756 313 ingenii
768 282 793 304 et
806 278 893 303 virtu-

95 316 129 341 tis
159 315 302 349 omnisque
330 315 506 349 praestantiae
531 319 589 341 tum
615 315 750 341 maximus
775 315 889 349 capitur,

95 360 181 387 quum
193 353 219 378 111
231 352 387 387 proximum
398 359 535 386 quemque
550 351 694 378 confertur.
726 352 788 378 XX.
804 353 846 377 Ἠ.
859 351 891 377 Ut

95 390 179 425 igitur
193 390 227 420 ii,
246 390 294 424 qui
309 393 373 415 sunt
388 389 414 414 in
431 389 565 415 amicitiae
576 390 829 424 coniunctionisque
842 397 891 414 ne-

95 426 262 453 cessitudine
277 427 444 461 superiores,
469 435 619 461 exaequare
635 436 662 452 se
677 435 739 452 cum
756 426 892 452 inferiori-

94 464 147 490 bus
168 463 280 490 debent:
312 465 352 489 sic
367 463 507 490 inferiores
524 472 575 489 non
592 463 694 494 dolere,
715 472 743 490 se
754 473 768 490 a
779 464 837 489 suis
848 468 893 488 aut

95 501 204 536 ingenio
220 505 265 528 aut
280 500 384 527 fortuna
399 505 445 527 aut
459 500 589 536 dignitate
600 502 732 536 superari.
771 501 891 533 Quorum

95 538 217 573 plerique
232 543 278 564 aut
291 543 442 573 queruntur
457 546 564 572 semper
579 538 683 573 aliquid
696 543 740 565 aut
754 539 833 565 etiam
845 546 893 563 ex-

94 575 234 611 probrant:
257 584 342 610 eoque
354 576 450 611 magis,
463 576 487 601 si
498 575 596 602 habere
611 584 638 601 se
651 581 753 610 putant,
770 575 841 610 quod
853 574 893 600 os-

95 613 184 639 ficiose
201 618 226 639 et
241 614 325 639 amice
341 617 367 639 et
375 621 437 639 cum
450 612 538 640 labore
550 613 641 648 aliquo
652 622 700 639 suo
713 613 811 639 factum
826 620 893 647 que-

95 655 139 677 ant
153 650 253 677 dicere.
294 650 424 677 Odiosum
441 659 504 677 sane
519 659 606 686 genus
628 650 782 681 hominum,
804 649 892 676 officia

95 687 330 722 exprobrantium:
357 696 427 723 quae
442 688 600 714 meminisse
616 687 696 714 debet
713 689 748 718 is,
767 689 794 714 in
810 695 892 722 quem

94 725 188 752 collata
208 729 284 757 sunt,
307 733 359 751 non
380 734 601 755 commemorare,
620 726 668 760 qui
687 725 809 751 contulit.
849 725 890 749 72.

94 762 275 794 Quamobrem
286 767 315 789 ut
325 763 354 794 ii,
368 763 416 797 qui
428 763 580 797 superiores
595 767 671 794 sunt,
684 763 852 789 summittere
864 769 892 787 se

93 800 193 826 debent
208 800 236 826 in
251 800 383 831 amicitia,
406 801 445 826 sic
463 800 579 835 quodam
595 800 675 826 modo
690 800 830 826 inferiores
845 808 893 826 ex-

94 837 195 864 tollere.
237 837 305 864 Sunt
319 838 393 863 enim
408 838 534 872 quidam,
552 838 599 873 qui
619 837 744 864 molestas
760 838 892 863 amicitias

95 874 206 905 faciunt,
219 883 305 909 quum
318 875 370 909 ipsi
382 884 410 901 se
421 876 556 901 contemni
568 880 674 909 putant;
691 875 764 910 quod
776 883 827 901 non
839 874 892 901 sere

93 912 240 947 contingit,
258 913 311 938 nisi
326 913 374 943 iis,
392 913 440 947 qui
455 913 535 939 etiam
552 913 761 939 contemnendos
776 921 805 938 se
821 912 894 938 arbi-

94 953 209 981 trantur3
233 950 281 984 qui
296 949 345 975 hac
356 950 482 984 opinione
494 959 545 976 non
557 950 743 980 modoverbis,
758 950 892 976 sedetiam

93 995 172 1021 opere
184 986 292 1013 levandi
306 991 379 1013 sunt.
410 988 451 1013 73.
468 988 582 1014 Tantum
595 992 684 1014 autem
695 989 794 1022 cuique
806 987 893 1013 tribu-

93 1023 204 1055 endum,
217 1025 346 1059 primum,
360 1030 491 1059 quantum
504 1026 561 1060 ipse
574 1025 679 1051 efficere
690 1026 792 1059 possis:
815 1025 893 1051 dein-

93 1061 127 1087 de
138 1062 232 1093 etiam,
250 1066 382 1096 quantum
394 1061 454 1093 ille,
472 1071 554 1097 quem
566 1062 664 1098 diligas
677 1067 756 1097 atque
768 1062 890 1093 adiuves,

92 1099 237 1125 sustinere.
269 1100 327 1125 Non
344 1100 416 1125 enim
427 1104 455 1126 tu
466 1101 561 1134 possis,
575 1101 752 1135 quantumvis
763 1100 889 1130 excellas,

92 1144 186 1162 omnes
210 1140 269 1163 tuos
285 1136 319 1162 ad
339 1136 453 1163 honores
473 1137 656 1172 amplissimos
677 1137 836 1172 perducere:
864 1142 893 1163 ut

95 1173 186 1208 Scipio
197 1174 226 1199 P.
242 1173 383 1208 Rupilium
395 1175 482 1209 potuit
492 1175 630 1201 consulem
642 1174 760 1205 efticere,
784 1174 891 1200 fratrem

93 1211 152 1237 eius
168 1211 282 1237 Lucium
298 1220 350 1238 non
361 1213 457 1246 potuit.
497 1212 574 1244 Quod
586 1214 609 1238 si
621 1214 700 1239 etiam
712 1213 800 1247 possis
811 1212 892 1247 quid-

94 1248 136 1274 vis
147 1248 251 1274 deferre
263 1248 296 1274 ad
308 1248 431 1280 alterum,
445 1249 594 1276 videndum
607 1255 645 1276 est
657 1255 754 1281 tamen,
768 1250 835 1284 quid
848 1249 892 1275 ille

92 1285 178 1320 possit
197 1286 341 1312 sustinere.
367 1287 409 1313 74.
425 1286 541 1313 Omnino
555 1288 703 1319 amicitiae,
717 1287 892 1314 corroboratis

93 1323 147 1349 iam
158 1323 377 1358 confirmatisque
388 1329 414 1350 et
424 1325 542 1360 ingeniis
553 1330 579 1351 et
588 1324 892 1355 aetatibus,iudicandac

92 1365 169 1387 sunt:
192 1369 250 1392 nec,
263 1361 286 1387 si
298 1362 347 1396 qui
359 1362 467 1388 ineunte
478 1367 562 1388 aetate
574 1362 690 1388 venandi
703 1367 747 1389 aut
757 1362 827 1397 pilae
835 1367 892 1388 stu-

92 1397 163 1424 diosi
177 1397 286 1429 fuerint,
303 1407 348 1425 eos
359 1398 458 1425 habere
465 1400 746 1435 necessariosoportet,
760 1408 828 1434 quos
835 1405 891 1426 tum

92 1434 186 1462 eodem
202 1435 292 1462 studio
307 1436 442 1471 praeditos
456 1436 620 1464 dilexerunt.
661 1438 713 1464 Isto
727 1438 800 1464 enim
815 1437 893 1463 modo

91 1473 211 1499 nutrices
222 1477 248 1500 et
262 1473 411 1509 paedagogi
423 1475 481 1500 iure
496 1475 637 1501 vetustatis
649 1474 798 1509 plurimum
810 1475 893 1501 bene-

91 1510 225 1537 volentiae
246 1511 435 1545 postulabunt:
468 1512 516 1546 qui
538 1512 694 1548 negligendi
712 1512 824 1547 quidem
840 1521 891 1538 non

92 1552 168 1579 sunt,
191 1547 238 1574 sed
254 1547 307 1574 alio
322 1548 439 1583 quodam
459 1549 548 1576 modo.
589 1549 674 1576 Aliter
688 1551 822 1576 amicitiae
838 1555 893 1576 sta-

91 1584 161 1611 biles
176 1593 335 1620 permanere
350 1594 402 1612 non
420 1591 543 1621 possunt.
583 1587 709 1622 Dispares
721 1588 793 1614 enim
805 1595 892 1613 mores

91 1622 211 1657 disparia
223 1622 312 1649 studia
325 1628 485 1658 sequuntur,
499 1632 615 1659 quorum
627 1625 823 1651 dissimilitudo
834 1625 892 1650 ‹lis-

91 1660 175 1686 sociat
194 1660 339 1687 amicitias:
376 1669 424 1687 nec
439 1661 473 1687 ob
492 1661 571 1688 aliam
588 1670 712 1688 caussam
729 1662 811 1689 ullam
828 1662 891 1688 boni

91 1697 237 1732 improbis,
252 1697 369 1732 improbi
380 1698 459 1725 bonis
471 1700 550 1725 amici
565 1707 624 1725 esse
636 1708 688 1726 non
699 1704 821 1734 possunt,
838 1700 891 1726 nisi

91 1734 164 1770 quod
180 1739 250 1761 tanta
266 1739 307 1762 est
322 1736 392 1762 inter
407 1744 465 1767 eos,
484 1741 582 1771 quanta
595 1738 712 1763 maxima
724 1742 889 1772 potestesse,

91 1780 197 1798 morum
218 1772 426 1808 studiorumque
445 1773 583 1801 distantia.
633 1775 675 1801 75.
711 1775 789 1801 Recte
810 1775 891 1801 etiam

91 1810 211 1844 praecipi
227 1814 314 1845 potest
330 1811 356 1836 in
373 1811 513 1842 amicitiis,
527 1820 559 1838 ne
571 1812 746 1846 intemperata
757 1812 890 1847 quaedam

91 1846 289 1878 benevolentia,
302 1847 375 1883 quod
386 1856 515 1883 persaepe
528 1848 564 1880 iit,
578 1850 708 1884 impediat
720 1858 831 1885 magnas
838 1850 892 1876 uti-

91 1883 180 1911 litates
196 1885 354 1911 amicorum.
394 1886 449 1911 Nec
460 1886 546 1917 enim,
559 1891 589 1913 ut
600 1886 632 1913 ad
645 1886 750 1913 fabulas
772 1887 889 1918 redeam,

91 1921 197 1948 Troiam
210 1921 401 1956 Neoptolemus
414 1930 509 1957 capere
516 1924 656 1958 potuisset,
670 1925 889 1960 siLycomedem,

91 1958 164 1994 apud
183 1967 265 1994 quem
286 1963 343 1986 erat
357 1959 500 1990 educatus,
519 1960 612 1987 multis
626 1969 688 1987 cum
706 1961 826 1988 lacrimis
841 1963 892 1988 iter

91 2005 172 2023 suum
192 1996 384 2031 impedientem
401 1996 495 2023 audire
507 1997 647 2024 voluisset.
688 1998 720 2025 Et
731 2007 811 2033 saepe
822 1999 892 2025 inci-

90 2033 159 2060 dunt
169 2042 281 2069 magnae
294 2042 344 2064 re5‚
360 2038 388 2060 ut
399 2033 594 2060 discedendum
605 2035 641 2061 sit
651 2035 684 2061 ab
691 2037 800 2062 amicis:
823 2045 891 2070 quas

90 2071 139 2106 qui
155 2071 287 2105 impedire
304 2071 374 2102 vult,
392 2071 465 2106 quod
476 2072 642 2098 desiderium
660 2081 711 2098 non
725 2072 801 2099 facile
814 2073 888 2103 ferat,

92 2108 116 2134 is
132 2112 158 2134 et
175 2108 300 2134 infirmus
318 2113 359 2135 est
375 2108 518 2144 mollisque
531 2114 638 2140 natura,
653 2114 678 2136 et
688 2109 722 2136 ob
733 2118 791 2136 eam
804 2111 890 2145 ipsam

90 2153 214 2172 caussam
227 2146 254 2172 in
265 2146 382 2172 amicitia
395 2154 490 2180 parum
502 2147 601 2173 iustus⁴
641 2147 683 2173 76.
697 2147 783 2182 Atque
795 2148 821 2173 in
833 2156 892 2173 om-

91 2182 118 2209 ni
131 2191 158 2208 rc
170 2182 396 2209 considerandum
409 2187 457 2214 est,
466 2188 492 2210 et
502 2183 570 2218 quid
581 2183 701 2219 postules
713 2185 746 2210 ab
758 2185 853 2216 amico,
866 2190 892 2211 et

90 2219 158 2255 quid
171 2220 272 2254 patiare
283 2229 297 2247 a
308 2225 333 2247 te
344 2221 492 2255 impetrari.

147 2257 221 2283 xxi.
242 2257 289 2284 Est
303 2258 382 2284 etiam
398 2259 477 2293 quasi
488 2258 622 2293 quaedam
633 2258 771 2285 calamitas
784 2259 810 2284 in
823 2260 891 2285 ami-

89 2294 162 2322 citiis
173 2294 343 2321 dimittendis
355 2303 558 2330 nonnumquam
572 2297 734 2322 necessaria:
759 2296 889 2322 iamenim

90 2340 104 2358 a
124 2332 288 2367 sapientium
310 2331 539 2359 familiaritatibus
558 2332 591 2359 ad
614 2333 740 2368 vulgares
758 2334 890 2359 amicitias

89 2369 172 2396 oratio
192 2374 279 2396 nostra
295 2369 438 2396 delabitur.
480 2370 633 2404 Erumpunt
646 2379 726 2405 saepe
742 2371 807 2397 vitia
823 2372 891 2397 ami-

89 2414 182 2433 corum
193 2415 279 2442 quum
292 2407 319 2433 in
330 2407 404 2442 ipsos
415 2408 525 2438 amicos,
538 2411 594 2434 tum
603 2408 628 2433 in
636 2407 750 2439 alienos,
774 2416 889 2443 quorum

89 2448 178 2470 tamen
199 2444 232 2470 ad
253 2445 353 2471 amieos
374 2444 506 2471 redundet
530 2444 652 2471 infamia.
702 2445 780 2471 Tales
805 2446 888 2481 igitur

90 2481 225 2508 amicitiae
240 2486 304 2508 sunt
320 2482 479 2508 remissione
494 2490 562 2508 usus
577 2481 708 2509 eluendae
720 2487 758 2512 et,
773 2487 802 2509 ut
812 2483 890 2509 Cato-

90 2526 151 2544 nem
168 2518 257 2546 dicere
274 2519 381 2551 audivi,
399 2519 563 2546 dissuendae
575 2520 674 2554 magis,
688 2528 769 2555 quam
784 2520 890 2546 discin-

89 2555 206 2588 dendae;
238 2556 290 2583 nisi
307 2557 439 2592 quaedam
459 2556 604 2583 admodum
622 2556 798 2583 intolerabilis
815 2558 889 2583 iniu-

89 2593 127 2619 ria
139 2594 281 2624 exarserit,
295 2598 324 2621 ut
335 2603 421 2630 neque
433 2599 534 2620 rectum
546 2602 634 2630 neque
646 2594 788 2621 honestum
802 2596 888 2621 sitne-

88 2637 141 2693 que
157 2629 214 2657 fieri
226 2632 324 2666 possit,
348 2636 377 2658 ut
387 2641 439 2658 non
451 2632 540 2658 statim
552 2631 676 2658 alienatio
687 2631 888 2667 disiunctioque

100 2667 211 2694 acienda
231 2669 275 2695 sit.
315 2669 358 2695 77.
381 2669 428 2696 Sin
449 2674 537 2696 nutem
555 2677 660 2696 morum
675 2673 721 2696 aut
735 2669 886 2696 studiorum

920 1185 922 1192 ¹
943 1174 978 1199 sit
995 1174 1069 1200 omni
1081 1182 1114 1200 ex
1126 1179 1198 1209 parte
1211 1176 1237 1201 in
1249 1184 1298 1202 suo
1308 1185 1406 1212 genere
1417 1177 1575 1212 perfectum.

921 1217 922 1220 ’
945 1212 1021 1245 rique
1036 1219 1124 1246 neque
1141 1213 1167 1238 in
1184 1212 1265 1239 rebus
1281 1214 1407 1240 humanis
1418 1215 1568 1249 quidquam
1582 1215 1681 1241 bonum
1695 1224 1741 1241 no-

1191 135 1219 159 17
1241 150 1275 153 -
1299 137 1338 161 2³2.
1673 142 1737 167 ⁴275

942 205 1116 231 commutatio
1130 205 1276 239 quaedam,
1293 211 1322 232 ut
1334 206 1390 233 fieri
1401 207 1481 238 solet,
1499 207 1564 235 facta
1577 210 1638 236 erit.
1655 215 1699 236 aut
1712 213 1736 237 in

943 241 1110 275 reipublicae
1138 242 1259 276 partibus
1279 243 1412 271 dissensio
1433 246 1738 282 intercesserit:[l0quor

943 278 1014 303 enim
1027 279 1092 309 iam,
1106 283 1135 305 ut
1145 279 1235 313 paullo
1245 285 1304 307 ante
1316 281 1383 312 dixi,
1396 290 1447 308 non
1462 282 1494 308 de
1505 284 1677 318 sapientium,
1691 286 1738 311 scd

942 314 975 340 de
986 316 1178 342 communibus
1189 318 1314 344 amicitiis
1324 319 1340 353 z)
1352 319 1501 345 cavendum
1514 321 1576 350 erit,
1589 330 1621 348 ne
1633 330 1684 348 non
1696 331 1739 348 so—

944 351 999 378 lum
1011 353 1146 379 amicitiae
1157 353 1308 388 depositae,
1326 356 1373 382 sed
1385 357 1542 383 inimicitiae
1553 358 1633 385 etiam
1645 367 1739 385 susce-

943 393 1003 423 ptae
1019 390 1171 417 videantur.
1213 392 1286 418 Nihil
1304 394 1376 419 enim
1392 395 1511 428 turpius,
1534 403 1615 430 quam
1631 404 1694 422 cum
1709 405 1739 423 eo

944 426 1045 452 belluni
1059 435 1166 462 gerere,
1184 429 1296 463 quicum
1308 429 1474 458 familiariter
1485 433 1596 459 vixeris.
1619 433 1659 459 Ab
1671 435 1739 460 ami-

943 464 1005 489 citia
1021 464 1052 496 Q.
1071 465 1191 499 Pompeii
1207 474 1266 492 meo
1277 469 1383 494 nomine
1395 477 1423 494 se
1435 475 1595 500 removerat,
1613 475 1641 496 ut
1653 471 1737 502 scitis,

943 500 1046 535 Scipio:
1071 506 1179 536 propter
1189 502 1385 531 dissensionem
1397 511 1499 537 autem,
1513 516 1582 541 quae
1592 509 1684 534 eratin
1697 516 1738 534 re-

944 538 1064 572 publica.
1079 539 1209 566 alienatus
1220 546 1260 567 est
1271 542 1607 578 acolleganostrometello.
1630 545 1739 571 Utrum-

945 584 997 609 que
1012 576 1068 611 egit
1083 578 1369 611 graviter,auctoritate
1386 585 1410 606 et
1426 581 1570 607 offensione
1586 583 1667 608 animi
1686 591 1737 609 non

945 613 1050 639 acerba.
1091 614 1132 639 78.
1153 614 1330 646 Quamobrem
1351 618 1468 651 primum
1492 618 1577 645 danda
1594 628 1672 654 opera
1688 625 1736 649 est,

946 658 977 675 ne
992 659 1046 684 qua
1063 651 1208 677 amicorum
1221 652 1334 680 discidia
1347 655 1423 681 liant:
1445 656 1486 681 sin
1499 656 1549 682 tale
1561 656 1664 691 aliquid
1676 666 1738 683 eve-

945 688 1026 718 nerit,
1052 693 1079 714 ut
1090 689 1235 715 exstinctae
1247 692 1336 725 potius
1347 693 1489 723 amicitiae,
1503 702 1583 728 quam
1595 702 1738 728 oppressae

944 734 1002 750 esse
1015 725 1166 752 videantur.
1207 727 1363 754 Cavendum
1376 738 1451 760 vero,
1470 738 1502 756 ne
1513 731 1592 756 etiam
1605 732 1630 757 in
1643 740 1738 766 graves

946 762 1103 788 inimicitias
1115 769 1269 791 convertant
1280 774 1307 791 se
1319 767 1466 793 amicitiae:
1489 776 1522 794 ex
1532 768 1632 802 quibus
1641 770 1735 801 iurgia.

944 799 1099 830 maledicta,
1122 802 1299 829 contumeliae
1318 804 1477 839 gignuntur.
1517 804 1590 836 Quae
1612 800 1698 832 tamer}
1715 807 1738 831 si

945 836 1096 862 tolerabiles
1114 843 1204 868 erunt,
1224 839 1347 866 serendae
1363 846 1438 867 sunt:
1467 841 1546 868 ethic
1558 842 1641 868 honos
1658 844 1738 868 veteri

920 898 922 903 ,
944 874 1077 900 amicitiae
1089 874 1250 902 tribuendus
1261 882 1309 904 est.
1324 883 1352 904 ut
1363 879 1387 903 is
1398 879 1424 904 in
1437 878 1515 913 culpa
1527 880 1574 909 sit,
1590 880 1637 914 qui
1651 879 1736 906 saciat.

921 911 922 920 ¹
945 920 996 937 non
1008 912 1055 945 qui
1070 912 1186 945 patiatur
1197 914 1333 941 iniuriam.

999 948 1116 975 Omnino
1127 951 1249 976 omnium
1261 951 1356 978 horum
1368 954 1494 980 vitiorum
1506 954 1738 988 atqueincommo—

944 986 1039 1011 dorum
1057 995 1109 1012 una
1121 988 1208 1014 cautio
1220 993 1259 1014 est
1271 994 1349 1024 atque
1361 999 1413 1016 una
1425 992 1556 1025 provisio,
1571 996 1599 1017 ut
1612 1000 1643 1016 ne
1659 992 1739 1017 nimis

944 1024 996 1050 cito
1007 1023 1121 1059 diligere
1133 1025 1263 1059 incipiant
1275 1035 1342 1052 neve
1354 1037 1405 1054 non
1417 1028 1523 1061 dignos.
1545 1029 1586 1053 79.
1604 1029 1679 1063 Digni
1693 1037 1741 1053 au-

944 1066 997 1087 tem
1013 1066 1076 1087 sunt
1091 1062 1223 1093 amicitia,
1240 1064 1342 1098 quibus
1358 1066 1383 1091 ’111
1402 1062 1468 1100 ipsis
1485 1067 1554 1092 inest
1568 1074 1675 1095 caussa,
1693 1074 1740 1091 cur

944 1098 1101 1134 diligantur.
1128 1100 1227 1126 Rarum
1238 1103 1338 1136 genus!
1361 1108 1385 1128 et
1397 1103 1507 1137 quidem
1521 1103 1610 1129 omnia
1623 1102 1740 1136 praecla—

944 1145 970 1161 ra
983 1143 1048 1165 rara.
1064 1137 1270 1172 necquidquam
1285 1139 1434 1171 difficilius,
1447 1149 1527 1175 quam
1536 1140 1659 1174 reperire,
1669 1140 1740 1174 quod

1617 1177 1669 1203 Sed
1685 1178 1741 1212 ple-

945 1253 1019 1278 runt,
1038 1249 1092 1274 nisi
1111 1249 1183 1283 quod
1197 1249 1363 1277 fructuosum
1375 1253 1423 1282 sit,
1436 1257 1461 1278 et
1473 1253 1586 1281 amicos,
1605 1257 1738 1287 tamquam

921 1294 923 1314 ζ
945 1285 1071 1320 pecudeS,
1085 1294 1129 1312 eos
1141 1287 1312 1321 potissimum
1324 1289 1456 1324 diligunt,
1470 1298 1503 1316 ex
1517 1290 1618 1324 quibus
1633 1295 1740 1324 sperant

944 1332 972 1348 se
989 1324 1138 1350 maximum
1154 1324 1270 1351 fructum
1286 1335 1344 1352 esse
1357 1331 1490 1361 capturos.
1513 1329 1554 1352 80.
1567 1328 1602 1353 lta
1615 1326 1741 1361 pulcher-

921 1372 922 1379 1
945 1361 1011 1386 rima
1028 1360 1072 1387 illa
1090 1367 1114 1388 et
1130 1362 1248 1388 maxime
1267 1364 1381 1389 naturali
1398 1369 1488 1390 carent
1503 1365 1635 1393 amicitia,
1654 1373 1739 1398 perse

944 1403 969 1424 et
984 1403 1091 1432 propter
1106 1407 1134 1425 se
1150 1400 1312 1434 expetenda,
1339 1410 1386 1427 nec
1404 1402 1454 1435 ipsi
1467 1402 1518 1427 sibi
1531 1401 1655 1435 exemplo
1667 1407 1738 1429 sunt,

945 1435 1010 1461 liaec
1025 1437 1065 1461 vis
1077 1437 1210 1463 amicitiae
1222 1438 1311 1472 qualis
1326 1443 1351 1464 et
1361 1444 1459 1473 quanta
1472 1439 1515 1464 sit.
1558 1439 1616 1472 lpse
1627 1439 1699 1464 cuim
1711 1447 1739 1464 se

943 1473 1061 1508 quisque
1080 1474 1183 1509 diligit,
1202 1483 1254 1501 nou
1271 1481 1299 1502 ut
1314 1475 1433 1511 aliquam
1449 1485 1462 1502 a
1478 1477 1576 1510 seipse
1590 1476 1738 1502 mercedem

944 1511 1034 1546 exigat
1044 1512 1161 1538 caritatis
1173 1520 1250 1542 suae,
1264 1513 1310 1538 scd
1322 1513 1393 1548 quod
1406 1521 1453 1548 per
1463 1522 1491 1539 se
1503 1514 1555 1539 sibi
1567 1514 1684 1548 quisquc
1696 1522 1739 1539 ca-

945 1557 990 1573 rus
1012 1553 1062 1575 est.
1102 1549 1177 1581 Quod
1195 1550 1247 1575 nisi
1268 1550 1338 1576 idem
1356 1552 1381 1576 in
1398 1551 1543 1577 amicitiam
1556 1550 1737 1578 transferetur.

945 1594 1024 1611 verus
1036 1587 1140 1613 amicus
1152 1595 1301 1621 numquam
1313 1589 1470 1623 reperietur.
1502 1588 1548 1614 Est
1559 1588 1630 1614 enim
1645 1588 1666 1613 is
1677 1588 1740 1622 qui-

944 1623 1004 1649 dem
1021 1628 1157 1659 tamquam
1177 1624 1242 1650 alter
1258 1625 1338 1651 idem.
1380 1627 1420 1651 81.
1438 1625 1513 1657 Quod
1530 1626 1552 1651 si
1570 1625 1618 1651 hoc
1630 1630 1738 1659 apparet

945 1661 970 1686 in
988 1661 1096 1692 bestiis,
1115 1661 1284 1692 volucribus,
1304 1663 1444 1691 nantibus,
1462 1662 1623 1698 agrestibus
1640 1663 1740 1688 cicuri-

944 1698 1004 1729 bus,
1027 1698 1099 1729 t'eris,
1124 1700 1243 1734 primum
1256 1705 1283 1726 ut
1295 1700 1537 1735 scipsaediligant:
1569 1700 1739 1734 (idenimpa—

944 1736 1007 1762 riter
1021 1744 1084 1763 cum
1096 1737 1168 1762 omni
1180 1738 1315 1764 animante
1328 1738 1471 1771 nascitur:)
1483 1737 1594 1767 deinde,
1609 1741 1636 1763 ut
1649 1738 1739 1771 requi-

944 1777 1001 1799 rant
1021 1779 1101 1809 atquc
1112 1779 1250 1808 appetant,
1273 1774 1306 1801 ad
1318 1783 1386 1810 quas
1404 1783 1433 1800 se
1449 1774 1584 1810 applicent
1617 1774 1738 1800 eiusdem

942 1812 1050 1846 generis
1072 1812 1233 1841 animantes,
1267 1812 1348 1847 idque
1369 1812 1470 1838 faciunt
1485 1821 1547 1838 cum
1565 1811 1700 1837 desiderio
1715 1817 1740 1837 et

942 1857 1004 1875 cum
1016 1849 1133 1883 quadam
1147 1849 1326 1875 similitudine
1340 1851 1438 1876 amoris
1451 1850 1577 1875 humani:
1600 1854 1700 1884 quanto
1712 1848 1738 1874 id

944 1887 1030 1921 magis
1052 1887 1078 1913 111
1097 1887 1204 1913 homine
1222 1887 1365 1917 litiiatura,
1383 1888 1431 1922 qui
1448 1892 1512 1913 etse
1525 1888 1581 1921 ipsc
1593 1886 1696 1921 diligit,
1715 1891 1740 1911 et

943 1923 1056 1950 alterum
1069 1925 1199 1958 anquirit,
1216 1925 1295 1950 cuius
1305 1925 1426 1950 animum
1439 1925 1473 1950 ita
1484 1933 1545 1950 cum
1558 1932 1606 1949 suo
1619 1924 1737 1951 misceat.

943 1966 973 1987 ut
991 1960 1090 1988 efficiat
1109 1970 1192 1996 paene
1210 1970 1294 1988 unum
1310 1970 1343 1988 ex
1358 1961 1483 1987 duobus?
1522 1961 1606 1987 XXll.
1627 1962 1668 1987 δὲ.
1686 1961 1738 1986 Sed

943 1998 1066 2034 plerique
1078 2008 1212 2033 perverse,
1227 2008 1259 2025 ne
1270 1999 1357 2025 dicam
1370 1999 1549 2033 impudenter.
1562 1999 1678 2024 amicum
1693 1998 1739 2024 lia-

944 2036 1006 2061 bere
1017 2036 1096 2062 talem
1113 2036 1214 2066 volunt,
1227 2036 1321 2071 quales
1333 2037 1507 2071 ipsiessenou
1516 2042 1640 2070 possunt:
1657 2044 1740 2070 quae-

943 2082 996 2107 que
1014 2074 1064 2107 ipsi
1077 2082 1128 2100 nou
1141 2073 1264 2100 tribuunt
1275 2074 1384 2104 amicis,
1403 2074 1467 2100 1111οο
1481 2073 1514 2099 ali
1525 2074 1564 2099 cis
1575 2073 1727 2098 desiderant

944 2110 993 2136 l’ar
1006 2115 1046 2136 est
1057 2115 1156 2140 autem,
1170 2111 1288 2145 primum
1301 2112 1390 2145 ipsum
1401 2119 1460 2137 csse
1469 2112 1556 2136 virum
1565 2110 1673 2137 bonum.
1683 2115 1738 2135 tum

943 2147 1056 2173 alterum
1072 2147 1190 2173 similem
1206 2149 1248 2173 sui
1265 2156 1403 2182 quaerere.
1445 2149 1473 2174 ln
1486 2148 1584 2174 talibus
1595 2156 1639 2175 ca,
1655 2155 1736 2181 quam

943 2184 1102 2210 iamdudum
1118 2189 1262 2211 tractamus
1274 2206 1279 2215 ,
1292 2184 1426 2211 stabilitas
1437 2186 1571 2211 amicitiae
1587 2184 1736 2209 continuari

943 2226 1041 2256 potest,
1063 2230 1148 2256 quum
1171 2221 1293 2248 homines
1310 2222 1495 2248 benevolentia
1511 2222 1660 2249 coniuncti.
1683 2222 1737 2254 pri-

943 2267 1017 2285 mum
1033 2259 1229 2293 cupiditatibus
1240 2259 1286 2288 iis,
1299 2259 1402 2294 quihus
1412 2260 1493 2285 ceteri
1504 2259 1638 2285 serviunt.
1653 2259 1737 2291 inipe-

944 2296 1053 2326 rabunt,
1071 2296 1169 2322 deinde
1181 2297 1312 2330 acquitate
1326 2297 1482 2331 iustitiaque
1493 2296 1662 2331 gaudebunt.
1680 2304 1737 2320 om·

943 2334 1041 2368 niaque
1053 2333 1118 2360 alter
1129 2342 1176 2368 pro
1187 2333 1268 2359 altero
1279 2334 1418 2367 suscipiet,
1428 2333 1670 2368 nequi-quidquam
1678 2341 1737 2357 11111-

942 2379 1024 2405 quam
1037 2371 1089 2397 nisi
1103 2371 1243 2397 honestum
1255 2375 1281 2396 ct
1292 2375 1393 2396 rectum
1405 2371 1471 2396 altcr
1482 2370 1515 2395 nb
1526 2370 1606 2396 altero
1619 2369 1736 2404 postula-

943 2408 993 2435 bit:
1018 2416 1105 2443 neque
1116 2408 1204 2434 solum
1216 2407 1303 2433 colent
1314 2409 1381 2433 inter
1392 2416 1420 2432 sc
1432 2407 1590 2441 ned-tigoni.
1604 2407 1736 2433 sedetiam

943 2445 1116 2472 verebuntur.
1158 2446 1223 2471 Nam
1241 2446 1388 2471 maximum
1405 2450 1591 2470 oruamentum
1603 2445 1737 2470 amicitiae

943 2482 1023 2513 tollit,
1046 2483 1093 2517 qui
1109 2491 1141 2509 cx
1157 2491 1187 2508 cn
1207 2482 1273 2508 tollit
1300 2482 1499 2508 verecundiam.
1541 2485 1581 2507 ⁸3.
1603 2482 1693 2517 ltaque
1710 2482 1736 2507 111

942 2521 975 2546 iis
996 2520 1164 2554 perniciosus
1183 2525 1224 2546 est
1243 2528 1327 2547 error.
1351 2520 1398 2554 qui
1419 2520 1573 2545 existimant
1591 2518 1736 2545 libidinum

941 2562 1165 2592 peccatorumque
1180 2558 1302 2583 omnium
1319 2562 1408 2591 patere
1420 2557 1447 2582 in
1459 2557 1576 2583 amicitia
1590 2556 1734 2583 licentiam.

941 2595 1075 2621 Virtutum
1089 2595 1207 2621 amicitia
1224 2594 1341 2620 adiutrix
1354 2603 1366 2619 n
1380 2599 1472 2620 natura
1483 2593 1543 2620 data
1555 2599 1608 2623 est,
1630 2602 1681 2620 nou
1695 2595 1736 2619 vi-

940 2633 1036 2658 tiorum
1047 2640 1151 2661 comcs,
1166 2637 1202 2661 ut,
1216 2632 1343 2666 quoniam
1354 2631 1471 2657 solitaria
1484 2639 1535 2657 non
1551 2636 1640 2666 posset
1651 2631 1736 2656 virtus

938 2669 971 2695 ad
982 2677 1021 2699 ca,
1035 2678 1104 2705 quae
1115 2677 1220 2696 summa
1232 2673 1303 2697 sunt.
1320 2669 1470 2703 pervenire,
1482 2669 1623 2695 coniuncta
1637 2673 1661 2694 et
1672 2676 1735 2694 cou-

1455 2716 1503 2742 160
1517 2715 1527 2727 ⁸
