1941 3052
565 140 860 168 PHILIPPICA
893 139 913 166 I.

77 215 127 241 bus
143 215 168 239 te
183 210 307 247 quidam,
325 210 441 238 multum
461 219 475 237 a
490 219 533 238 me
547 210 745 242 dissentientes.
758 211 867 238 beatum

74 253 181 285 putant,
209 248 367 284 anteponis?
395 248 468 280 Quae
489 248 540 275 fuit
559 249 641 275 oratio
661 249 694 275 de
714 248 865 275 concordia!

74 290 174 322 quanto
184 290 257 312 metu
269 286 395 317 veterani,
408 290 508 320 quanta
518 285 798 312 sollicitudinecivitas
810 289 867 312 tum

74 333 88 350 a
102 328 127 350 te
139 323 248 350 liberata
258 323 312 349 est!
334 331 419 358 quum
430 322 559 359 collegam
570 327 657 354 tuum,
676 323 805 358 depositis
816 323 869 349 ini-

75 361 197 392 micitiis,
214 360 314 387 oblitus
330 360 450 395 auspicia
465 369 480 386 a
495 365 520 386 te
531 361 590 395 ipso
600 369 702 396 augure
713 360 869 395 110111111Βο-

75 398 147 424 mani
162 397 282 424 nuntiata
297 396 344 424 illo
359 398 476 432 primum
491 397 534 423 die
548 397 677 433 collegam
693 398 741 424 tibi
752 406 811 424 esse
822 406 869 424 vo-

76 434 164 461 luisti:
187 439 250 461 tuus
264 434 394 469 parvulus
411 434 483 460 filius
494 434 522 461 in
534 434 695 470 Capitolium
706 443 720 460 a
731 439 756 461 te
766 435 868 461 missus

76 473 148 507 pacis
158 471 236 498 obses
249 471 308 498 fuit.
331 473 372 499 32.
385 471 443 504 Quo
453 476 561 498 senatus
572 472 615 498 die
627 471 737 498 laetior?
755 480 810 507 quo
820 480 869 507 po·

74 509 156 545 pulus
171 508 326 536 Romanus?
349 509 396 544 qui
412 509 522 544 quidem
538 508 611 535 nulla
627 509 654 536 in
667 509 793 535 concione
808 517 869 535 11111-

74 555 156 582 quam
184 546 347 581 frequentior
372 546 432 573 fuit.
473 547 540 573 Tum
561 546 678 581 denique
698 546 803 572 liberati
822 555 870 581 per

75 585 146 611 viros
163 583 323 610 fortissimos
338 583 511 616 videbamur;
533 583 610 618 quia,
630 587 658 609 ut
668 583 708 609 illi
719 583 866 614 voluerant,

76 621 225 648 libertatem
241 629 293 655 pax
307 621 479 656 sequebatur.
518 620 655 651 Proximo,
673 619 766 651 altero,
780 621 867 651 tertio,

75 658 191 693 denique
207 658 318 693 reliquis
328 658 478 685 consecutis
489 657 598 688 diebus,
612 666 664 684 non
676 657 869 684 intermittebas

74 696 153 731 quasi
178 695 279 722 donum
303 694 412 730 aliquod
435 694 556 730 quotidie
579 694 670 721 afferre
694 694 867 729 reipublicae.

74 733 224 760 Maximum
239 737 327 759 autem
338 732 416 763 illud,
429 732 502 767 quod
513 732 659 758 dictaturae
670 740 766 758 nomen
777 737 870 758 sustu-

77 770 141 797 listi.
182 770 251 796 11300
274 770 363 796 inusta
389 773 428 795 est
451 778 466 796 a
487 773 524 801 te,
542 778 556 795 a
572 773 610 800 te,
627 769 747 804 inquam,
765 774 870 796 mortuo

75 808 181 835 Caesari
201 811 260 833 nota
276 806 309 833 ad
325 806 499 842 ignominiam
515 806 715 841 sempiternam.
749 806 783 833 Ut
797 807 869 833 enim

76 849 182 880 propter
193 844 272 870 unius
283 844 318 870 M.
326 842 419 871 Manlii
430 843 528 875 scelus,
536 843 641 870 decreto
650 844 739 879 gentis
745 843 865 874 Manliae,

75 883 210 908 neminem
230 881 371 915 patricium
391 881 426 908 M.
443 880 573 908 Manlium
588 882 676 908 vocari
692 881 766 908 licet:
788 881 827 907 sic
841 886 870 908 tu

75 923 182 954 propter
197 919 278 945 unius
294 918 429 945 dictatoris
445 918 537 945 odium
553 927 649 945 nomen
660 918 796 945 dictatoris
809 918 871 945 fun-

75 956 148 983 ditus
163 955 308 982 sustulisti.
339 957 380 982 33.
397 956 467 982 Num
484 960 522 987 te,
540 964 626 991 quum
642 956 707 982 11300
722 965 770 991 1110
785 956 871 982 5311110

75 992 237 1028 reipublicae
244 997 313 1019 tanta
319 993 460 1028 gessisses,
470 992 589 1020 fortunae
596 997 733 1025 tuae,num
744 993 872 1029 amplitu-

75 1031 157 1062 dinis,
171 1039 237 1057 num
251 1030 391 1062 claritatis,
409 1039 474 1057 num
492 1030 592 1066 gloriae
607 1030 776 1066 poenitebat?
795 1031 871 1057 Unde

74 1069 157 1104 igitur
172 1067 262 1094 subito
272 1071 344 1094 tanta
357 1068 408 1094 ista
419 1067 549 1094 mutatio?
568 1069 626 1095 Non
637 1077 748 1103 possum
762 1068 869 1100 adduci,

74 1109 106 1132 ut
120 1105 242 1140 suspicer
256 1109 281 1132 te
296 1105 409 1140 pecunia
424 1109 542 1140 captum.
583 1106 669 1137 Licet,
685 1105 758 1141 quod
773 1107 871 1141 cuique

77 1142 150 1174 libet,
163 1142 295 1178 loquatur.
327 1142 439 1169 Credere
451 1151 503 1169 non
514 1147 555 1170 est
565 1151 683 1170 necesse.
714 1143 788 1170 Nihil
799 1145 871 1170 enim

75 1188 205 1215 umquam
215 1180 243 1206 in
254 1184 279 1206 te
285 1180 433 1212 sordidum,
441 1180 618 1207 nihilhumile
629 1181 751 1217 cognovi.
772 1180 872 1213 Quam-

75 1226 157 1253 quam
173 1217 259 1244 solent
272 1217 411 1244 domestici
426 1217 571 1252 depravare
585 1226 803 1254 nonnumquam:
824 1218 872 1245 sed

77 1255 139 1282 novi
155 1254 306 1281 firmitatem
318 1259 401 1281 tuam.
441 1255 529 1290 Atque
542 1255 651 1285 utinam,
664 1261 694 1282 ut
704 1255 820 1291 culpam,
833 1257 873 1282 sic

77 1293 156 1318 etiam
168 1292 349 1327 suspicionem
361 1292 444 1319 vitare
455 1293 602 1328 potuisses!
625 1293 695 1320 XIV.
708 1293 871 1329 Illudmagis

77 1337 182 1361 vereor,
205 1337 247 1360 ne,
268 1329 394 1365 ignorans
416 1338 511 1356 verum
530 1330 580 1356 iter
594 1329 707 1366 gloriae,
724 1330 872 1366 gloriosum

77 1371 169 1402 putes,
187 1365 249 1402 plus
264 1370 289 1393 te
304 1375 390 1393 unum
401 1375 492 1402 posse.
504 1375 586 1402 quam
596 1376 702 1399 01111105,
726 1372 751 1394 01
764 1369 847 1394 metui
859 1377 873 1394 a

76 1404 183 1431 civibus
204 1404 271 1436 tuis,
288 1412 370 1439 quam
384 1404 462 1440 diligi
478 1404 565 1432 malis.
599 1404 677 1437 Quod
692 1405 715 1431 si
730 1405 767 1432 ita
783 1410 870 1441 putas,

77 1446 159 1469 totam
174 1441 281 1477 ignoras
296 1441 367 1468 viam
378 1441 488 1478 gloriae.
520 1442 617 1469 Carum
628 1450 687 1469 esse
697 1443 793 1474 civem,
805 1443 873 1470 bene

77 1478 111 1506 de
125 1478 262 1514 republica
277 1479 388 1510 mereri,
408 1478 522 1511 laudari,
540 1479 606 1511 coli,
622 1479 712 1516 diligi,
725 1480 873 1517 gloriosum

78 1520 127 1543 051.
159 1516 241 1543 Metui
257 1524 332 1548 vero,
345 1521 371 1543 et
381 1517 408 1543 in
419 1516 480 1544 odio
490 1525 558 1548 esse,
571 1516 746 1549 invidiosum,
758 1517 874 1544 detesta-

78 1553 141 1585 bile,
154 1553 331 1585 imbecillum,
343 1553 485 1581 caducum.
517 1555 557 1581 34.
570 1553 647 1587 Quod
658 1555 782 1582 videmus
793 1556 873 1582 etiam

78 1591 106 1617 in
118 1590 208 1617 fabula
218 1590 259 1617 illi
271 1591 333 1626 ipsi,
346 1591 393 1626 qui

134 1627 249 1659 Oderint,
262 1630 321 1654 dum
332 1631 453 1659 πιόιααηι,

77 1664 189 1697 dixerit,
207 1666 387 1700 perniciosum
405 1664 499 1692 fuisse.
529 1665 650 1698 Utinam,
667 1665 779 1698 Antoni,
791 1675 873 1694 avum

78 1706 155 1730 tuum
167 1703 352 1729 meminissesl
374 1702 407 1730 de
418 1711 472 1738 quo
483 1707 570 1730 tamen
582 1703 665 1730 multa
678 1703 777 1730 audisti
788 1712 821 1731 ex
831 1712 874 1731 me

77 1739 245 1775 saepissime.
284 1740 401 1767 Putasne
427 1740 504 1767 illum
530 1741 754 1768 immortalitatem
778 1742 874 1768 mereri

78 1777 210 1809 voluisse,
227 1781 258 1805 ut
272 1783 380 1813 propter
395 1786 529 1805 armorum
545 1778 728 1806 habendorum
741 1778 873 1806 licentiam

79 1814 259 1842 metueretur?
278 1815 324 1842 llla
341 1819 395 1842 erat
406 1816 469 1848 vita,
481 1815 526 1843 illa
537 1816 655 1843 secunda
666 1816 780 1849 fortuna,
794 1816 876 1843 liber-

78 1856 130 1879 tate
154 1860 212 1879 esse
236 1861 326 1888 parem
349 1861 411 1880 cum
435 1854 542 1886 ceteris,
565 1854 714 1890 principem
734 1853 873 1890 dignitate.

77 1889 178 1925 Itaque,
192 1894 222 1916 ut
231 1890 351 1917 omittam
363 1898 405 1917 res
411 1891 454 1917 avi
466 1891 505 1917 tui
511 1899 661 1927 prosperas,
670 1891 875 1918 acerbissimum

79 1926 138 1953 eius
153 1926 224 1954 diem
241 1936 399 1962 supremum
415 1927 520 1960 malim,
538 1937 619 1965 quam
636 1929 665 1955 L.
679 1928 779 1956 Cinnae
788 1928 876 1956 domi-

79 1968 181 1995 natum,
194 1972 207 1990 a
219 1972 273 1999 quo
284 1964 330 1991 1110
340 1964 526 1992 crudelissime
537 1970 577 1992 est
587 1965 753 1993 interfectus.

134 2001 175 2027 35.
193 2000 245 2028 Sed
259 2001 326 2037 quid
341 2002 458 2029 oratione
473 2006 498 2029 te
513 2001 634 2030 ssectam‘?
654 2003 683 2030 Si
698 2003 770 2030 enim
786 2004 875 2030 exitus

79 2037 108 2065 C.
130 2037 250 2065 Caesaris
271 2038 375 2066 efficere
395 2039 445 2066 hoc
465 2048 517 2066 non
538 2044 638 2074 potest,
655 2044 685 2068 ut
703 2040 782 2067 malis
797 2049 874 2068 carus

79 2082 152 2109 esse,
164 2083 246 2112 quam
258 2076 349 2109 metui,
363 2076 432 2104 1111111
441 2077 603 2114 cuiusquam
614 2078 733 2114 proficiet
744 2086 792 2106 nec
802 2077 876 2106 vale-

958 139 1055 167 CAP.
1089 141 1222 169 9—45.
1662 141 1712 166 603

919 210 958 237 bit
976 211 1069 237 oratio.
1109 210 1194 243 Quem
1210 210 1257 245 qui
1273 209 1380 236 beatum
1396 208 1480 236 fuisse
1496 212 1602 244 putant,
1620 210 1712 236 miseri

919 248 972 283 ipsi
987 252 1061 274 sunt.
1092 248 1188 274 Beatus
1204 251 1245 274 est
1256 255 1345 278 nemo,
1358 247 1406 282 qui
1417 255 1446 273 ea
1457 246 1515 282 lege
1527 247 1606 277 vivit,
1620 252 1650 273 ut
1661 255 1713 273 non

919 285 997 312 modo
1017 286 1141 320 impune,
1164 284 1210 311 sed
1231 285 1310 311 etiam
1329 293 1391 311 cum
1411 292 1517 310 summa
1536 283 1712 310 interfectoris

918 322 1002 358 gloria
1023 322 1134 349 interfici
1154 322 1248 357 possit,
1288 321 1375 354 Quare
1395 320 1469 348 flecte
1492 325 1530 352 10,
1553 329 1666 356 quaeso,
1688 326 1713 347 et

920 360 1032 386 maiores
1044 364 1103 386 tuos
1117 360 1227 394 respice,
1241 363 1320 394 atque
1330 359 1364 385 ita
1377 359 1496 394 guberna
1507 358 1710 393 rempublicam,

920 401 950 423 ut
970 402 1061 423 natum
1081 405 1140 423 esse
1160 401 1185 423 te
1205 397 1277 423 cives
1297 397 1337 422 tui
1351 396 1498 432 gaudeant:
1521 396 1579 422 sine
1594 404 1648 431 quo
1665 403 1713 422 nec

920 434 1023 465 beatus,
1036 442 1085 461 nec
1095 433 1183 461 clarus
1194 442 1253 460 esse
1263 434 1409 469 quisquam
1420 437 1516 468 potest.

973 488 1032 515 XV.
1055 490 1095 515 36.
1110 488 1143 514 Ε1
1158 488 1251 522 1101111Ιὶ
1269 487 1378 522 quidem
1393 487 1505 514 Romani
1519 486 1618 513 iudicia
1630 486 1714 513 multa

920 525 999 552 ambo
1010 525 1123 556 habetis,
1137 525 1238 560 quibus
1248 534 1296 551 vos
1308 534 1360 551 non
1371 525 1436 550 satis
1448 525 1549 551 moveri
1555 524 1714 559 permoleste

921 562 986 589 fero.
1025 562 1096 595 Quid
1116 563 1187 588 enim
1207 562 1400 598 gladiatoribus
1416 561 1544 588 clamores
1560 562 1716 588 innumera-

920 599 1018 626 bilium
1038 599 1158 626 civium‘l
1177 599 1244 634 quid
1264 599 1357 634 populi
1378 598 1490 625 versus?
1508 599 1574 634 quid
1594 599 1714 634 Pompeii

920 641 1022 663 statuae
1037 637 1150 672 plausus
1164 636 1281 663 infiniti?
1300 636 1367 671 quid
1382 637 1403 662 11
1419 636 1534 662 tribunis
1549 636 1649 671 plebis,
1667 636 1715 671 qui

920 674 997 701 vobis
1013 673 1207 700 adversantur?
1226 682 1356 708 parumne
1372 673 1437 699 haec
1452 673 1615 708 significant,
1629 674 1715 700 incre-

920 711 1038 738 dibiliter
1048 712 1256 738 consentientem
1269 710 1478 745 populiRomani
1489 711 1608 737 universi
1620 710 1716 737 volun-

921 748 1019 775 tatem‘l
1043 747 1132 781 Quid?
1159 748 1355 783 Apollinarium
1377 747 1503 774 ludorum
1524 747 1649 782 plausus,
1672 747 1714 774 vel

921 786 1071 812 testimonia
1097 785 1186 820 potius
1211 789 1237 812 et
1255 785 1355 812 iudicia
1375 784 1468 819 populi
1488 785 1600 812 Romani
1621 794 1716 820 parum

921 831 1017 859 magna
1033 823 1110 849 vobis
1125 822 1303 849 videbantur?
1327 821 1349 848 O
1363 822 1454 848 beatos
1470 822 1542 853 illos.
1559 823 1615 857 qui,
1630 831 1716 857 quum

921 860 1014 887 adesse
1024 860 1092 895 ipsis
1103 864 1210 895 propter
1220 860 1277 887 vim
1288 868 1422 886 armorum
1433 868 1485 886 non
1498 859 1600 891 licebat,
1609 859 1717 886 aderant

921 902 1009 924 tamen
1029 902 1055 924 et
1074 898 1102 924 in
1122 896 1249 924 medullis
1270 897 1364 932 populi
1383 897 1495 923 Romani
1515 905 1546 923 ac
1566 897 1716 923 visceribus

921 935 1079 962 haerebantl
1105 935 1164 961 Nisi
1174 934 1241 961 forte
1251 934 1331 961 Accio
1340 939 1397 961 tum
1410 934 1502 968 plaudi
1514 938 1540 960 et
1550 935 1717 970 sexagesimo

922 977 982 1008 post
1006 981 1075 999 anno
1095 972 1212 1007 palmam
1232 972 1289 998 dari
1308 972 1458 1006 putabatis,
1482 980 1534 998 non
1553 972 1647 1004 Bruto,
1669 972 1716 1006 qui

923 1010 995 1037 ludis
1006 1010 1064 1037 suis
1075 1010 1110 1036 ita
1120 1011 1214 1041 caruit,
1222 1014 1252 1036 ut
1262 1010 1290 1036 111
1299 1009 1347 1036 1110
1358 1008 1718 1044 31111313115511110511001301110

922 1047 1043 1075 studium
1061 1047 1179 1083 populus
1193 1047 1329 1074 Romanus
1344 1047 1472 1073 tribueret
1482 1046 1599 1078 absenti,
1612 1046 1718 1073 deside·

922 1086 993 1112 rium
1005 1085 1153 1112 liberatoris
1164 1085 1342 1121 suiperpetuo
1347 1084 1447 1119 plausu
1457 1088 1482 1111 et
1492 1083 1716 1111 clamoreleniret.

979 1136 1020 1162 37.
1041 1134 1175 1170 Equidem
1195 1135 1219 1162 is
1234 1143 1309 1166 sum,
1327 1135 1375 1170 qui
1390 1135 1455 1161 istos
1466 1133 1591 1170 plausus,
1607 1142 1693 1169 quum
1705 1143 1718 1160 a

923 1172 1099 1208 popularibus
1110 1172 1216 1199 civibus
1229 1173 1421 1204 tribuerentur,
1435 1180 1541 1207 semper
1551 1176 1719 1206 contempse-

923 1211 988 1237 rim:
1005 1210 1132 1246 idemque
1142 1218 1228 1245 quum
1239 1219 1253 1236 a
1264 1210 1389 1242 summis,
1398 1209 1503 1240 mediis,
1515 1209 1625 1240 infimis,
1633 1217 1719 1244 quum

923 1248 1041 1283 denique
1061 1247 1094 1274 ab
1113 1248 1248 1274 universis
1268 1248 1318 1274 1100
1333 1247 1404 1274 1110111
1421 1247 1462 1278 tlt,
1475 1255 1615 1282 quumque
1626 1247 1658 1278 ii,
1672 1247 1719 1281 qui

924 1289 984 1312 ante
998 1285 1075 1320 sequi
1092 1284 1186 1320 populi
1200 1293 1361 1312 consensum
1377 1284 1510 1314 solebant,
1525 1284 1645 1320 fugiunt,
1668 1292 1720 1310 11011

924 1323 1050 1359 plausum
1066 1322 1159 1354 illum,
1170 1322 1217 1348 sed
1228 1322 1360 1349 iudicium
1372 1326 1446 1357 puto.
1487 1321 1534 1348 Sin
1546 1321 1611 1347 haec
1622 1320 1720 1348 leviora

924 1360 1001 1387 vobis
1013 1359 1146 1391 videntur,
1159 1368 1229 1395 quae
1239 1364 1302 1386 sunt
1311 1360 1486 1395 gravissima:
1504 1367 1568 1384 num
1580 1359 1658 1384 0113111
1671 1358 1721 1384 1100

924 1397 1106 1430 contemnitis,
1119 1396 1193 1432 quod
1202 1397 1336 1428 sensistis,
1350 1401 1403 1423 tam
1414 1405 1501 1423 caram
1513 1396 1614 1431 populo
1625 1396 1721 1422 Roma-

926 1443 959 1462 no
973 1435 1056 1462 vitam
1072 1434 1104 1462 A.
1120 1434 1198 1461 Hirtii
1214 1433 1318 1461 fuisse‘l
1337 1433 1407 1461 Satis
1418 1434 1564 1464 eratenim,
1579 1433 1720 1468 probatum

925 1472 1003 1500 illum
1019 1480 1077 1499 esse
1088 1471 1188 1507 populo
1198 1472 1325 1503 Romano,
1339 1476 1369 1498 ut
1379 1476 1432 1498 est:
1454 1470 1603 1498 iucundum
1615 1470 1718 1499 amicis,

924 1511 952 1537 in
963 1518 1018 1545 quo
1028 1509 1112 1536 vincit
1121 1517 1227 1537 omnes:
1240 1518 1331 1536 carum
1342 1509 1409 1540 suis,
1417 1508 1518 1544 quibus
1529 1509 1633 1542 estipse
1639 1508 1722 1534 caris-

924 1547 1026 1574 simus:
1044 1551 1142 1574 tantam
1154 1551 1242 1573 tamen
1253 1546 1462 1574 sollicitudinem
1470 1546 1609 1576 bonorum,
1618 1549 1721 1572 tantum

926 1585 1047 1612 timorem
1062 1585 1183 1611 omnium
1195 1584 1222 1611 in
1234 1592 1288 1619 quo
1299 1582 1490 1611 meminimus?
1510 1582 1585 1610 Certe
1596 1583 1624 1609 in
1635 1581 1719 1609 nullo.

980 1632 1021 1657 38.
1044 1629 1115 1663 Quid
1134 1629 1236 1665 igitur?
1255 1630 1305 1656 hoc
1323 1638 1383 1661 vos,
1402 1638 1450 1664 per
1463 1629 1526 1655 deos
1542 1627 1719 1654 immortales!

925 1667 1005 1703 quale
1015 1667 1063 1699 sit,
1077 1676 1129 1694 non
1141 1666 1372 1702 interpretamini?
1391 1666 1461 1699 Quid
1473 1675 1517 1693 eos
1528 1665 1561 1692 de
1573 1670 1659 1692 vestra
1669 1665 1721 1691 vita

925 1706 1040 1741 cogitare
1053 1706 1181 1737 censetis,
1199 1705 1301 1740 quibus
1316 1712 1423 1735 eorum,
1435 1712 1504 1739 quos
1515 1708 1622 1738 sperant
1632 1703 1722 1737 reipu-

926 1742 1010 1769 blicae
1029 1741 1209 1774 consulturos,
1232 1742 1286 1769 vita
1307 1747 1359 1768 tam
1384 1750 1442 1768 cara
1463 1740 1516 1768 sit‘?
1536 1740 1614 1775 Cepi,
1635 1745 1722 1775 patres

925 1780 1081 1815 conscripti,
1099 1780 1260 1807 reversionis
1276 1788 1350 1806 meae
1366 1778 1496 1806 fructum:
1519 1778 1680 1813 etquoniam
1693 1786 1722 1803 03

926 1817 997 1849 dixi,
1015 1821 1057 1849 ut,
1074 1818 1240 1853 quicumque
1251 1825 1330 1844 casus
1341 1821 1500 1844 consecutus
1512 1820 1595 1845 05501,
1609 1819 1724 1841 exstaret

925 1855 1088 1882 constantiae
1099 1863 1173 1882 meae
1184 1855 1376 1885 testimonium.
1385 1858 1411 1881 01
1421 1862 1481 1880 511111
1494 1862 1507 1879 3
1520 1853 1596 1879 vobis
1608 1852 1723 1888 benigne

926 1901 956 1919 30
970 1892 1113 1929 diligenter
1127 1892 1246 1920 auditus.
1285 1892 1359 1925 Quae
1375 1896 1490 1927 potestas
1502 1890 1525 1916 si
1537 1890 1603 1917 1111111
1615 1891 1723 1925 saepius

926 1930 985 1957 sine
1008 1938 1068 1957 meo
1087 1935 1229 1966 vestroque
1249 1929 1369 1965 periculo
1394 1929 1446 1961 fiet,
1473 1933 1545 1956 utar:
1576 1928 1600 1954 si
1621 1928 1720 1957 minus.

926 1972 1058 2003 quantum
1074 1972 1177 2003 potero,
1191 1976 1243 1994 non
1256 1972 1308 1994 tam
1320 1967 1387 1993 1111111
1399 1975 1453 1997 1110,
1466 1974 1548 2001 quam
1560 1964 1722 2000 reipublicae

927 2004 1079 2032 reservabo.
1110 2005 1176 2032 Mihi
1191 2004 1244 2032 fere
1255 2005 1320 2031 satis
1332 2008 1380 2035 est,
1394 2003 1465 2040 quod
1477 2003 1543 2033 vixi,
1557 2002 1597 2029 vcl
1610 2002 1643 2029 ad
1654 2007 1724 2029 aeta-

928 2046 980 2069 tem
997 2041 1039 2069 vel
1056 2041 1089 2069 ad
1103 2042 1231 2079 gloriam:
1258 2041 1311 2069 11110
1326 2042 1348 2068 51
1365 2041 1432 2077 quid
1444 2040 1593 2070 accesserit,
1607 2044 1721 2067 nontam

927 2079 1004 2112 1111111,
1016 2086 1098 2117 quam
1110 2079 1187 2108 vobis
1197 2080 1289 2116 reique
1301 2078 1424 2116 publicae
1435 2078 1585 2106 accesserit.

788 2277 1019 2294 dobeo——

1461 2722 1517 2750 '1⁶'
