1941 3052
327 134 657 162 EPISTOLARUM
687 135 740 161 AD
769 134 800 167 Q.
833 134 1048 161 FRATREM
1079 135 1234 161 LIB.111.
1266 135 1326 161 ΕΡ.
1352 136 1420 161 [Ξ.
1639 138 1683 162 8¹⁴

55 210 154 242 specto.
195 206 236 231 ⁴6.
257 204 334 238 Quod
349 205 446 232 scribis
465 210 489 232 te
505 205 626 236 audisse.
649 206 676 232 in
691 205 847 232 candidato-

55 253 115 271 rum
131 242 313 269 consularium
328 243 442 270 coitione
458 252 500 269 me
515 243 686 274 interfuisse,
705 242 732 269 id
748 242 846 269 falsum

55 286 105 308 est.
143 279 285 308 Eiusmodi
300 281 373 306 enim
388 281 524 315 pactiones
539 281 567 306 in
583 289 612 306 ea
632 281 745 307 coitione
764 279 847 306 factae

55 322 127 349 sunt,
140 326 208 353 quas
219 321 310 353 postea
320 318 465 344 Memmius
476 317 613 352 patefecit,
631 322 660 344 ut
671 326 749 344 nemo
759 317 847 344 bonus

55 356 184 382 interesse
196 354 332 381 debuerit:
355 360 380 381 et
390 354 472 381 simul
484 355 552 381 mihi
563 355 784 382 committendum
795 363 847 380 non

56 392 120 423 fuit,
137 396 168 418 ut
182 392 225 418 his
240 392 404 418 coitionibus
420 392 590 423 interessem,
607 392 709 427 quibus
724 391 848 418 Messalla

56 429 255 462 excluderetur3
270 430 314 455 cui
324 429 436 464 quidem
447 429 619 456 vehementer
626 429 761 456 satisfacio
767 429 848 455 rebus

55 466 196 494 omnibus:
218 471 248 493 ut
258 466 385 498 arbitror,
403 467 483 493 etiam
493 467 629 494 Memmio.
670 467 784 493 Domitio
795 466 848 501 ipsi

56 503 141 530 multa
156 504 210 530 iam
225 503 290 535 feci,
312 513 380 539 quae
397 503 494 535 voluit,
516 513 639 539 quaeque
654 513 668 530 a
683 513 726 530 me
741 504 846 539 petivit.

57 541 189 568 Scaurum
199 541 330 568 beneficio
340 541 504 568 defensionis
516 541 594 568 valde
605 541 735 577 obligavi.
752 540 848 567 Adhuc

56 583 112 605 erat
122 578 200 605 valde
212 579 353 609 incertum,
367 583 392 605 et
405 578 512 613 quando
523 579 629 605 comitia
637 599 643 609 ,
657 583 682 605 et
692 579 740 613 qui
751 587 849 604 consu-

57 615 96 642 les
107 615 192 642 futuri
202 620 300 642 essent.
325 617 364 642 ΓΙ.
381 616 470 648 Quum
482 615 549 642 hanc
561 616 614 642 iam
625 615 764 651 epistolam
775 624 850 641 com-
869 612 870 615 ’

56 653 200 688 plicarem,
222 652 356 679 tabellarii
376 661 390 679 a
406 652 484 679 vobis
500 658 631 679 venerunt
646 662 670 679 a.
687 652 715 679 d.
731 661 771 679 xx.
788 652 847 679 Kal.

56 690 114 717 Oct.
129 690 139 703 ’
151 691 281 717 vicesimo
291 690 345 717 die.
385 689 407 716 Ο
418 698 460 716 me
473 689 632 716 sollicitum!
655 695 786 725 quantum
800 698 849 726 ego

57 727 132 754 dolui
148 728 175 753 in
191 727 311 754 Caesaris
326 727 498 753 suavissimis
515 727 622 753 litteris!
645 727 692 753 sed
707 736 760 762 quo
776 732 850 754 erant

57 765 205 795 suaviores,
217 773 248 791 eo
258 765 386 791 maiorem
396 764 515 791 dolorem
526 764 601 790 illius
612 764 657 791 ille
668 773 746 791 casus
758 764 850 791 affere-

58 801 113 829 bat.
154 801 207 828 Sed
222 801 255 828 ad
271 806 330 828 tuas
346 801 425 827 venio
440 800 551 828 litteras,
590 802 711 828 Primum
723 806 796 829 tuam
807 810 850 828 re-

57 839 224 865 mansionem
247 839 328 865 etiam
353 843 433 873 atque
457 839 538 865 etiam
562 839 660 874 probo,
691 840 849 874 praesertim

57 885 156 911 quum,
174 880 204 902 ut
213 876 323 907 scribis,
340 884 403 902 cum
414 875 525 902 Caesare
536 877 754 903 communicaris.
795 877 850 911 Op-

56 914 133 949 pium
149 914 231 940 miror
244 913 395 948 quidquam
411 921 473 939 cum
484 913 615 940 Publilio:
633 914 702 940 mihi
713 915 785 940 enim
797 923 848 940 non

56 950 202 986 placuerat.
245 952 284 977 ⁴8.
306 950 382 983 Quod
398 951 524 977 interiore
544 951 657 986 epistola
672 951 784 982 scribis,
808 960 850 977 me

56 987 125 1015 Idib.
142 987 216 1023 Sept.
232 988 359 1023 Pompeio
374 987 491 1024 legatum
505 988 553 1015 iri:
571 988 599 1015 id
614 997 663 1024 ego
679 998 731 1015 uon
745 988 848 1019 audivi,

57 1025 209 1060 scripsique
221 1025 254 1051 ad
265 1025 414 1057 Caesarem,
430 1025 582 1053 Vibullium
593 1026 715 1053 Caesaris
726 1026 849 1054 mandata

57 1062 90 1089 de
101 1071 159 1089 mea
171 1063 309 1089 mansione
321 1062 353 1089 ad
360 1063 518 1098 Pompeium
529 1063 682 1098 pertulisse,
696 1072 745 1090 nec
755 1064 788 1090 ad
795 1063 851 1098 Op-

57 1100 143 1135 pium.
183 1099 242 1133 Quo
251 1099 382 1127 consilio?
392 1100 561 1135 Quamquam
573 1100 691 1136 Oppium
703 1110 752 1137 ego
763 1102 848 1132 tenui,

57 1137 129 1172 quod
145 1138 246 1172 priores
262 1142 350 1172 partes
365 1137 456 1164 Bibuli
470 1143 554 1165 erant.
594 1139 662 1166 Cum
678 1147 709 1166 eo
723 1139 796 1165 enim
806 1147 848 1165 co-

57 1183 113 1201 ram
125 1175 236 1201 Caesare
247 1179 345 1211 egerat,
358 1175 391 1202 ad
403 1175 522 1210 Oppium
534 1176 686 1211 scripserat.
719 1177 776 1211 Ego
788 1185 851 1203 vero

57 1211 146 1238 nullas
162 1212 281 1248 δευτέρας
298 1212 438 1248 φροντίδας
453 1212 551 1239 habere
567 1222 677 1248 possum
690 1214 717 1240 in
729 1214 850 1240 Caesaris

58 1249 149 1276 rebus.
189 1248 236 1276 Ille
252 1250 321 1276 mihi
335 1249 486 1276 secundum
502 1255 526 1276 te
542 1255 567 1277 et
582 1250 680 1277 liberos
696 1256 799 1278 nostros
815 1252 851 1277 ita

57 1291 106 1317 est,
119 1291 149 1313 ut
159 1287 194 1313 sit
204 1295 288 1321 paene
300 1295 357 1321 par.
398 1287 496 1313 Videor
506 1287 533 1314 id
546 1288 647 1314 iudicio
659 1288 754 1315 facere.
795 1289 850 1316 Iam

57 1325 129 1350 enim
140 1323 239 1350 debeo:
253 1324 300 1350 sed
312 1328 399 1351 tamen
410 1333 498 1351 amore
509 1334 570 1351 sum
582 1326 719 1352 incensus.

113 1362 156 1387 Vl.
175 1363 214 1388 ⁴9.
236 1360 326 1393 Quum
336 1362 506 1396 scripsissem
518 1362 583 1388 haec
594 1363 695 1394 infima,
707 1371 776 1398 quae
787 1368 851 1390 sunt

58 1407 116 1425 mea
126 1407 217 1429 manu,
231 1399 305 1426 venit
315 1399 348 1425 ad
359 1407 406 1425 nos
413 1399 504 1426 Cicero
515 1404 578 1426 tuus
589 1400 622 1426 ad
633 1409 752 1431 caenam,
765 1409 850 1436 quum

57 1436 203 1471 Pomponia
219 1435 288 1462 foras
302 1441 433 1463 caenaret.
473 1436 551 1463 Dedit
567 1437 635 1464 mihi
651 1437 790 1472 epistolam
812 1437 851 1464 le-

56 1473 172 1509 gendam
189 1478 275 1504 tuam,
297 1481 378 1508 quam
395 1473 485 1508 paullo
501 1479 561 1501 ante
576 1480 726 1510 acceperat,
749 1476 851 1502 Aristo-

56 1510 162 1545 phaneo
174 1510 252 1537 modo
264 1510 341 1537 valde
352 1511 506 1537 mehercule
521 1516 547 1538 et
562 1521 673 1539 suavem
688 1517 714 1539 et
723 1521 848 1548 gravem:

57 1557 110 1582 qua
126 1556 187 1574 sum
202 1548 347 1574 admodum
364 1547 522 1575 delectatus.
561 1549 639 1576 Dedit
649 1551 729 1576 etiam
740 1550 850 1577 alteram

56 1584 132 1612 illam
148 1585 229 1616 mihi,
249 1594 303 1620 qua
319 1585 396 1612 iubes
412 1594 474 1612 eum
489 1586 558 1612 mihi
570 1595 627 1613 esse
638 1587 765 1619 affixum,
783 1592 852 1614 tam-

57 1630 139 1657 quam
150 1623 288 1659 magistro.
329 1622 415 1655 Quam
429 1623 506 1650 illum
522 1624 650 1658 epistolae
662 1624 723 1651 illae
735 1624 852 1652 delecta—

57 1660 131 1686 runt!
145 1668 227 1695 quam
238 1660 294 1686 me!
310 1659 384 1686 Nihil
397 1669 480 1695 puero
492 1660 537 1687 illo
547 1662 674 1693 suavius,
687 1662 755 1688 nihil
767 1663 851 1689 nostri

57 1697 201 1724 amantius.
223 1698 276 1724 lloc
288 1698 356 1724 inter
366 1706 475 1724 caenam
486 1699 576 1725 Tironi
587 1699 696 1731 dictavi,
710 1708 743 1726 ne
754 1700 851 1726 mirere

57 1733 109 1760 alia
129 1743 210 1761 manu
230 1743 299 1761 esse.
339 1736 381 1762 20.
403 1735 500 1762 Annali
519 1735 620 1762 litterae
637 1742 697 1763 tuae
712 1743 850 1774 pergratae

58 1770 180 1803 fuerunt,
197 1771 270 1807 quod
285 1776 311 1799 et
325 1781 433 1799 curares
448 1773 482 1799 de
497 1781 526 1800 se
541 1773 698 1809 diligenter.
721 1779 747 1802 et
762 1780 850 1802 tamen

57 1808 169 1835 consilio
174 1810 347 1837 severissimo
353 1811 470 1837 iuvares.
485 1811 515 1837 P.
522 1810 655 1838 Servilius
661 1817 735 1846 pater
741 1821 774 1839 ex
781 1812 852 1839 litte-

57 1846 104 1877 ris,
122 1854 190 1881 quas
201 1846 255 1873 sibi
266 1846 397 1874 aCaesare
408 1848 505 1875 missas
517 1856 577 1875 esse
587 1848 702 1881 dicebat,
716 1850 852 1885 significat

58 1882 136 1910 valde
146 1887 170 1910 te
180 1883 235 1910 sibi
245 1888 352 1919 gratum
359 1884 464 1916 fecisse,
472 1885 545 1921 quod
552 1885 585 1912 de
591 1895 640 1913 sua
646 1886 782 1914 voluntate
788 1896 850 1923 erga

57 1920 198 1947 Caesarem
210 1920 406 1948 humanissime
416 1922 680 1959 diligentissimeque
692 1923 797 1951 locutus
808 1933 852 1951 es-

58 1965 112 1984 ses.
152 1959 194 1985 2⁴.
215 1957 305 1990 Quum
316 1959 427 1986 Romam
438 1968 471 1986 ex
482 1960 604 1995 Arpinati
615 1962 795 1992 revertissem,
808 1962 852 1989 di-

57 1999 131 2020 ctum
147 1994 215 2021 mihi
230 2000 283 2026 est,
304 1996 502 2031 Hippodamum
519 1997 553 2023 ad
569 2002 594 2024 te
615 1998 764 2033 profectum
780 2008 849 2026 esse.

57 2031 116 2058 Non
131 2040 243 2066 possum
258 2032 389 2065 scribere,
413 2042 455 2060 me
470 2035 596 2061 miratum
612 2043 685 2066 esse,
703 2036 781 2062 illum
797 2041 850 2063 tam

58 2068 242 2096 inhumaniter
259 2069 368 2101 secisse,
384 2075 414 2097 ut
429 2071 487 2097 sine
503 2072 572 2098 meis
583 2071 678 2099 litteris
690 2073 721 2099 ad
735 2078 758 2100 te
770 2074 851 2108 proli-

57 2105 216 2133 cisceretur:
231 2105 300 2133 illud
311 2107 409 2139 scribo.
426 2108 493 2135 mihi
505 2107 648 2136 molestum
660 2109 755 2137 fuisse.
796 2112 850 2138 lam

58 2144 130 2170 enim
145 2143 194 2170 diu
209 2144 399 2179 cogitaveram,
417 2154 451 2172 ex
460 2153 501 2176 eo,
514 2145 586 2181 quod
598 2151 626 2173 tu
637 2147 670 2173 ad
683 2155 724 2174 me
735 2149 852 2182 scripse-

58 2189 111 2211 ras.
128 2185 166 2212 ut,
183 2181 206 2207 si
222 2181 289 2216 quid
304 2187 384 2214 esset,
401 2182 474 2218 quod
489 2182 522 2209 ad
534 2187 558 2210 te
569 2183 727 2219 diligentius
739 2185 851 2220 perferri

59 2217 170 2248 vellem,
193 2217 234 2245 illi
253 2218 358 2245 darem:
385 2219 458 2254 quod
479 2220 631 2247 mehercule
653 2221 727 2248 hisce
744 2222 849 2254 litteris,

58 2262 126 2290 quas
141 2254 224 2290 vulgo
238 2255 271 2282 ad
288 2260 312 2282 te
328 2257 417 2287 mitto,
437 2256 505 2283 nihil
523 2256 577 2284 sere
592 2258 690 2289 scribo.
704 2259 776 2294 quod
787 2261 810 2286 si
824 2261 851 2287 in

59 2291 174 2319 alicuius
191 2301 287 2319 manus
303 2293 440 2324 inciderit,
459 2293 569 2321 moleste
580 2295 721 2323 ferendum
733 2297 777 2323 sit.
800 2298 851 2324 Mi-

59 2329 138 2356 nucio
158 2337 201 2356 me
221 2334 247 2356 et
263 2330 354 2358 Salvio
369 2336 395 2358 et
409 2331 526 2358 Labeoni
542 2333 722 2360 reservabam.
763 2335 851 2361 Labeo

59 2371 104 2393 aut
124 2366 196 2394 tarde
217 2367 401 2402 proficiscetur
416 2373 461 2395 aut
477 2368 520 2395 hic
536 2370 665 2396 manebit.
715 2371 851 2406 llippoda-

61 2411 120 2430 mus
130 2412 163 2430 ne
175 2405 373 2440 nuncquidem,
382 2405 449 2441 quid
457 2405 548 2437 velim,
557 2407 670 2442 rogavit.
682 2409 762 2435 2211
771 2409 851 2435 Pina-

60 2440 116 2467 rius
129 2441 259 2468 amabiles
273 2442 306 2468 ad
322 2452 364 2469 me
379 2443 413 2470 de
427 2448 451 2470 te
462 2443 562 2470 litteras
573 2445 667 2471 mittit:
690 2453 718 2472 se
733 2446 850 2473 maxime

60 2475 164 2510 litteris,
187 2480 373 2512 sermonibus,
396 2481 486 2507 caenis
504 2480 622 2516 denique
643 2482 696 2508 tuis
711 2482 848 2510 delectari.

59 2513 85 2540 Is
99 2513 178 2542 homo
188 2524 295 2552 semper
305 2526 347 2544 me
358 2517 510 2548 delectavit,
528 2517 661 2554 fraterque
673 2520 732 2546 eius
743 2529 849 2548 mecum

60 2555 100 2578 est
114 2551 237 2580 multum.
276 2554 377 2587 Quare,
396 2560 425 2582 ut
436 2556 586 2587 instituisti,
600 2556 775 2591 complectere
785 2557 851 2585 ado-

61 2586 212 2616 lescentem.
252 2590 308 2619 Vll.
324 2594 366 2619 23.
385 2592 463 2625 Quod
479 2592 576 2619 multos
592 2593 652 2619 dies
667 2594 807 2629 epistolam
822 2596 849 2622 in

61 2626 186 2654 manibus
206 2626 303 2660 habui,
324 2635 431 2665 propter
445 2630 680 2657 commorationem
696 2632 850 2660 tabellario-

61 2669 133 2694 rum,
156 2663 216 2691 ideo
231 2665 314 2694 multa
329 2668 447 2695 coniecta
462 2672 538 2697 sunt.
556 2667 630 2694 aliud
651 2667 704 2696 alio
720 2674 846 2705 tempore,

898 204 972 231 velut
985 205 1045 232 hoc.
1068 205 1098 231 T.
1111 204 1222 231 Anicius
1236 205 1304 231 mihi
1316 214 1395 240 saepe
1407 206 1460 232 iam
1472 205 1549 236 dixit,
1558 214 1616 232 sese
1628 206 1687 233 tibi.

898 242 1086 269 suburbanum
1109 243 1132 268 si
1154 242 1226 277 quod
1245 243 1408 274 invenisset,
1430 252 1481 269 non
1503 242 1690 270 dubitaturum

898 288 957 305 esse
967 288 1065 306 emere.
1096 280 1125 305 In
1139 280 1197 305 eius
1208 288 1330 306 sermone
1343 289 1392 316 ego
1404 284 1549 315 utrumque
1560 280 1632 306 soleo
1643 281 1691 306 ad-

899 317 1003 348 mirari,
1026 322 1051 343 et
1062 322 1086 343 te
1100 316 1132 342 de
1149 317 1304 343 suburbano
1320 317 1446 348 emendo,
1463 326 1549 352 quum
1564 317 1597 343 ad
1612 317 1690 344 illum

899 354 1014 385 scribas,
1038 363 1090 380 non
1110 353 1189 380 modo
1209 354 1242 380 ad
1263 363 1305 380 me
1324 363 1376 381 non
1394 354 1525 385 scribere,
1548 354 1596 381 sed
1611 355 1692 382 etiam

900 391 979 418 aliam
995 392 1021 417 in
1034 391 1192 417 sententiam
1204 391 1331 423 scribere,
1345 396 1379 422 et,
1393 400 1478 427 quum
1490 392 1523 418 ad
1534 391 1613 418 illum
1624 393 1693 419 scri-

900 428 961 459 bas,
980 428 1048 454 nihil
1065 433 1089 454 te
1105 428 1238 455 recordari
1254 428 1286 455 de
1298 437 1339 460 se,
1362 429 1394 455 de
1406 429 1527 463 epistolis
1542 429 1611 460 illis,
1624 438 1692 465 quas

900 466 927 491 in
947 465 1099 492 Tusculano
1114 466 1173 491 eius
1190 471 1217 492 tu
1239 466 1307 492 mihi
1322 466 1473 497 ostendisti,
1492 466 1561 492 nihil
1571 466 1604 493 de
1615 475 1693 502 prae—

899 503 984 537 ceptis
1001 503 1167 537 Epicharmi,
1188 505 1285 539 γνῶθι,
1301 506 1357 534 πῶς
1372 503 1439 539 ἄλλῳ
1453 505 1585 539 κέχρηταιῑ
1607 509 1692 531 totum

899 540 1016 575 denique
1029 540 1143 571 vultum,
1160 541 1290 572 animum,
1304 549 1454 567 sermonem
1466 541 1538 567 eius:
1562 541 1693 576 quemad-

901 577 1010 603 modum
1022 577 1145 608 coniicio,
1159 578 1292 612 quasi——:
1308 578 1356 604 sed
1369 578 1433 604 haec
1445 583 1473 604 tu
1480 578 1592 604 videris.
1607 579 1692 605 C.!4.De

900 614 1065 646 suburbano,
1088 623 1160 645 cura,
1178 619 1207 641 ut
1217 615 1315 646 sciam,
1329 615 1396 650 quid
1408 615 1489 641 velis:
1513 620 1537 642 et
1552 615 1644 647 simul,
1660 624 1693 642 ne

900 651 967 687 quid
978 652 1022 678 ille
1034 651 1131 683 turbet,
1145 652 1217 678 vide.
1239 652 1309 685 Quid
1321 652 1474 687 praeterea?
1493 652 1582 685 Quid‘?
1602 654 1692 680 etiam.

901 689 1034 716 Gabinius
1055 697 1079 715 a.
1096 689 1123 715 d.
1141 698 1177 716 iv,
1194 689 1254 716 Kal.
1272 689 1379 716 Octobr.
1397 694 1476 716 noctu
1493 691 1520 716 in
1536 690 1635 716 Urbem
1651 691 1694 717 in-

902 727 1005 753 troivit:
1037 731 1062 753 et
1081 725 1161 753 hodie
1182 727 1213 753 H.
1236 735 1303 757 vua,
1326 735 1411 761 quum
1433 727 1521 753 edicto
1536 727 1565 754 C.
1586 728 1649 754 Affii
1660 727 1693 754 de

902 764 1040 790 maiestate
1060 772 1122 789 eum
1146 763 1240 790 adesse
1254 769 1394 798 oporteret,
1412 773 1545 791 concursu
1560 773 1658 800 magno
1669 770 1695 792 et

901 801 962 827 odio
978 801 1099 827 universi
1118 800 1213 835 populi
1232 809 1316 836 paene
1337 800 1452 827 afflictus
1466 806 1516 828 est.
1556 802 1631 828 Nihil
1647 801 1694 829 illo

901 838 1017 873 turpius.
1058 838 1200 864 Proximus
1220 843 1260 865 est
1275 843 1363 865 tamen
1379 839 1450 865 Piso.
1490 839 1582 874 Itaque
1597 839 1694 865 mirifi-

900 884 963 902 cum
979 874 1096 911 ἐμβόλων
1111 876 1198 911 cogito
1216 876 1244 902 in
1260 875 1410 902 secundum
1428 875 1558 902 librorum
1573 885 1693 903 meorum

901 912 1053 944 includere,
1076 912 1210 939 dicentem
1227 912 1380 948 Apollinem
1400 913 1428 939 in
1443 913 1557 940 concilio
1571 913 1692 944 deorum,

901 950 990 985 qualis
1009 949 1112 976 reditus
1136 949 1252 977 duorum
1272 951 1464 985 imperatorum
1487 950 1593 976 futurus
1609 956 1692 977 esset:

901 996 1017 1023 quorum
1038 987 1104 1013 alter
1119 988 1267 1014 exercitum
1283 988 1455 1023 perdidisset,
1473 988 1539 1014 alter
1553 988 1695 1014 vendidis-

902 1030 951 1051 set.
991 1026 1033 1052 25.
1055 1025 1096 1051 Ex
1110 1025 1246 1051 Britannia
1257 1025 1354 1052 Caesar
1364 1025 1397 1051 ad
1409 1034 1450 1051 me
1462 1025 1521 1051 Kal.
1534 1025 1608 1060 Sept.
1621 1025 1696 1052 dedit

903 1062 1016 1089 litteras:
1039 1071 1107 1097 quas
1119 1071 1168 1098 ego
1179 1063 1270 1098 accepi
1282 1072 1306 1089 a.
1319 1062 1346 1089 d.
1359 1071 1396 1089 Π.
1409 1062 1638 1090 Kalend.Octobr.
1652 1073 1696 1089 sa—

901 1100 935 1126 tis
946 1100 1100 1126 commodas
1111 1100 1143 1126 de
1154 1100 1316 1127 Britannicis
1329 1100 1424 1126 rebus:
1440 1100 1550 1136 quibus,
1565 1109 1597 1127 ne
1609 1101 1695 1127 admi-

902 1146 956 1168 rer,
978 1137 1051 1173 quod
1072 1146 1086 1163 a
1107 1142 1131 1164 te
1143 1137 1232 1164 nullas
1247 1138 1410 1172 acceperim,
1428 1138 1535 1169 scribit,
1553 1146 1582 1164 se
1597 1139 1656 1164 sine
1672 1144 1695 1164 te

902 1174 995 1206 fuisse,
1013 1183 1097 1209 quum
1113 1174 1145 1201 ad
1158 1184 1230 1201 mare
1241 1176 1393 1202 accesserit.
1446 1175 1487 1202 Ad
1498 1184 1543 1202 eas
1554 1184 1603 1211 ego
1615 1176 1639 1201 ei
1652 1175 1696 1201 lit-

901 1216 970 1238 teras
991 1211 1059 1238 nihil
1081 1213 1221 1247 rescripsi,
1245 1221 1278 1239 ne
1293 1212 1446 1249 gratulandi
1461 1213 1573 1248 quidem
1589 1221 1693 1241 caussa,

901 1254 1010 1284 propter
1025 1250 1084 1276 eius
1102 1249 1215 1276 luctum.
1241 1251 1277 1276 Te
1293 1259 1338 1277 oro
1353 1251 1433 1277 etiam
1450 1255 1530 1286 atque
1545 1251 1639 1281 etiam,
1658 1251 1694 1276 mi

902 1286 990 1318 frater,
1004 1291 1033 1314 ut
1044 1286 1143 1313 valeas.

955 1356 983 1376 ΙΙ.
1001 1356 1017 1376 Α
1025 1356 1077 1376 RG.
1097 1356 1215 1376 Gabinium
1231 1359 1252 1376 et
1262 1356 1285 1376 in
1296 1360 1386 1380 senatu,
1397 1360 1417 1377 et
1429 1363 1441 1377 a
1450 1356 1551 1377 Memmio
1565 1356 1654 1376 tribuno
1666 1356 1695 1383 pl.

901 1390 925 1411 in
939 1390 1084 1411 concionibus
1095 1395 1197 1411 vexatum
1208 1398 1265 1414 esse,
1277 1398 1301 1411 ac
1311 1391 1337 1411 de
1347 1391 1431 1411 iudicio
1443 1391 1491 1412 eius
1502 1391 1603 1418 proxime
1613 1391 1695 1414 futuro.

902 1429 1061 1446 commemorat.
1091 1426 1184 1450 Deinde,
1201 1426 1238 1452 qui
1253 1426 1279 1446 (le
1290 1426 1374 1446 ambitu
1388 1426 1421 1446 rei
1431 1426 1484 1450 sint,
1494 1433 1550 1453 quae
1557 1426 1694 1447 comitiorum

903 1469 953 1489 spen
966 1462 1003 1485 sit,
1012 1462 1157 1482 demonstrat.
1187 1463 1274 1486 (Romae,
1284 1463 1376 1483 Domitio.
1386 1463 1439 1486 App.
1449 1463 1531 1481 Pulchro
1541 1470 1587 1480 coss.
1599 1465 1654 1483 τοῦ.)

1021 1507 1056 1533 Μ,
1083 1506 1226 1534 CICERO
1251 1506 1279 1533 S.
1305 1507 1334 1532 D.
1361 1505 1393 1538 Q.
1416 1506 1569 1533 FRATRI.

959 1554 981 1578 4.
1003 1547 1041 1579 Α.
1058 1552 1085 1579 d.
1099 1552 1283 1579 v1.1d.Oct0h.
1293 1551 1401 1578 Salvius
1408 1552 1510 1579 Ostiam
1521 1553 1696 1587 vesperinavi

903 1589 1037 1624 profectus
1057 1595 1111 1616 erat
1131 1599 1193 1616 cum
1210 1590 1252 1616 his
1269 1589 1363 1619 rebus,
1381 1598 1448 1624 quas
1465 1590 1514 1616 tibi
1532 1589 1611 1616 domo
1627 1590 1696 1616 mitti

903 1626 1037 1653 volueras.
1077 1627 1178 1654 Eodem
1199 1627 1243 1653 die
1259 1627 1405 1653 Gabinium
1421 1627 1454 1654 ad
1471 1626 1602 1661 populum
1619 1626 1696 1653 lucu-

903 1664 972 1691 lente
992 1664 1148 1692 calefecerat
1162 1665 1320 1695 Memmius,
1343 1665 1395 1695 sic,
1418 1669 1447 1691 ut
1462 1664 1565 1691 Calidio
1583 1664 1695 1691 verbum

903 1701 988 1728 facere
998 1710 1046 1737 pro
1058 1711 1088 1729 eo
1099 1711 1151 1729 non
1165 1702 1279 1729 licuerit.
1315 1701 1447 1728 Postridie
1458 1707 1547 1728 autem
1559 1702 1618 1728 eius
1629 1701 1694 1732 diei,

901 1739 949 1774 qui
966 1744 1021 1766 erat
1037 1744 1092 1766 tum
1109 1739 1225 1770 futurus,
1242 1748 1327 1774 quum
1344 1739 1409 1765 haec
1420 1739 1572 1766 scribebam
1583 1744 1642 1765 ante
1655 1739 1697 1766 lu-

901 1785 970 1807 cem,
989 1777 1061 1811 apud
1077 1777 1203 1804 Catonem
1215 1782 1270 1803 erat
1281 1777 1412 1803 divinatio
1424 1778 1450 1803 in
1462 1777 1610 1803 Gabinium
1623 1776 1697 1803 sutu-

902 1823 929 1841 ra
951 1815 1020 1840 inter
1035 1815 1194 1841 Memmium
1208 1819 1233 1841 et
1249 1815 1289 1840 Ti.
1307 1815 1438 1840 Neronem
1455 1819 1480 1840 et
1493 1815 1522 1840 (ἶ.
1536 1819 1561 1840 et
1573 1815 1601 1840 L.
1614 1814 1697 1840 Anto—

902 1852 969 1883 nios,
992 1852 1028 1878 M.
1050 1852 1079 1878 F.
1120 1852 1284 1879 Putabamus
1304 1851 1372 1882 sore,
1393 1856 1422 1878 ut
1433 1852 1558 1878 Memmio
1577 1851 1694 1880 daretur.

901 1890 951 1915 etsi
976 1894 1032 1916 erat
1056 1890 1169 1916 Neronis
1196 1889 1263 1916 mira
1287 1890 1430 1915 contentio.
1480 1889 1551 1921 Quid
1571 1888 1698 1923 quaeris?

901 1926 985 1953 Probe
1002 1927 1147 1961 premitur,
1171 1927 1223 1953 nisi
1242 1931 1331 1953 noster
1342 1927 1495 1961 Pompeius,
1513 1926 1567 1952 diis
1580 1926 1697 1952 homini-

902 1963 1008 1999 busque
1030 1965 1137 1995 invitis,
1161 1965 1298 1999 negotium
1319 1964 1454 1990 everterit.
1504 1965 1529 1990 ⁵2.
1560 1964 1697 1999 Cognosce

902 2009 974 2027 nunc
990 2001 1108 2028 hominis
1123 2001 1273 2032 audaciam,
1291 2005 1317 2028 et
1330 2001 1434 2037 aliquid
1447 2002 1473 2028 in
1486 2001 1624 2036 republica
1636 2009 1697 2036 per-

902 2038 957 2065 dita
973 2038 1115 2065 delectare.
1155 2039 1245 2071 Quum
1261 2039 1405 2069 Gabinius,
1421 2047 1592 2074 quacumque
1605 2039 1697 2064 venie-

902 2075 956 2107 bat,
966 2076 1134 2110 triumphum
1146 2085 1174 2102 se
1186 2076 1450 2111 postularedixisset,
1459 2076 1603 2111 subitoque
1610 2075 1696 2102 bonus

903 2113 1046 2148 imperator
1061 2118 1140 2140 noctu
1157 2114 1184 2140 in
1200 2114 1312 2144 Urbem.
1332 2114 1449 2140 hostium
1468 2113 1560 2148 plane,
1580 2113 1696 2139 invasis-

902 2155 955 2180 set,
979 2151 1004 2176 in
1026 2155 1149 2177 senatum
1165 2159 1194 2177 se
1211 2159 1262 2178 non
1278 2151 1470 2177 committebat.
1513 2150 1620 2176 {nterim
1638 2151 1696 2184 ipso

902 2186 1008 2213 decimo
1023 2187 1076 2218 die,
1094 2196 1148 2222 quo
1165 2188 1254 2222 ipsum
1269 2188 1408 2223 oportebat
1423 2188 1540 2215 hostium
1553 2195 1695 2213 numerum

903 2229 928 2250 et
947 2223 1065 2250 militum
1086 2225 1249 2255 renuntiare,
1271 2226 1298 2251 iu
1319 2233 1346 2251 re
1367 2225 1466 2256 haesit,
1489 2233 1595 2251 summa
1614 2223 1696 2250 infre-

902 2262 1022 2296 quentia.
1071 2260 1160 2294 Quum
1177 2261 1258 2288 vellet
1271 2263 1354 2293 exire,
1372 2271 1386 2288 a
1402 2261 1562 2288 consulibus
1578 2266 1696 2287 retentus

902 2303 954 2324 est:
972 2298 1116 2325 introducti
1127 2298 1277 2333 publicani.
1299 2299 1382 2325 llomo
1394 2299 1514 2334 undique
1525 2304 1600 2325 actus
1610 2306 1695 2333 quum

902 2344 916 2361 a
933 2344 975 2362 me
991 2336 1109 2362 maxime
1125 2335 1319 2366 vulneraretur,
1334 2345 1384 2363 uon
1398 2336 1467 2367 tulit,
1481 2341 1506 2362 et
1518 2344 1559 2362 me
1573 2335 1695 2362 trementi

903 2381 966 2399 voce
977 2372 1099 2399 exsulem
1111 2372 1268 2408 appellavit.
1304 2373 1360 2403 llic,
1373 2375 1398 2408 (o
1409 2373 1462 2399 diil
1485 2372 1554 2399 nihil
1566 2381 1694 2407 umquam

903 2410 1122 2437 honorificentius
1148 2410 1226 2436 nobis
1250 2410 1374 2445 accidit.)
1397 2410 1566 2437 consurrexit
1586 2415 1695 2436 senatus

901 2456 963 2474 cum
979 2447 1094 2474 clamore
1105 2447 1138 2473 ad
1150 2456 1244 2477 unum,
1262 2448 1310 2477 sic,
1325 2453 1353 2474 ut
1364 2448 1395 2474 ad
1407 2456 1505 2482 corpus
1516 2448 1575 2473 eius
1585 2447 1696 2473 accede-

902 2490 953 2511 ret:
990 2485 1047 2519 pari
1071 2484 1186 2511 clamore
1207 2490 1286 2520 atque.
1307 2485 1409 2519 impetu
1430 2484 1579 2520 publicani.
1624 2484 1695 2517 Quid

901 2522 1027 2556 quaeris?
1052 2530 1159 2553 omnes,
1178 2528 1314 2557 tamquam
1335 2523 1359 2549 si
1375 2527 1402 2549 tu
1418 2531 1505 2552 esses,
1524 2522 1558 2548 ita
1576 2521 1692 2548 fuerunt.

902 2559 974 2585 Nihil
997 2559 1136 2586 hominum
1158 2568 1280 2586 sermone
1301 2559 1364 2586 soris
1382 2559 1492 2586 clarius.
1533 2559 1589 2595 Ego
1605 2564 1692 2586 tamcu

901 2601 977 2623 teneo
987 2597 1021 2623 ab
1035 2597 1193 2627 accusando,
1207 2598 1253 2624 vix
1265 2597 1431 2624 mehercule:
1453 2596 1500 2623 sed
1508 2602 1594 2623 tamen
1607 2602 1692 2625 teneo.

902 2633 942 2659 vel
959 2634 1031 2669 quod
1043 2634 1104 2661 nolo
1114 2643 1175 2660 cum
1188 2635 1314 2669 Pompeio
1328 2643 1364 2669 pu
1386 2643 1457 2665 nare,
1473 2634 1548 2670 (satis
1559 2639 1608 2665 est,
1621 2633 1694 2669 quod

902 2671 981 2698 instat
999 2671 1032 2698 de
1048 2671 1167 2707 Milone.)
1183 2671 1224 2698 vel
1241 2672 1314 2707 quod
1331 2673 1357 2699 iu
1381 2673 1435 2699 ices
1451 2671 1539 2699 nullos
1551 2671 1691 2699 habemus.

1412 2721 1460 2746 102
1477 2719 1488 2731 '
