1941 3052
411 142 458 167 IN
491 141 690 167 VERREM
724 141 821 168 ACT.
849 142 880 167 11.

77 212 165 239 nissae
183 212 254 247 regis
271 211 304 238 ad
321 219 383 237 eum
403 211 490 237 locum
505 211 630 246 appulsa,
651 211 813 246 praefectum
829 220 870 237 re-

75 250 151 286 gium
165 249 257 275 dentes
271 249 403 275 eburneos
417 249 570 275 incredibili
584 249 769 285 magnitudine
782 257 796 275 e
809 248 870 275 sano

75 278 221 313 sustulisse
238 291 265 312 et
277 295 321 312 eos
335 287 362 312 in
375 285 492 312 Africam
507 269 644 321 portasse?
658 287 870 321 Masinissaeque

76 324 202 351 donasse:
225 332 314 359 regem
331 323 441 358 quidem
460 324 547 358 primo
564 324 723 350 delectatum
737 331 796 349 esse
810 331 871 349 mu-

77 370 152 388 nere:
173 365 245 396 post,
266 361 313 387 ubi
327 361 458 391 audisset,
479 361 551 387 unde
564 365 666 392 essent,
682 361 771 387 statim
785 365 870 387 certos

76 399 197 425 homines
210 399 238 424 in
252 398 440 433 quinqueremi
456 399 574 429 misisse,
595 399 642 432 qui
660 407 705 424 eos
723 398 815 424 dentes
829 405 871 423 re-

76 440 218 471 portarent.
246 437 338 470 Itaque
355 436 383 462 in
401 436 444 461 his
466 436 625 470 inscriptum
650 435 743 461 litteris
762 435 870 461 Punicis

77 474 140 500 fuit:
161 482 260 500 neci-:ii
278 482 454 499 iiasmissni
469 482 679 499 iiipnunnxreu
694 481 867 499 Accerisstzz

76 520 109 537 ns
133 520 271 541 COGMTA,
300 519 490 536 nspoxasnos
513 518 794 539 nsssriruennosoue
817 518 870 535 cn—

76 557 174 574 nAsse.
214 548 278 574 Erat
295 552 428 582 praeterea
442 556 536 583 magna
553 547 593 573 vis
607 547 707 577 eboris,
729 546 813 572 multa
827 555 871 572 or·-

76 590 207 616 namenta,
224 586 251 611 in
261 585 362 620 quibus
373 585 505 611 eburneae
516 585 653 614 Victoriae,
670 584 780 618 antiquo
791 592 869 617 opere

75 631 104 649 ac
118 631 224 648 summa
238 627 292 649 arte
306 622 446 657 perfectae.
488 622 544 648 ⁴04.
564 622 633 647 Haec
650 622 700 647 iste
713 621 816 651 omnia,
837 629 869 646 ne

75 659 168 687 multis
183 669 282 691 morer,
302 668 356 686 uno
370 660 471 702 impetu
481 663 564 701 *atque
578 667 631 684 uno
646 659 740 684 nuntio
753 666 800 692 per
813 666 870 684 ser-

76 706 122 724 vos
136 698 274 727 Venerios,
295 706 363 732 quos
378 697 436 722 eius
449 697 488 722 rei
502 704 595 722 caussa
611 696 732 725 miserat,
753 694 867 721 tollenda

74 739 154 770 atque
167 735 326 769 asportanda
339 734 451 760 curavit

75 772 126 798 les!
142 781 224 806 quem
238 780 286 807 ego
301 771 436 797 hominem
450 770 564 796 accuso?
576 779 658 805 quem
669 769 775 805 legibus
786 779 816 796 ac
826 771 868 796 iu-

73 809 163 836 diciali
177 810 234 835 iure
248 793 410 843 persequor‘7
423 807 455 834 de
469 816 523 842 quo
537 816 584 834 vos
597 808 757 834 sententiam
772 816 819 842 per
829 812 867 833 ta-

74 846 171 873 bellam
185 845 293 872 seretis‘?
305 846 401 872 Dicunt
416 845 493 880 legati
505 845 658 871 Melitenses
672 845 789 880 publice,
806 853 868 879 spo-

74 884 166 910 liatum
181 883 312 918 templum
327 891 386 909 esse
400 883 522 914 Iunonis;
538 882 606 909 nihil
620 883 704 909 istum
717 883 745 908 in
760 882 868 917 religio-

72 922 181 948 sissimo
199 920 259 947 sano
277 920 433 955 reliquisse,
453 928 536 954 quem
553 920 581 946 in
600 919 688 946 locum
706 920 805 946 classes
819 919 868 946 ho-

71 959 154 985 stium
173 967 252 992 saepe
269 958 442 988 accesserint,
467 957 514 984 ubi
532 958 632 992 piratae
650 956 704 983 fere
722 957 867 992 quotannis

72 996 188 1023 hiemare
202 996 315 1027 soleant,
341 995 414 1030 quod
428 1003 515 1029 neque
528 994 626 1029 praedo
639 994 779 1021 violaverit
792 999 867 1020 antea

70 1041 159 1068 neque
177 1033 261 1060 hostis
279 1033 408 1069 attigerit:
432 1032 461 1058 id
478 1032 511 1058 ab
530 1041 584 1058 uno
602 1033 653 1058 isto
671 1033 709 1058 sic
722 1031 866 1067 spoliatum

71 1079 138 1102 esse,
154 1075 184 1097 ut
198 1070 264 1097 nihil
279 1071 387 1097 omnino
401 1070 436 1096 sit
448 1069 581 1096 relictum.
613 1070 660 1096 Hic
673 1078 745 1096 nunc
759 1074 804 1095 aut
817 1070 867 1095 iste

71 1116 132 1134 reus
151 1113 196 1134 aut
213 1116 263 1144 ego
281 1112 417 1134 accusator
434 1111 480 1133 aut
497 1107 546 1133 hoc
565 1106 696 1133 iudicium
719 1106 867 1141 appellabi-
887 1126 889 1135 Α

71 1145 131 1172 tur‘?
143 1146 303 1172 criminibus
317 1146 388 1172 enim
404 1145 558 1180 coarguitur
571 1149 616 1171 aut
626 1144 828 1179 suspicionibus
839 1145 866 1170 in

70 1183 201 1210 iudicium
220 1182 346 1210 vocatur?
371 1182 413 1208 Dii
432 1182 528 1213 ablati,
548 1181 609 1208 sana
622 1186 731 1213 vexata,
751 1181 867 1208 nudatae

70 1221 151 1247 urbes
169 1221 354 1255 reperiuntur:
374 1228 467 1246 earum
485 1224 575 1246 autem
589 1228 680 1246 rerum
694 1219 797 1246 nullam
812 1219 865 1245 sibi

70 1259 121 1284 iste
139 1266 226 1293 neque
243 1257 377 1284 infitiandi
395 1257 525 1283 rationem
544 1265 632 1292 neque
650 1256 812 1283 defendendi
827 1256 867 1283 fa-

69 1295 195 1322 cultatem
210 1295 332 1330 reliquit:
348 1295 475 1322 omnibus
489 1295 517 1321 in
531 1295 612 1321 rebus
622 1295 776 1330 coarguitur
785 1303 800 1320 a
811 1303 863 1325 me,

68 1333 238 1359 convincitur
250 1341 264 1359 a
279 1333 407 1363 testibus.
424 1336 534 1367 urgetur
548 1331 716 1358 consessione
730 1340 792 1363 sua,
808 1340 866 1358 ma-

69 1370 176 1396 nifestis
190 1370 217 1396 in
232 1370 371 1396 maleficiis
385 1373 575 1400 tenetur‚—-et
585 1374 675 1395 manet
687 1369 768 1396 etiam
782 1378 812 1396 ac
826 1374 866 1396 ta-

68 1409 138 1434 citus
154 1407 220 1434 sacta
235 1416 341 1434 mecum
355 1416 404 1434 sua
418 1407 593 1442 recognoscit.

126 1447 183 1471 405.
200 1446 320 1471 Nimium
335 1445 403 1471 mihi
417 1444 464 1470 diu
479 1444 571 1470 videor
584 1445 613 1470 in
628 1452 681 1470 uno
692 1452 790 1480 genere
805 1452 865 1470 ver-

68 1483 121 1509 sari
133 1483 288 1509 criminum.
310 1482 410 1513 Sentio,
423 1481 536 1513 iudices,
546 1481 740 1508 occurrendum
751 1490 811 1508 esse
822 1489 865 1508 sa-

68 1521 151 1547 tietati
169 1521 275 1546 aurium
294 1520 499 1554 animorumque
522 1524 681 1546 vestrorum.
721 1518 807 1551 Quam
830 1518 864 1545 ob

68 1566 123 1584 rem
143 1557 226 1584 multa
244 1558 462 1592 praetermittam.
502 1556 543 1582 Ad
561 1565 591 1582 ea
609 1561 712 1587 autem,
736 1565 805 1591 quae
823 1556 863 1582 di-
885 1580 887 1587 ,

67 1599 160 1621 cturus
178 1603 252 1626 sum,
273 1595 372 1621 reficite
386 1603 446 1625 vos,
468 1602 580 1629 quaeso,
601 1594 718 1625 iudices,
740 1602 787 1628 per
800 1593 864 1620 deos
885 1590 887 1613 ἶ

67 1632 242 1659 immortales!
258 1640 306 1667 per
319 1641 363 1658 eos
377 1632 460 1667 ipsos,
476 1632 509 1658 de
523 1640 638 1666 quorum
652 1631 782 1666 religione
797 1631 864 1657 iam-

66 1669 113 1696 diu
127 1669 254 1701 dicimus,
270 1669 335 1696 dum
350 1669 377 1695 id
391 1670 450 1696 eius
464 1668 568 1695 facinus
579 1677 757 1695 commemoro
767 1673 792 1694 et
804 1677 864 1703 pro-

66 1706 130 1738 fero,
146 1715 201 1742 quo
211 1707 346 1742 provincia
358 1712 409 1733 tota
419 1711 549 1734 commota
560 1711 614 1732 est:
630 1706 663 1732 de
673 1715 727 1741 quo
738 1707 761 1732 si
773 1705 864 1740 paullo

66 1744 146 1771 altius
160 1744 241 1771 ordiri
256 1753 286 1770 ac
299 1749 416 1779 repetere
427 1744 582 1770 memoriam
594 1743 730 1779 religionis
742 1743 861 1774 videbor,

66 1781 204 1818 ignoscite.
244 1782 292 1808 Rei
309 1782 468 1817 magnitudo
485 1790 527 1808 me
545 1781 663 1808 breviter
684 1782 863 1816 perstringere

66 1820 227 1846 atrocitatem
245 1819 366 1846 criminis
385 1828 437 1846 non
450 1820 523 1846 sinit.
564 1818 680 1845 XLVIII.
704 1820 760 1845 ⁴06.
784 1819 863 1845 Vetus

66 1861 106 1883 est
119 1856 184 1883 haee
197 1857 299 1892 opinio,
319 1857 436 1888 iudices,
456 1866 525 1892 quae
542 1861 644 1883 constat
658 1865 691 1883 ex
705 1856 863 1891 antiquissi—

66 1894 117 1920 mis
131 1894 292 1921 Graecorum
307 1894 402 1921 litteris
415 1903 446 1921 ac
460 1894 650 1925 monumentis,
666 1894 782 1920 insulam
794 1893 863 1920 Sici-

66 1930 128 1958 liam
142 1936 223 1958 totam
237 1940 295 1958 esse
309 1931 398 1959 Cereri
411 1936 437 1958 et
451 1932 560 1958 Liberae
578 1936 768 1959 consecratam.
808 1931 862 1958 Hoc

65 1977 150 2004 quum
163 1974 264 1995 ceterae
276 1973 369 2004 gentes
382 1969 422 1996 sic
435 1969 609 2001 arbitrantur,
631 1974 687 1996 tum
703 1969 769 2004 ipsis
785 1968 862 1996 Sicu-

66 2005 98 2032 lis
112 2006 147 2032 ita
161 2014 321 2041 persuasum
335 2010 383 2038 est,
399 2011 430 2033 ut
443 2007 539 2033 animis
553 2015 646 2033 eorum
660 2007 772 2033 insitum
782 2011 862 2041 atque

66 2043 186 2070 innatum
201 2051 259 2070 esse
274 2043 404 2070 videatur.
434 2044 500 2070 Nam
515 2049 540 2070 et
554 2048 628 2070 natas
641 2052 700 2070 esse
715 2044 762 2070 has
776 2044 804 2070 in
818 2044 861 2070 his

66 2080 129 2107 locis
143 2079 206 2107 deas
220 2085 246 2107 et
259 2079 351 2116 fruges
365 2081 391 2108 in
406 2089 435 2107 ea
450 2085 516 2108 terra
531 2082 648 2116 primum
663 2086 780 2116 repertas
790 2081 862 2108 arbi-

64 2122 180 2144 trantur:
196 2122 222 2144 et
235 2122 336 2153 raptam
350 2126 409 2145 esse
423 2118 555 2150 Liberam,
570 2127 652 2153 quam
667 2118 787 2145 eamdem
799 2119 862 2145 Pro—

64 2156 200 2198 serpinam
215 2160 317 2186 vocant,
335 2164 368 2182 ex
378 2156 560 2182 Hennensium
575 2164 696 2182 nemore:
712 2157 760 2191 qui
775 2155 858 2187 locus.

64 2192 136 2228 quod
154 2193 181 2219 in
199 2192 287 2219 media
310 2197 351 2219 est
372 2192 460 2219 insula
483 2194 564 2224 situs
590 2193 736 2220 umbilicus
753 2193 861 2220 Siciliae

64 2231 229 2257 nominatur:
257 2238 339 2265 quam
361 2238 446 2265 quum
470 2231 631 2267 investigare
653 2235 679 2257 et
703 2232 860 2266 conquirere

64 2266 142 2294 Ceres
161 2267 254 2298 vellet,
277 2267 377 2294 dicitur
394 2266 574 2294 inflammasse
587 2268 698 2294 taedas
691 2269 724 2295 iis
738 2268 857 2310 ignibus,

63 2305 111 2341 qui
124 2313 158 2332 ex
167 2305 266 2332 Aetnae
281 2305 378 2331 vortice
392 2309 551 2348 erumpunt:
566 2314 634 2340 quas
644 2306 696 2332 sibi
706 2314 791 2341 quum
803 2306 860 2340 ipsa

65 2341 214 2377 praeferret,
230 2342 321 2369 orbem
335 2343 456 2369 omnium
471 2351 625 2378 peragrasse
638 2347 777 2370 terrarum.
800 2344 858 2369 ⁴07.

65 2379 154 2407 Henna
167 2384 270 2411 autem,
292 2379 338 2406 ubi
353 2388 396 2409 ea,
416 2388 486 2414 quae
499 2379 572 2411 dico,
593 2385 667 2416 gesta
686 2388 744 2406 esse
758 2389 860 2407 merno-

65 2421 163 2448 rantur,
178 2422 219 2444 est
233 2416 290 2444 loco
303 2417 437 2452 praecelso
451 2422 530 2452 atque
543 2417 627 2444 edito:
643 2426 698 2452 quo
712 2418 739 2444 in
753 2426 860 2444 summo

65 2457 104 2481 eat
121 2459 232 2490 aequata
250 2455 306 2490 agri
325 2454 449 2497 planities
469 2460 495 2481 et
517 2463 602 2490 aquae
624 2463 779 2490 peremnes3
807 2459 858 2481 tota

66 2498 126 2518 vero
143 2492 177 2519 ab
194 2492 267 2519 omni
285 2491 358 2518 aditu
377 2492 535 2518 circumcisa
553 2497 633 2527 atque
653 2491 784 2527 dirempta
807 2497 858 2519 est.

64 2527 149 2561 Quum
165 2530 235 2556 circa
254 2528 328 2555 lacus
348 2529 456 2572 lucique
473 2534 537 2556 sunt
556 2529 665 2564 plurimi
680 2534 706 2555 et
720 2529 858 2556 laetissimi

65 2563 140 2593 flores
151 2567 225 2593 omni
239 2571 357 2601 tempore
371 2567 447 2593 anni:
465 2566 538 2593 locus
554 2572 581 2594 ut
596 2568 653 2602 ipse
663 2571 767 2601 raptum
780 2566 857 2594 illum

65 2603 189 2639 virginis.
214 2611 296 2639 quem
319 2605 372 2630 iam
389 2612 404 2630 a
422 2605 513 2639 pueris
535 2605 701 2639 accepimus,
726 2603 858 2630 declarare

65 2639 195 2668 videatur.
234 2641 340 2668 Etenim
354 2649 436 2676 prope
449 2645 490 2668 est
499 2641 627 2677 spelunca
638 2641 779 2677 quaedum
795 2650 858 2668 eon-

66 2685 140 2704 verea
158 2678 190 2705 ad
209 2677 376 2714 aquilonem,
401 2678 503 2705 infinita
522 2679 675 2710 altitudine,
700 2688 753 2714 qua
773 2679 857 2705 Ditem

492 733 595 759 XLVII
616 733 665 759 Pro
680 733 717 759 dii
732 733 869 759 immorta—
888 756 889 761 ,

915 142 934 167 L
949 142 958 167 1
973 142 1000 167 B.
1028 142 1070 167 1v.
1105 141 1124 167 C
1138 142 1159 167 A
1174 142 1202 167 P.
1230 143 1260 168 44
1281 157 1317 161 —
1337 144 1378 168 50.
1659 144 1709 169 323

922 216 1022 246 patrem
1046 211 1134 238 serunt
1156 217 1262 247 repente
1284 221 1346 238 cum
1367 221 1448 239 curru
1467 213 1613 242 exstitisse,
1639 212 1716 238 abre-

921 254 1048 284 ptamque
1067 258 1100 275 ex
1118 258 1148 275 eo
1166 249 1222 276 loco
1241 250 1372 285 virginem
1389 258 1481 276 secum
1501 254 1662 284 asportasse,
1691 255 1717 276 et

921 286 1011 312 subito
1029 295 1080 313 non
1100 286 1177 322 longe
1195 295 1209 312 a
1223 286 1364 322 Syracusis
1382 291 1534 321 penetrasse
1553 286 1604 313 sub
1623 292 1713 317 terras,

923 323 1064 358 lacumque
1078 324 1105 350 in
1120 333 1150 350 eo
1165 323 1221 350 loco
1235 330 1343 358 repente
1356 324 1504 351 exstitisse:
1522 324 1569 350 ubi
1583 332 1669 358 usque
1683 324 1717 350 ad

897 365 899 376 ⁴
923 361 971 386 hoc
999 366 1103 394 tempus
1130 361 1291 396 Syracusani
1322 361 1402 388 festos
1433 361 1490 387 dies
1521 362 1716 388 anniversarios

922 403 1004 430 agunt
1022 391 1195 425 celeberrimo
1214 399 1331 425 virorum
1351 398 1550 433 mulierumque
1572 404 1714 425 conventu.

922 426 1017 461 XLIX
1040 436 1148 470 Propter
1163 436 1244 462 huius
1258 437 1392 470 opinionis
1402 440 1570 467 vetustatem,
1586 436 1659 470 quod
1673 445 1717 462 eo-

921 481 980 498 rum
999 473 1026 498 in
1047 473 1088 498 his
1108 473 1171 499 locis
1190 474 1302 508 iestigia
1320 482 1349 500 ac
1369 482 1450 508 prope
1464 473 1626 499 incunabula
1641 482 1717 508 repe-

921 510 1027 535 riuntur
1041 510 1165 541 deorum,
1189 511 1255 536 mira
1259 495 1403 545 *quaedam
1420 515 1471 537 tota
1486 510 1576 537 Sicilia
1590 511 1716 545 privatim

921 555 950 572 ac
974 547 1080 581 publice
1106 547 1200 582 religio
1225 552 1266 574 est
1288 548 1390 575 Cereris
1412 548 1570 574 Hennensis.
1610 548 1716 574 Etenim

922 584 1004 610 multa
1025 593 1103 619 saepe
1122 584 1242 619 prodigia
1258 586 1312 611 vim
1327 586 1385 611 eius
1400 594 1554 620 numenque
1567 585 1714 612 declarant:

921 621 1014 647 multis
1028 630 1107 656 saepe
1121 622 1149 647 in
1162 621 1331 648 difficillimis
1346 623 1425 648 rebus
1441 631 1564 656 praesens
1583 622 1715 648 auxilium

920 659 978 684 eius
992 659 1111 685 oblatum
1125 664 1177 689 est,
1194 664 1222 685 ut
1237 659 1301 685 haec
1315 659 1402 685 insula
1417 660 1449 685 ab
1463 669 1492 685 ea
1507 669 1559 686 non
1573 659 1660 686 solum
1675 659 1717 685 di-

921 695 977 731 ligi,
994 696 1042 722 sed
1056 697 1135 722 etiam
1148 696 1228 722 incoli
1239 697 1423 731 custodirique
1435 697 1565 723 videatur.
1591 699 1645 723 ¹08.
1662 698 1716 723 Nec

920 733 1008 759 solum
1020 733 1113 764 Siculi,
1130 742 1224 759 verum
1239 735 1317 760 etiam
1329 739 1429 760 ceterae
1439 738 1531 768 gentes
1543 735 1716 769 nationesque

919 770 1088 796 Hennensem
1115 770 1237 797 Cererem
1264 772 1379 797 maxime
1405 772 1504 797 colunt.
1545 772 1663 802 Etenim,
1692 773 1716 798 si

919 807 1124 834 Atheniensium
1139 817 1211 834 sacra
1225 817 1331 834 summa
1342 808 1486 851 cupiditate
1497 813 1666 843 expetuntur,
1683 809 1716 834 ad

919 853 988 879 quos
1007 845 1085 871 Ceres
1103 846 1130 871 in
1148 845 1195 872 illo
1213 854 1300 872 errore
1320 847 1426 872 =‚enisse
1449 846 1548 872 dicitur
1569 846 1716 881 frugesque

920 882 1055 909 attulisse:
1083 888 1210 917 quantam
1228 892 1287 909 esse
1306 883 1462 920 religionem
1475 884 1598 909 convenit
1612 892 1713 913 eorum,

920 919 991 954 apud
1009 929 1077 955 quos
1095 929 1154 946 eam
1172 925 1259 947 natam
1278 929 1337 947 esse
1355 926 1380 947 et
1399 921 1510 956 fruges
1504 921 1639 946 invenisse
1653 929 1716 947 con-

919 957 988 983 stat‘?
1001 958 1092 992 ltaque
1106 958 1178 992 apud
1192 963 1279 992 patres
1294 963 1397 985 nostros
1410 959 1490 984 atroci
1504 967 1533 984 ac
1546 958 1650 984 difficili
1665 959 1716 984 rei-

919 994 1042 1029 publicae
1063 1000 1192 1029 tempore,
1214 1004 1300 1030 quum
1315 996 1354 1022 Ti.
1371 996 1491 1022 Graccho
1504 996 1590 1022 occiso
1605 1004 1717 1031 magno-

919 1041 978 1058 rum
999 1032 1179 1067 periculorum
1204 1038 1292 1059 metus
1315 1042 1349 1060 ex
1371 1034 1481 1060 ostentis
1504 1033 1713 1068 portenderetur,

918 1069 947 1095 P.
967 1070 1055 1096 Mucio
1079 1070 1108 1096 L.
1134 1070 1279 1105 Calpurnio
1301 1071 1471 1102 consulibus,
1496 1070 1598 1096 aditum
1622 1076 1661 1096 est
1683 1070 1716 1096 ad

919 1106 1000 1133 libros
1015 1107 1176 1143 Sibyllinos:
1200 1109 1228 1134 in
1241 1108 1343 1143 quibus
1357 1109 1496 1135 inventum
1511 1113 1559 1139 est,
1576 1117 1715 1134 cansam·

919 1154 1154 1175 snrionissimsu
1177 1155 1302 1172 uncant
1326 1155 1488 1173 oronrsns.
1529 1146 1597 1172 Tum
1612 1154 1645 1172 ex
1659 1154 1716 1171 am—

918 1181 1041 1216 plissimo
1059 1182 1170 1218 collegio
1189 1183 1360 1209 decemvirali
1381 1183 1530 1210 sacerdotes
1554 1183 1646 1217 populi
1665 1183 1716 1209 Ro—

918 1220 1003 1251 mani,
1024 1228 1109 1254 quum
1128 1225 1198 1246 esset
1215 1221 1243 1247 in
1257 1221 1327 1247 Urbe
1346 1226 1434 1247 nostra
1449 1220 1551 1247 Cereris
1566 1220 1716 1255 pulcherri-

918 1266 993 1283 mum
1008 1262 1033 1283 et
1047 1257 1344 1293 magnificentissimum
1359 1258 1504 1293 templum,
1526 1263 1614 1284 tamen
1630 1266 1715 1292 usque

918 1295 1038 1321 Hennam
1057 1295 1166 1329 profecti
1185 1301 1257 1322 sunt.
1299 1297 1381 1322 Tanta
1399 1297 1471 1322 enim
1495 1300 1550 1322 erat
1573 1296 1714 1322 auctoritas

918 1336 943 1357 et
957 1337 1075 1358 vetustas
1089 1332 1163 1359 illius
1177 1332 1325 1369 religionis,
1342 1338 1380 1364 ut,
1396 1342 1481 1368 quum
1494 1333 1558 1359 illuc
1569 1334 1645 1363 irent,
1663 1342 1714 1358 non

917 1369 950 1395 ad
968 1369 1060 1396 aedem
1079 1370 1195 1401 Cereris,
1220 1371 1268 1397 sed
1286 1371 1319 1397 ad
1337 1372 1423 1405 ipsam
1443 1370 1564 1397 Cererem
1583 1370 1714 1405 proticisci

918 1406 1080 1433 viderentur.
1123 1409 1179 1433 ⁴09.
1205 1408 1262 1434 Non
1285 1408 1432 1435 obtundam
1455 1408 1568 1434 diutius.
1610 1408 1713 1434 Etenim

917 1444 1075 1471 iamdudum
1091 1454 1191 1475 vereor,
1208 1454 1241 1471 ne
1251 1446 1333 1472 oratio
1345 1454 1401 1472 mea
1412 1446 1497 1472 aliena
1509 1446 1541 1471 ab
1553 1445 1713 1471 iudiciorum

917 1482 1015 1508 ratione
1029 1487 1055 1508 et
1067 1482 1222 1517 quotidiana
1232 1483 1338 1509 dicendi
1349 1482 1542 1509 consuetudine
1554 1491 1612 1508 esse
1624 1482 1715 1508 videa·

917 1524 968 1545 tur.
1010 1520 1064 1545 Hoc
1077 1519 1145 1550 dico,
1163 1520 1327 1555 hancipsam
1339 1520 1468 1551 Cererem,
1486 1520 1711 1555 antiquissimam,

917 1557 1160 1592 religiosissimam,
1178 1558 1326 1592 principem
1340 1559 1460 1584 oninium
1475 1566 1625 1587 sacrorum,
1645 1566 1714 1592 quae

916 1595 987 1629 apud
1001 1603 1093 1621 omnes
1107 1600 1200 1630 gentes
1220 1597 1394 1630 nationesque
1413 1596 1493 1626 siunt,
1513 1604 1528 1621 a
1543 1595 1571 1621 C.
1588 1595 1667 1621 Verre
1681 1603 1713 1621 ex

916 1632 974 1658 suis
988 1632 1095 1666 templis
1109 1641 1138 1658 ac
1152 1632 1263 1659 sedibus
1277 1642 1336 1659 esse
1350 1633 1493 1659 sublatam.
1534 1632 1586 1664 Qui
1601 1633 1714 1658 accessi—

915 1669 964 1695 stis
978 1669 1110 1700 }lennam,
1128 1670 1234 1696 vidistis
1248 1670 1423 1696 simulacrum
1438 1670 1540 1696 Cereris
1555 1678 1568 1695 e
1584 1678 1713 1696 marmore

915 1711 940 1733 et
954 1707 981 1733 in
995 1706 1077 1733 altero
1090 1707 1190 1742 templo
1204 1708 1327 1734 Liberae:
1357 1713 1421 1734 sunt
1439 1716 1468 1733 ea
1484 1707 1619 1742 perampla
1634 1712 1712 1742 atque

916 1743 1062 1778 praeclara,
1085 1744 1133 1771 sed
1151 1754 1203 1771 non
1222 1746 1257 1771 ita
1276 1746 1393 1780 antiqua.
1436 1745 1476 1771 Ex
1490 1753 1549 1770 aere
1564 1744 1613 1770 suit
1627 1744 1713 1779 quod-

914 1781 985 1812 dam,
1002 1781 1104 1808 modica
1119 1782 1296 1817 amplitudine
1311 1791 1340 1809 ac
1353 1782 1484 1817 singulari
1498 1790 1586 1817 opere.
1602 1790 1664 1808 cum
1676 1781 1713 1807 sa-

914 1819 1005 1851 cibus,
1027 1820 1230 1855 perantiquum,
1250 1821 1373 1846 omnium
1388 1820 1508 1850 illorum,
1526 1828 1595 1854 quae
1609 1824 1671 1845 sunt
1686 1820 1712 1845 iu

914 1865 944 1883 eo
959 1856 1027 1888 fano,
1044 1857 1129 1884 multo
1143 1858 1373 1892 antiquissimum.
1400 1857 1428 1884 Id
1442 1856 1566 1889 sustulit,
1583 1866 1611 1883 ac
1626 1861 1711 1882 tamen

914 1902 944 1921 eo
962 1899 1103 1921 contentus
1121 1904 1173 1922 non
1192 1894 1251 1921 suit.
1294 1897 1350 1921 ΗΟ.
1372 1895 1439 1922 Ante
1457 1895 1549 1921 aedem
1564 1894 1666 1921 Cereris
1686 1894 1712 1920 in

914 1936 1004 1966 aperto
1013 1940 1043 1958 ac
1054 1932 1194 1967 propatulo
1205 1932 1261 1959 loco
1271 1933 1347 1968 signa
1358 1932 1411 1959 duo
1421 1937 1492 1962 sunt,
1502 1932 1604 1958 Cereris
1616 1940 1708 1962 unum,

914 1969 1026 1996 alterum
1041 1969 1206 2004 Triptolemi,
1222 1975 1248 1996 et
1261 1970 1440 2005 pulcherrima
1455 1975 1479 1996 et
1495 1968 1640 2004 perampla.
1665 1969 1711 1995 llis

914 2006 1087 2042 pulchritudo
1100 2007 1228 2042 periculo,
1244 2007 1393 2042 amplitudo
1406 2007 1486 2034 saluti
1502 2006 1565 2037 suit,
1581 2006 1654 2041 quod
1667 2015 1713 2033 eo-

914 2053 974 2070 rum
988 2044 1126 2071 demolitio
1139 2049 1218 2080 atque
1230 2045 1372 2080 asportatio
1383 2044 1549 2079 perdifficilis
1560 2044 1709 2070 videbatur.

914 2082 1055 2108 Insistebat
1073 2083 1100 2108 in
1119 2091 1199 2108 manu
1219 2082 1322 2109 Cereris
1339 2082 1431 2109 dextra
1450 2081 1624 2108 simulacrum
1649 2081 1712 2116 pul-

912 2119 1043 2146 cherrime
1062 2119 1160 2146 sactum
1176 2120 1318 2146 Victoriae:
1349 2120 1398 2146 hoc
1416 2120 1465 2146 iste
1484 2128 1498 2145 e
1516 2119 1594 2154 signo
1608 2118 1710 2145 Cereris

912 2156 1083 2183 avellendum
1104 2157 1350 2192 asportandumque
1373 2157 1485 2183 curavit.
1527 2157 1556 2182 L.
1581 2155 1633 2188 Qui
1653 2160 1710 2182 tan-

912 2194 972 2220 dem
988 2195 1066 2220 istius
1080 2195 1186 2220 animus
1200 2199 1240 2220 est
1254 2203 1325 2221 nunc
1339 2195 1366 2220 in
1382 2194 1560 2229 recognitione
1577 2193 1708 2219 scelerum

911 2239 1036 2262 suorum,
1056 2240 1142 2266 quum
1160 2240 1209 2267 ego
1227 2233 1285 2266 ipse
1304 2232 1331 2258 in
1348 2231 1599 2258 commemoratione
1617 2239 1708 2256 eorum

913 2278 963 2295 non
977 2268 1066 2295 solum
1081 2269 1170 2295 animo
1186 2277 1369 2299 commovear,
1391 2277 1483 2295 verum
1503 2269 1582 2294 etiam
1601 2276 1708 2302 corpore

912 2305 1129 2340 perhorrescam?
1154 2306 1231 2333 Venit
1245 2306 1315 2333 enim
1331 2306 1398 2332 mihi
1413 2305 1480 2336 sani,
1498 2305 1556 2335 loci,
1572 2304 1708 2338 religionis

912 2343 986 2369 illius
1001 2343 1026 2369 in
1043 2348 1172 2369 mentem:
1193 2348 1333 2369 versantur
1346 2348 1406 2370 ante
1419 2342 1511 2369 oculos
1525 2342 1627 2369 omnia:
1651 2341 1708 2367 dies

912 2380 970 2410 ille,
990 2388 1045 2415 quo
1058 2389 1107 2415 ogo
1121 2380 1239 2406 liennam
1253 2389 1338 2415 quum
1354 2381 1501 2410 venissem,
1522 2384 1627 2414 praesto
1640 2379 1706 2405 mihi

911 2417 1060 2443 sacerdotes
1079 2417 1182 2444 Cereris
1199 2426 1261 2444 cum
1281 2417 1374 2444 infulis
1393 2426 1422 2444 ac
1441 2417 1564 2443 verbenis
1583 2415 1704 2442 suerunt:

888 2469 889 2473 =
910 2456 1001 2481 concio
1019 2459 1221 2489 conventusque
1239 2455 1355 2485 civium,
1384 2455 1409 2481 in
1428 2463 1483 2489 quo
1500 2462 1550 2489 ego
1567 2462 1653 2488 quum
1669 2453 1707 2480 lo-

910 2500 1019 2527 querer.
1037 2492 1101 2518 tanti
1116 2491 1192 2518 lli-tus
1206 2492 1377 2527 gemitusque
1392 2491 1501 2522 licliant,
1523 2496 1552 2518 ut
1565 2491 1707 2517 acerbissi-

911 2538 971 2555 mus
991 2533 1041 2555 tote
1061 2529 1127 2555 urbe
1147 2529 1236 2556 luctus
1259 2530 1357 2556 versari
1383 2529 1526 2555 videretur.
1569 2529 1625 2554 tu.
1649 2528 1705 2554 Non

910 2566 949 2593 illi
967 2566 1141 2593 decumarum
1160 2566 1284 2601 imperia.
1310 2575 1361 2593 non
1383 2565 1513 2592 bonorum
1531 2565 1702 2600 direptiones.

911 2612 962 2631 non
976 2604 1068 2639 iniqua
1083 2603 1194 2634 iudicia,
1216 2612 1268 2630 non
1286 2604 1531 2638 importunissimas
1550 2603 1628 2629 istius
1645 2602 1705 2629 libi—

909 2641 999 2672 dines,
1023 2649 1074 2668 non
1089 2641 1157 2671 vim.
1175 2649 1226 2668 non
1239 2640 1428 2671 contumelias.
1443 2641 1545 2676 quibus
1558 2641 1643 2675 operti
1657 2649 1705 2675 op-

909 2679 1049 2714 pressique
1062 2683 1144 2708 erant.
1159 2678 1404 2713 conquerebantur:
1419 2677 1522 2706 Cereris
1537 2686 1645 2708 numen,
1661 2686 1704 2703 sa-

1439 2725 1496 2750 tt·
