1941 3052
217 124 281 148 ⁴122
779 120 834 144 ιε’-3.
869 118 903 144 Μ.
937 117 968 143 Τ.

271 192 349 218 xlv.
374 192 425 217 Nee.
443 199 504 215 vero
520 189 584 215 hnm-
596 187 682 213 soluru
699 187 868 214 admirabilia
879 207 885 218 ,
901 187 947 213 sed
965 189 1008 214 ni-

215 230 252 256 hil
269 230 367 257 maius,
386 237 465 262 quam
481 226 551 260 quod
565 227 598 251 ita
610 225 715 250 stabilis
726 231 765 250 est
778 225 908 254 mundus,
927 229 1007 259 utque
1034 201 1036 245 l

216 268 248 293 itu
265 267 386 292 volun—ret
403 265 434 290 tul
448 262 671 298 porinum-ndum,
689 267 716 288 ut
733 262 799 288 nihil
817 271 849 288 nc
861 262 1006 294 excogitari

214 304 323 339 quidem
341 303 422 336 pov-it
434 302 531 335 aptius.
563 301 662 325 Omnes
673 300 744 325 euim
757 304 844 334 partes
856 300 915 325 eius
927 299 1007 325 undi-
1034 282 1035 317 l

213 350 266 375 qiu·
283 340 399 366 uin-dium
419 339 503 364 locum
521 342 690 372 canpe—ssentes
706 337 828 363 nituntur
848 336 1004 371 aequaliter.
1034 333 1035 370 ¹

215 379 328 404 Maxime
348 381 434 402 nutem
456 384 564 409 corpora
588 375 655 400 inter
674 384 702 399 se
726 374 813 400 iuncta
839 378 1004 408 peruuineut,
1026 379 1035 415 ¹

213 424 296 449 quun·
311 414 425 448 quodam
439 413 515 447 quasi
531 411 637 437 vinculo
651 411 816 437 circumlato
829 410 1004 444 colligantur:
1026 407 1035 433 3¹

213 451 283 486 quud
298 451 357 476 savit
369 460 397 475 ea
412 455 591 483 iiatttra,‹pme
599 457 756 483 peromnem
766 448 1004 477 mundiumomnia

213 494 299 514 mente
316 493 339 513 et
353 488 451 513 ratione
462 487 605 512 contii-iens
619 485 740 511 funditur
751 486 818 511 etad
832 485 951 511 medium
964 494 1007 511 ra·
1026 484 1034 519 ¹¹

212 527 249 560 pit
262 531 284 551 et
297 525 427 550 convertit
443 529 570 550 extrema.
614 524 669 549 llss.
691 523 834 555 Quocirca,
851 523 874 548 si
888 522 1006 548 mundus
1026 523 1034 558 ¹

211 561 544 596 globosusestobeamque
554 569 676 586 caussam
688 569 782 586 omnes
793 561 1006 595 eiuspartesun-
1026 567 1034 602 ¹¹

211 600 292 634 dique
304 598 460 633 aequabiles
474 599 545 632 ipsae
558 607 604 632 per
615 606 643 623 sc
655 602 734 632 atquc
748 598 816 624 inter
826 607 854 623 se
865 598 1006 623 continen-

212 643 265 663 tur:
289 637 443 671 contingere.
469 635 538 661 idem
556 640 638 661 terrae
655 643 762 661 necesse
777 640 829 665 est,
856 640 897 665 ut,
917 635 1005 660 omni-
1025 646 1034 659 «ι

211 675 332 700 buseius
354 673 474 707 partibus
497 673 522 699 in
545 672 664 698 inedium
688 672 876 707 vergentibus,
899 671 935 706 (id
957 680 1006 697 au-
1032 662 1034 708 l

211 716 262 738 tem
289 710 407 736 medium
431 710 552 736 intimum
575 710 599 735 in
622 709 734 743 sphaera
755 710 816 743 est.)
835 709 902 735 niliil
923 710 1005 735 inter-

210 754 324 783 rumpat,
339 756 392 782 quo
404 747 555 773 labefactari
570 747 653 781 possit
664 751 732 773 tanta
744 748 877 773 contentio
887 748 1006 782 gravita-
1026 750 1033 780 1,

210 787 243 812 tis
267 791 291 812 et
310 785 469 820 ponderum.
510 784 665 819 Eademque
688 785 788 810 ratione
809 793 893 815 mare.
919 792 1004 819 quum
1026 781 1034 834 ¹¹

208 832 289 857 supra
302 828 396 849 terram
411 822 458 852 sit.
478 821 596 848 medium
615 826 701 847 tamen
719 826 802 847 terrae
819 821 906 847 locum
922 830 1005 856 expe-
1026 845 1027 850 ,

209 865 267 886 tens
282 859 457 893 conglobatur
474 859 594 893 undique
608 859 786 893 aequabiliter
802 867 888 893 neque
906 858 1005 885 redun-

209 897 252 923 dat
278 906 405 931 uniquam
433 905 519 931 neque
543 896 699 922 ellumlitur.
747 897 802 922 ⁴17.
825 896 891 921 lluic
915 901 1004 922 autem

208 935 348 960 mutim-ns
359 943 404 959 aer
416 933 498 959 fertur
510 933 554 959 ille
565 933 675 968 quidem
689 933 794 959 levitate
806 933 942 964 sublimis,
956 934 1003 959 sed

210 977 295 998 tzmwn
311 973 334 997 in
347 980 440 997 omnes
452 976 539 1005 partes
553 980 581 996 se
597 971 653 1005 ipse
669 970 771 996 fundit:
791 971 879 1005 itaque
895 976 920 996 et
937 972 1003 997 mari

207 1009 378 1035 continuatus
390 1013 414 1034 et
428 1009 534 1034 iunctus
545 1012 593 1038 est,
607 1012 632 1034 et
643 1013 735 1034 natura
749 1007 832 1034 fertur
843 1007 875 1033 ad
887 1007 1000 1038 caelum,

207 1046 286 1072 cuius
299 1046 425 1072 tenuitate
436 1050 460 1071 et
471 1045 557 1071 calore
573 1050 734 1079 temperatus
749 1045 856 1071 vitalem
868 1050 893 1071 et
904 1045 1004 1072 saluta-

207 1092 262 1110 rem
275 1084 400 1118 spiritum
413 1083 521 1117 praebet
534 1082 726 1108 animantibus.
766 1082 851 1114 Quem
864 1082 1002 1117 complexa

207 1129 312 1146 summa
325 1129 385 1155 pars
397 1120 478 1150 caeli,
492 1120 538 1154 qui
550 1119 640 1145 aether
651 1119 763 1149 dieitur,
781 1124 806 1145 et
815 1128 896 1145 suum
909 1121 1004 1146 retinet
1024 1143 1025 1156 ¹

207 1157 327 1184 ardorem
351 1163 456 1183 tenuem
478 1163 503 1183 et
524 1157 595 1182 nulla
617 1156 782 1183 admixtione
802 1162 956 1183 concretum
978 1163 1004 1184 et

206 1204 267 1221 cum
283 1195 351 1221 aeris
363 1195 528 1220 extremitato
539 1194 722 1229 coniungitur.
765 1193 856 1220 XLVI.
873 1195 900 1220 ln
912 1194 1003 1221 aethe—
1024 1205 1025 1225 ¹

207 1242 233 1258 re
245 1237 333 1258 autem
344 1237 412 1258 astra
424 1231 581 1263 volvuntur;
599 1239 667 1266 quac
679 1240 707 1257 se
718 1236 743 1257 et
755 1232 820 1257 nixu
833 1240 882 1257 suo
893 1232 1003 1268 conglo-

206 1269 265 1295 bata
277 1270 425 1300 continent,
448 1273 473 1295 ct
490 1268 571 1295 forma
587 1269 644 1303 ipsa
657 1268 796 1303 figuraque
808 1277 856 1295 sua
869 1275 1002 1296 momenta
1030 1295 1032 1299 ,

204 1311 367 1333 sustentant:
382 1310 444 1332 sunt
455 1306 526 1332 enim
539 1305 665 1332 rotunda:
678 1306 780 1341 quibus
792 1305 894 1336 formis.
904 1312 932 1333 ut
942 1312 1002 1333 ante
1024 1317 1025 1334 1

204 1344 307 1370 dixisse
320 1344 420 1373 videor,
435 1344 546 1369 minime
559 1344 647 1369 noceri
658 1348 754 1378 potest.
798 1345 853 1370 ⁴18.
874 1344 943 1370 Sunt
954 1353 1003 1371 au-

204 1386 257 1408 tem
269 1381 361 1408 stellae
373 1386 465 1407 natura
478 1380 628 1407 flammeae:
651 1381 775 1416 quocirca
792 1386 889 1413 terrae,
908 1383 999 1413 maris,

204 1427 334 1454 aquarum
348 1418 494 1453 vaporibus
506 1417 614 1444 aluntur
626 1419 668 1449 iis,
682 1418 729 1453 qui
741 1426 754 1444 a
767 1418 822 1445 sole
834 1427 867 1445 ex
879 1420 951 1454 agris
963 1424 1002 1446 te·
1022 1435 1023 1454 1

204 1456 315 1491 peractis
331 1461 355 1482 et
370 1464 404 1482 ex
419 1456 497 1490 aquis
509 1456 672 1487 excitantur;
696 1455 798 1490 quibus
810 1455 877 1482 altae
889 1465 1002 1483 renova-

203 1499 298 1528 taeque
315 1493 407 1519 stellae
419 1498 498 1528 atque
509 1494 598 1519 omnis
610 1493 701 1519 aether
712 1492 860 1520 retundunt
871 1494 963 1520 eadem
976 1499 1002 1521 et
1022 1490 1023 1514 3

203 1540 310 1557 rursum
323 1530 431 1557 trahunt
443 1530 573 1560 indidem,
582 1530 650 1556 nihil
663 1535 691 1556 ut
703 1529 756 1556 fere
769 1531 888 1562 intereat.
898 1536 942 1558 aut
953 1531 1002 1557 ad·
1022 1538 1031 1572 ¹

203 1568 313 1594 modum
334 1567 456 1602 paullum
465 1588 471 1599 ,
497 1567 569 1602 quod
593 1572 724 1593 astrorum
746 1568 818 1603 ignis
840 1573 865 1594 et
884 1569 1000 1595 aetheris
1022 1576 1031 1589 ¹·

202 1605 307 1631 flamma
323 1606 466 1631 consumit.
507 1605 547 1631 Ex
563 1613 616 1639 quo
631 1609 791 1631 eventurum
808 1607 890 1632 nostri
906 1611 1001 1641 putant
1021 1594 1030 1643 ¹2

202 1642 245 1673 id,
263 1643 295 1668 de
307 1652 360 1677 quo
373 1643 527 1668 Panaetium
543 1641 702 1668 addubitare
712 1642 851 1673 dicebant,
868 1648 897 1669 ut
907 1643 940 1669 ad
952 1652 1000 1670 ex·
1021 1648 1030 1663 ¹·

202 1684 316 1706 tremum
340 1681 428 1706 omnis
445 1679 563 1705 mundus
580 1680 741 1714 ignosceret,
764 1688 863 1714 quum,
887 1680 999 1709 humore

202 1722 369 1751 consumpto,
379 1722 540 1752 nequeterra
553 1716 587 1743 ali
599 1722 688 1752 posset
700 1725 787 1752 neque
798 1724 928 1746 remearet
939 1728 996 1749 aer:

202 1755 280 1780 cuius
291 1760 373 1782 ortus,
387 1763 455 1790 aqua
466 1755 538 1781 omni
551 1755 691 1786 exhausta,
704 1764 763 1782 esse
777 1764 829 1782 non
841 1762 944 1791 posset:
963 1758 998 1783 ita

202 1791 319 1826 relinqui
332 1792 399 1817 nihil
412 1797 515 1826 praeter
529 1793 632 1827 ignem,
650 1801 664 1818 a
679 1801 733 1827 quo
744 1802 852 1819 rursum
864 1795 999 1820 animante

202 1837 231 1855 ac
243 1828 292 1855 deo
305 1830 440 1855 renovatio
452 1829 546 1855 mundi
559 1829 641 1860 fieret,
650 1834 729 1864 atque
742 1830 813 1856 idem
824 1836 935 1857 ornatus
945 1832 1000 1857 ori-

201 1870 283 1892 retur.
328 1868 381 1892 im.
404 1866 470 1893 Nolo
486 1867 513 1892 in
531 1866 670 1892 stellarum
687 1867 787 1893 ratione
803 1867 905 1894 multus
923 1868 999 1894 vobis

201 1903 303 1933 videri,
329 1904 501 1938 maximeque
526 1911 632 1934 earum,
662 1912 731 1938 quae
751 1912 838 1930 errare
860 1904 997 1931 dicuntur.
1020 1901 1029 1949 l¹

201 1939 321 1972 Quarum
343 1945 431 1966 tantus
446 1945 486 1966 est
500 1945 646 1966 concentus
660 1949 693 1966 ex
709 1940 904 1968 dissimillimis
919 1943 999 1969 moti-
1020 1961 1021 1970 1

201 1976 263 2007 bus,
277 1982 314 2007 ut,
328 1986 412 2011 quum
425 1986 531 2003 summa
543 1977 652 2003 Saturni
663 1977 814 2013 refrigeret,
829 1979 916 2005 media
929 1980 999 2006 Mar·
1020 1974 1021 2002 l

201 2015 236 2040 tis
252 2014 389 2045 incendat,
408 2015 450 2040 his
466 2015 602 2040 interiecta
619 2015 689 2041 lovis
704 2014 818 2042 illustret
829 2021 855 2043 et
869 2021 999 2051 temperet
1020 2017 1021 2063 ¹

201 2050 441 2086 infraqueMartem
453 2051 581 2077 duaeSoli
593 2052 728 2083 obediant,
742 2053 800 2087 ipse
807 2053 851 2079 Sol
864 2055 998 2080 mundum
1020 2066 1021 2087 ¹

200 2097 308 2114 omnem
324 2097 372 2114 sua
390 2088 448 2114 luce
463 2088 595 2123 compleat
611 2089 644 2115 ab
659 2098 744 2124 eoque
757 2091 830 2116 Luna
847 2091 998 2118 illuminata
1019 2091 1027 2130 ¹

200 2125 374 2160 graviditates
386 2131 411 2152 et
422 2131 513 2161 partus
526 2126 614 2152 asserat
627 2127 996 2164 maturitatesquegignendi.
1020 2136 1021 2163 ᾖ

200 2162 273 2194 Quae
289 2162 422 2197 copulatio
438 2172 526 2189 rerum
543 2168 568 2189 et
582 2164 661 2198 quasi
675 2166 845 2191 consentiens
857 2165 889 2191 ad
902 2166 998 2192 mundi

202 2199 413 2226 incolumitatem
425 2201 617 2236 coagmentatio
629 2205 737 2227 naturae
749 2210 830 2236 quem
837 2211 889 2229 non
897 2209 994 2235 movet,

200 2236 272 2263 hunc
284 2237 378 2263 horum
392 2237 459 2264 nihil
472 2246 601 2272 umquam
612 2239 780 2273 reputavisse
791 2244 862 2266 certo
873 2241 939 2267 scio.
1018 2271 1019 2274 Ἴ

256 2274 359 2301 XLvu.
384 2276 439 2301 420.
462 2276 526 2310 Age,
540 2280 568 2301 ut
579 2284 592 2301 a
604 2275 767 2302 caelestibus
779 2277 860 2303 rebus
871 2277 904 2303 ad
915 2282 998 2304 terre·
1018 2280 1020 2308 ζ

200 2315 267 2337 stres
283 2312 438 2341 veniamus,
455 2312 522 2347 quid
537 2317 576 2338 est
592 2313 619 2338 in
636 2313 693 2344 his,
710 2314 737 2339 in
753 2322 807 2348 quo
819 2323 872 2341 non
888 2320 997 2341 naturae
1018 2322 1027 2331 ’·

200 2349 265 2375 ratio
286 2349 461 2384 intelligentis
481 2349 624 2384 appareat?
643 2350 778 2385 Principio
798 2360 905 2382 eorum,
927 2361 997 2387 quae
1018 2346 1020 2392 ¹'

199 2385 348 2420 gignuntur
359 2395 372 2412 e
385 2391 461 2417 terra,
470 2388 567 2421 stirpes
579 2391 604 2413 et
615 2387 787 2413 stabilitatem
798 2388 862 2415 dant
876 2389 918 2420 iis,
927 2398 996 2424 quae

200 2423 342 2453 sustinent,
356 2428 381 2450 et
391 2428 502 2450 exterra
514 2432 624 2450 succum
637 2424 759 2455 trahunt.
773 2434 827 2460 quo
838 2425 943 2453 alantur
954 2435 994 2458 ea,

200 2466 268 2492 quae
281 2459 416 2486 radicibus
427 2462 611 2491 continentur,
629 2461 856 2497 obducunturque
871 2463 940 2490 libro
951 2469 996 2490 aut
1017 2454 1019 2485 l

200 2497 296 2522 cortice
308 2498 404 2528 trunci,
417 2507 470 2532 quo
482 2499 535 2525 sint
545 2507 559 2524 a
574 2497 722 2533 frigoribus
733 2504 758 2525 et
769 2499 904 2527 caloribus
915 2502 996 2527 tutio·
1016 2499 1019 2522 ἕ

201 2540 253 2558 res.
294 2534 347 2559 lam
368 2543 430 2561 vero
451 2536 519 2561 vites
533 2536 573 2562 sic
588 2535 730 2562 claviculis
746 2536 911 2564 adminicula
927 2543 996 2564 tam·
1016 2525 1019 2575 l

201 2576 282 2602 quam
294 2571 418 2597 manibus
430 2572 635 2606 apprehendunt
645 2578 725 2608 atque
738 2574 774 2600 ita
785 2582 813 2600 se
828 2575 948 2610 erigunt,
965 2580 996 2602 ut
1016 2578 1018 2582 ’

201 2606 359 2633 animantes,
399 2607 470 2639 Quin
481 2610 561 2636 etiam
576 2618 590 2636 a
604 2609 730 2642 caulibus
742 2610 957 2648 [brassicisque],
970 2613 995 2638 si

201 2648 307 2678 propter
317 2644 368 2670 sati
379 2645 441 2676 sint,
454 2650 484 2672 ut
493 2654 507 2671 a
517 2646 652 2681 pestiferis
664 2652 690 2675 et
699 2648 859 2675 nocentibus
871 2649 994 2685 refugere
1015 2668 1017 2675 Α

1021 1722 1022 1725 =
1028 1712 1030 1728 l

1003 117 1277 144 etcssnosts

1058 188 1186 214 dicuntur
1197 197 1245 214 nec
1256 197 1301 215 eos
1313 188 1366 215 ulla
1378 198 1411 216 ex
1423 194 1496 224 parte
1506 190 1670 224 contingere.
1713 192 1770 217 tit.
1787 191 1853 218 Ani-

1059 226 1190 251 mantium
1204 235 1265 251 vero
1275 232 1373 261 quanta
1387 227 1499 253 varietas
1510 229 1561 253 est!
1574 233 1674 262 (quauta
1686 227 1718 254 ad
1730 237 1852 255 eamrem

1060 264 1113 292 vis,
1133 267 1159 288 ut
1177 263 1202 288 in
1218 272 1267 288 suo
1281 272 1405 298 (piaeque
1415 272 1513 299 genere
1525 266 1709 299 permaneant!
1732 267 1851 296 Quarum

1058 300 1125 325 uliae
1139 300 1219 326 coriis
1231 305 1313 326 tectae
1324 306 1400 331 sunt,
1416 301 1483 327 aliae
1497 301 1569 328 villis
1581 304 1704 331 vestitae,
1717 302 1784 328 aliae
1796 303 1853 337 spi-

1059 338 1100 363 nis
1114 337 1244 367 hirsutam
1265 337 1355 371 pluma
1367 338 1447 368 alias.
1465 338 1531 364 alins
1542 347 1653 373 squama
1669 339 1794 366 videmus
1803 339 1854 366 ob-

1057 374 1164 402 ductas:
1178 374 1244 400 alias
1254 384 1313 400 esse
1324 375 1452 401 cornibus
1463 381 1586 405 armatas.
1599 376 1665 402 nlius
1678 377 1775 403 habere
1786 376 1854 403 υσυ-

1057 412 1100 445 gia
1113 420 1272 445 pennarum.
1314 412 1420 439 l’astum
1438 418 1526 438 autem
1542 413 1726 440 animantibus
1743 413 1814 449 large
1828 418 1854 440 ot

1057 449 1164 482 copiose
1176 454 1268 474 natura
1280 458 1357 479 eum.
1375 450 1422 484 qui
1433 450 1533 484 cuique
1544 456 1622 484 aptus
1633 456 1701 481 erat,
1714 459 1855 486 compara-

1059 486 1106 512 vit.
1142 486 1304 512 Enumerare
1322 495 1446 521 possum,
1464 486 1497 513 ad
1513 496 1574 513 eum
1592 492 1698 522 pastum
1709 496 1854 523 capessen-

1057 523 1121 548 dum
1133 523 1386 559 conficiendumque
1397 532 1466 558 quac
1478 525 1550 550 sitin
1563 525 1851 559 tigurisnnimantium.

1057 565 1082 586 et
1093 569 1174 594 quam
1189 560 1283 586 sollers
1294 561 1459 596 subtilisque
1470 561 1854 597 descriptiopartiumqunm-

1057 606 1109 632 quc
1121 597 1290 624 admirabilis
1307 598 1407 624 fabrica
1422 598 1615 625 membrorum.
1655 600 1751 626 Omnia
1768 600 1851 630 enim.

1056 643 1125 669 quae
1137 635 1247 670 quidem
1261 636 1333 662 intus
1349 635 1452 662 inclusa
1465 641 1541 666 sunt,
1558 636 1592 662 ita
1605 641 1663 662 nata
1676 642 1755 671 atque
1768 638 1802 663 ita
1815 636 1854 662 lo-

1056 677 1112 698 cata
1124 677 1199 703 sunt,
1214 678 1241 699 ut
1254 673 1321 699 nibil
1333 682 1425 699 eorum
1437 682 1667 708 supervacaneum
1679 674 1726 703 sit,
1741 673 1809 700 nihil
1819 673 1853 700 ad

1058 711 1139 737 vitam
1152 710 1318 736 retinendam
1335 720 1386 737 non
1403 711 1596 737 necessarium.
1638 713 1695 737 122.
1718 711 1794 737 Dedit
1805 719 1854 737 au-

1057 752 1109 774 tem
1121 747 1214 773 eadem
1227 753 1319 774 natura
1331 748 1430 774 belluis
1441 753 1466 774 et
1478 757 1588 774 sensum
1604 753 1629 774 et
1643 749 1806 783 appetitum,
1824 752 1855 775 ut

1057 784 1138 811 altero
1149 789 1272 811 conatum
1286 785 1414 812 haberent
1425 785 1456 811 ad
1470 785 1854 820 naturalespastuscapessen-

1056 822 1118 851 dos.
1136 821 1218 848 altero
1232 828 1402 849 secernerent
1418 822 1542 857 pestifera
1557 831 1571 848 a
1583 822 1758 849 salutaribus.
1797 823 1853 849 lam

1057 868 1119 886 vero
1130 859 1180 885 alia
1192 859 1317 886 animalia
1329 859 1546 895 gradiend0,alia
1558 860 1691 895 serpendo
1701 859 1733 886 ad
1745 865 1852 895 pastum

1056 897 1194 924 accedunt.
1207 897 1258 923 alia
1272 897 1399 927 votando.
1413 897 1464 924 alia
1477 897 1577 929 nando,
1595 898 1744 932 cibumque
1755 898 1852 932 partim

1055 935 1109 960 oris
1121 934 1194 960 hiatu
1207 939 1231 960 et
1242 934 1370 960 dentibus
1379 935 1605 969 ipsiscapessunt‚
1614 935 1710 970 partim
1718 935 1852 970 unguium

1059 972 1196 998 tenacitate
1208 972 1350 1006 arripiunt.
1359 973 1455 1006 partim
1463 972 1615 998 aduncitate
1627 977 1786 1004 rostrorum
1800 970 1852 998 alia

1057 1014 1166 1044 sugunt,
1180 1008 1230 1035 alia
1243 1014 1369 1043 carpunt,
1382 1009 1433 1035 alia
1446 1015 1548 1038 vorant.
1561 1009 1612 1036 alia
1625 1009 1765 1035 mandunt.
1805 1009 1854 1035 At-

1055 1055 1107 1080 que
1123 1047 1202 1072 etiam
1218 1046 1331 1072 aliorum
1346 1055 1375 1072 ca
1391 1051 1431 1072 est
1447 1046 1600 1077 humilitas,
1622 1047 1753 1073 utcibum
1771 1051 1854 1072 terre—

1055 1088 1136 1109 strem
1149 1085 1241 1110 rostris
1255 1083 1331 1109 facile
1343 1084 1508 1119 contingant.
1551 1085 1607 1110 ⁴23.
1627 1083 1701 1115 Quae
1712 1088 1801 1109 autem
1813 1082 1853 1109 al-

1056 1121 1120 1146 tiora
1132 1125 1208 1149 sunt,
1227 1126 1255 1147 ut
1266 1129 1388 1151 anseres,
1402 1125 1431 1147 ut
1441 1121 1536 1156 cygni,
1552 1126 1581 1147 ut
1591 1129 1686 1156 grues,
1705 1126 1733 1147 ut
1743 1120 1851 1151 cameli,

1055 1157 1218 1184 adiuvantur
1233 1158 1389 1193 proceritate
1404 1157 1545 1184 collorum.
1586 1158 1682 1184 Manus
1697 1158 1778 1184 etiam
1791 1157 1852 1184 data

1055 1195 1215 1229 elephantis.
1228 1195 1291 1230 quia
1304 1200 1411 1230 propter
1422 1194 1637 1231 magnitudinem
1649 1196 1768 1230 corporis
1778 1194 1853 1221 diffi-

1054 1232 1120 1257 ciles
1135 1232 1224 1258 aditus
1241 1232 1375 1259 habebant
1386 1232 1419 1258 ad
1429 1237 1547 1267 pastum.
1587 1232 1703 1259 XLVlll.
1724 1233 1771 1263 At,
1789 1232 1853 1267 qui—

1055 1269 1106 1295 bus
1119 1270 1213 1295 bestiis
1224 1275 1278 1296 erat
1291 1270 1313 1295 is
1319 1270 1408 1300 cibus,
1417 1269 1522 1296 utalius
1532 1270 1641 1306 generis
1652 1270 1747 1296 bestiis
1759 1278 1853 1296 vesce-

1030 1307 1032 1330 ὶ
1055 1312 1159 1338 rentur,
1177 1312 1222 1333 aut
1238 1308 1309 1333 vires
1326 1312 1419 1334 natura
1434 1307 1565 1334 deditaut
1575 1307 1748 1334 celeritatem.
1788 1307 1852 1333 Data

1054 1350 1093 1371 est
1108 1344 1274 1379 quibusdam
1290 1346 1370 1371 etiam
1387 1345 1550 1371 machinatio
1563 1344 1695 1380 quaedam
1706 1349 1786 1380 atque
1797 1344 1853 1371 sol-

1055 1382 1143 1408 lertia:
1162 1386 1191 1408 ut
1207 1383 1234 1408 in
1249 1381 1381 1409 araneolis
1399 1382 1467 1408 aliae
1479 1382 1558 1417 quasi
1574 1387 1627 1408 rete
1642 1387 1750 1413 texunt,
1769 1386 1810 1412 ut,
1826 1382 1851 1408 si

1053 1419 1120 1454 quid
1138 1419 1297 1450 inhaeserit,
1315 1420 1471 1446 conficiant:
1489 1419 1557 1446 aliae
1568 1424 1657 1446 autem
1669 1428 1703 1446 ex
1715 1419 1852 1454 inopinato

1030 1470 1031 1473 =
1053 1457 1197 1483 observant
1208 1461 1246 1487 et,
1259 1457 1283 1483 si
1294 1457 1361 1492 quid
1374 1457 1482 1488 incidit,
1495 1457 1641 1492 arripiunt,
1659 1457 1742 1492 idque
1752 1464 1852 1483 consu-

1053 1499 1139 1520 munt.
1181 1494 1244 1520 Pina
1257 1503 1332 1524 vero,
1351 1494 1400 1528 (sic
1414 1495 1486 1520 enim
1497 1494 1597 1521 Graece
1608 1494 1729 1528 dicitur,)
1744 1493 1852 1520 duabus

1052 1531 1202 1567 grandibus
1214 1531 1303 1566 patula
1315 1531 1506 1562 conchis,cum
1517 1540 1599 1566 parva
1611 1531 1710 1566 squilla
1722 1531 1852 1566 quasise-

1052 1569 1174 1595 cietatem
1186 1569 1239 1594 coit
1249 1568 1421 1604 comparandi
1433 1569 1502 1595 cibi:
1524 1570 1614 1604 itaque
1627 1577 1712 1604 quum
1725 1567 1851 1603 pisciculi

1052 1607 1128 1641 parvi
1142 1607 1168 1632 in
1180 1606 1308 1632 concham
1323 1606 1440 1632 hiantem
1452 1607 1650 1637 innataverunt,
1659 1611 1716 1632 tum
1727 1605 1852 1632 admoni—

1053 1648 1076 1669 ta
1089 1643 1204 1677 squillae
1220 1644 1282 1678 pina
1299 1652 1389 1670 morsu
1405 1644 1560 1678 comprimit
1572 1644 1697 1670 conchas.
1737 1642 1783 1669 Sic
1793 1642 1852 1669 dis-

1052 1680 1201 1708 simillimis
1213 1680 1335 1708 bestiolis
1345 1681 1525 1708 communiter
1535 1680 1614 1706 cibus
1625 1680 1774 1715 quaeritur.
1792 1681 1849 1706 ⁴2⁴.

1052 1720 1079 1745 ln
1094 1728 1148 1753 quo
1159 1719 1347 1746 admirandum
1359 1724 1412 1749 est,
1429 1726 1612 1755 congressune
1627 1717 1719 1753 aliquo
1731 1717 1800 1744 inter
1809 1725 1849 1749 se,

1051 1765 1083 1782 an
1097 1757 1148 1782 iam
1161 1756 1224 1782 inde
1235 1756 1268 1782 ab
1280 1761 1338 1782 ortu
1352 1761 1445 1782 natura
1457 1757 1515 1791 ipsa
1526 1761 1702 1792 congregatae
1717 1756 1780 1782 sint.
1804 1755 1852 1782 Est

1028 1791 1029 1795 ¹
1051 1795 1130 1820 etiam
1148 1793 1289 1819 admiratio
1306 1793 1434 1820 nonnulla
1457 1794 1483 1819 in
1505 1793 1600 1819 bestiis
1621 1793 1788 1828 aquatilibus
1804 1793 1848 1823 iis,

1020 1828 1021 1836 3
1051 1839 1119 1865 quae
1130 1831 1280 1866 gignuntur
1292 1831 1318 1857 in
1331 1835 1412 1857 terra:
1426 1829 1850 1864 veluticrocodilissuviatilesque

1020 1866 1029 1891 ὃ
1051 1868 1201 1894 testudines
1215 1867 1403 1902 quaedamque
1417 1873 1556 1902 serpentes
1571 1873 1643 1894 ortae
1653 1873 1728 1894 extra
1739 1875 1848 1902 aquam,

1051 1904 1132 1931 simul
1144 1914 1174 1931 ac
1185 1906 1303 1939 primum
1319 1905 1367 1931 niti
1380 1910 1506 1939 possunt,
1528 1913 1625 1940 aquam
1637 1909 1848 1940 persequuntur.

1020 1947 1029 1962 ’κ
1051 1942 1121 1974 Quin
1134 1943 1212 1968 etiam
1225 1947 1333 1968 anatum
1347 1951 1397 1969 ova
1409 1942 1519 1978 gallinis
1531 1950 1610 1977 saepe
1621 1950 1817 1977 supponimu53
1835 1949 1850 1968 e

1027 1977 1029 1999 ἶ
1050 1980 1152 2014 quibus
1163 1979 1233 2014 pulli
1243 1981 1293 2006 orti
1304 1980 1424 2014 primum
1436 1979 1545 2006 aluntur
1559 1980 1593 2006 ab
1609 1979 1665 2010 his,
1683 1984 1713 2006 ut
1726 1988 1741 2005 a
1757 1978 1850 2005 matri-

1027 2035 1028 2038 *
1051 2017 1115 2048 bus.
1133 2026 1146 2042 a
1161 2017 1263 2051 quibus
1277 2016 1382 2043 exclusi
1394 2016 1495 2052 fotique
1506 2022 1583 2049 sunt3
1600 2016 1699 2043 deinde
1710 2025 1755 2042 eas
1766 2015 1850 2042 retin-

1026 2055 1028 2063 '
1050 2059 1151 2089 quant,
1164 2059 1190 2080 et
1201 2053 1334 2089 effugiunt
1347 2059 1502 2089 sequentes,
1510 2062 1595 2089 quum
1608 2055 1727 2089 primum
1739 2061 1846 2088 aquam,

1050 2092 1128 2126 quasi
1140 2091 1288 2118 naturalem
1300 2091 1410 2118 ‹lomum
1419 2112 1425 2122 ,
1438 2091 1531 2118 videre
1542 2096 1697 2126 potuerunt.
1737 2091 1849 2117 Tantam

1026 2143 1027 2151 ἢ
1050 2129 1174 2164 ingenuit
1189 2128 1374 2155 animantibus
1388 2128 1566 2155 conservandi
1580 2129 1625 2155 sui
1644 2133 1739 2155 natura
1757 2132 1849 2154 custo-

1020 2166 1021 2181 *
1049 2166 1132 2192 diam.
1154 2165 1251 2192 XLix.
1267 2166 1333 2201 Legi
1345 2166 1425 2193 etiam
1436 2166 1577 2200 scriptum,
1591 2174 1651 2192 esse
1661 2173 1739 2192 avem
1750 2173 1848 2200 quam-

1049 2203 1124 2234 dam,
1150 2203 1355 2238 quae.Platalea
1376 2204 1571 2236 nominaretur;
1600 2211 1660 2229 eam
1679 2203 1736 2229 sibi
1753 2201 1847 2228 cibum

1048 2248 1177 2275 quaerere
1197 2239 1367 2267 advolantem
1383 2240 1417 2267 ad
1433 2249 1478 2266 eas
1501 2248 1578 2271 aves,
1600 2249 1670 2275 quae
1689 2248 1718 2266 se
1737 2240 1764 2265 in
1778 2239 1847 2265 mari

1049 2282 1212 2313 mergerent3
1228 2287 1297 2312 quae
1309 2286 1394 2313 quum
1406 2278 1579 2304 emersissent
1589 2278 1746 2312 piscemque
1757 2276 1848 2310 cepis—

1048 2320 1120 2345 sent,
1139 2323 1226 2349 usque
1236 2323 1267 2342 eo
1277 2323 1399 2349 premere
1410 2323 1502 2341 earum
1513 2315 1600 2349 capita
1612 2313 1748 2340 mordicus
1756 2334 1762 2344 ,
1779 2313 1846 2339 dum

1048 2351 1110 2378 illae
1120 2357 1229 2386 captum
1241 2353 1401 2382 amitterent,
1418 2352 1446 2378 id
1457 2351 1529 2387 quod
1541 2352 1599 2386 ipsa
1611 2350 1760 2377 invaderet.
1793 2350 1846 2376 Ea-

1048 2389 1165 2424 demque
1177 2389 1242 2415 haec
1253 2390 1312 2415 avis
1321 2389 1450 2416 scribitur
1459 2389 1570 2415 conchis
1584 2397 1614 2414 se
1626 2387 1711 2414 solere
1725 2386 1846 2422 eomple-

1048 2435 1075 2452 re
1086 2435 1195 2461 easque,
1204 2435 1289 2462 quum
1301 2426 1433 2453 stomachi
1443 2425 1529 2452 calore
1540 2425 1701 2455 concoxerit,
1710 2432 1843 2455 evomere,

1047 2468 1127 2498 atque
1139 2465 1174 2490 ita
1185 2463 1286 2500 eligere
1297 2464 1384 2494 exiis,
1399 2471 1468 2498 quae
1479 2468 1542 2489 sunt
1552 2461 1698 2488 esculenta.
1723 2463 1779 2488 ⁴25.
1792 2462 1846 2488 Ra-

1047 2509 1096 2527 nae
1112 2506 1201 2527 autem
1216 2502 1335 2528 marinae
1349 2500 1478 2527 dicuntur
1489 2499 1603 2526 obruere
1613 2507 1673 2525 sese
1683 2507 1762 2525 arena
1773 2498 1844 2525 sole-

1047 2546 1083 2568 re,
1096 2543 1121 2564 et
1133 2540 1235 2564 moveri
1245 2547 1329 2573 prope
1340 2546 1453 2573 aquam,
1474 2536 1508 2562 ad
1525 2545 1593 2571 quas
1608 2537 1688 2570 quasi
1703 2536 1737 2562 ad
1752 2544 1843 2562 escam

1046 2575 1136 2609 pisces
1146 2584 1232 2610 quum
1244 2576 1418 2605 accesserint,
1435 2573 1530 2600 confici
1543 2582 1558 2600 a
1569 2574 1641 2600 ranis
1653 2578 1732 2608 atque
1743 2581 1843 2600 eonsu-

1047 2613 1094 2638 mi.
1134 2612 1217 2639 Milvo
1232 2618 1273 2639 est
1287 2611 1424 2647 quoddam
1439 2610 1542 2637 bellum
1557 2611 1637 2645 quasi
1647 2610 1768 2637 naturale
1777 2618 1842 2637 cum

1045 2657 1135 2676 corvo.
1175 2650 1246 2685 Ergo
1267 2649 1333 2676 alter
1351 2648 1475 2680 alterius,
1497 2647 1665 2683 ubicumque
1680 2653 1774 2674 nactus
1789 2651 1839 2678 est,
