1941 3052
425 151 470 177 IN
503 151 702 178 VERREM
735 151 886 177 Aera.

77 223 164 251 sisset,
180 221 255 247 iubet
268 221 373 247 cuidam
388 222 532 247 amicorum
547 230 657 248 suorum
669 223 802 248 numerari
812 222 867 248 H-S

75 267 163 285 Lm.
190 260 232 284 55.
247 259 298 284 Res
313 258 438 284 occultari
453 260 518 284 satis
533 267 583 285 non
599 268 686 293 posse.
712 259 761 285 Per
773 268 869 294 quem-

77 296 139 322 dam
157 304 261 326 eorum,
286 295 333 330 qui
351 295 539 327 interfuerant,
565 296 593 322 fit
610 297 745 330 Epicrates
764 297 867 322 certior.

78 334 198 359 Primum
213 332 348 367 negligere
361 337 387 358 et
400 337 567 359 contemnere
581 334 676 368 coepit,
693 333 764 368 quod
775 342 868 359 caussa

79 378 196 405 prorsus,
213 369 284 404 quod
296 369 412 396 dubitari
425 375 522 404 posset,
540 370 606 396 nihil
619 371 738 396 habebat.
759 370 866 401 Deinde,

77 416 163 442 quum
177 407 210 433 de
224 406 343 433 Heraclio
356 407 493 442 cogitaret,
515 412 539 433 et
558 408 635 433 istius
655 407 793 433 libidinem
809 416 871 433 nos-

78 448 130 476 set,
146 444 394 470 commodissimum
409 445 512 478 putavit
526 453 592 474 esse,
609 444 642 470 de
656 445 791 478 provincia
802 444 869 470 clam

78 481 164 508 abire:
180 482 270 516 itaque
286 480 359 507 fecit:
377 481 509 515 profectus
525 486 564 507 est
578 481 720 516 Rhegium.

132 518 229 544 XXIII.
249 518 325 550 Quod
340 519 386 544 ubi
401 518 522 544 auditum
537 523 589 549 est,
610 523 729 544 aestuare
748 518 801 548 illi,
822 519 869 552 qui

79 555 205 582 dederant
223 556 378 590 pecuniam:
398 560 491 590 putare
510 555 575 581 nihil
595 556 637 590 agi
655 564 745 589 posse,
761 555 870 581 absente

77 593 208 628 Epicrate.
231 593 297 618 Nam
309 593 445 619 Heraclius
456 597 512 618 tum
525 592 640 623 affuerat,
657 601 741 626 quum
752 593 869 626 primum

78 630 131 656 dati
146 635 209 656 sunt
222 630 338 656 iudices:
359 630 391 656 de
406 630 467 661 hoc,
488 630 549 664 qui,
570 634 711 663 antequam
725 630 752 655 in
766 630 809 655 ius
824 629 870 654 ad-

78 668 146 694 itum
165 672 246 698 esset,
268 671 408 701 antequam
427 667 542 701 denique
561 667 659 692 mentio
677 666 870 692 controversiae

80 704 145 731 facta
160 709 229 730 esset
238 704 301 735 ulla,
318 704 492 731 discessisset,
509 703 637 738 putabant
648 703 713 729 nihil
727 703 768 738 agi
782 712 868 737 posse.

78 742 204 768 Homines
218 741 352 776 Rhegium
371 741 589 775 proficiscuntur:
610 741 759 774 Epicratem
774 749 871 766 convc-

79 780 169 805 niunt:
197 779 378 805 demonstrant
399 778 440 808 id,
465 777 537 812 quod
558 777 604 803 ille
622 777 734 808 sciebat,
760 786 787 803 se
806 777 870 803 H-S

78 824 155 842 Lxx‘x
168 816 287 842 dedisse:
308 819 400 850 rogant
413 823 487 846 eum,
508 818 537 841 ut
550 814 590 845 id,
611 814 683 849 quod
697 815 730 840 ab
744 815 810 849 ipsis
825 815 871 840 ab-

78 854 143 879 isset
156 853 293 888 pecuniae,
309 856 395 878 curet:
412 852 444 877 ah
458 860 515 877 sese
529 856 628 883 caveat,
644 851 871 886 quemadmodum

79 890 155 921 velit,
176 889 208 916 de
226 889 272 916 illa
290 889 433 915 hereditate
451 898 512 915 cum
526 889 648 923 Epicrate
667 890 799 915 neminem
813 898 871 914 esse

78 932 209 954 acturum.
250 928 292 953 56.
316 927 452 961 Epicrates
467 926 588 952 homines
603 926 696 952 multis
711 927 800 952 verbis
815 935 828 952 a
842 935 871 952 se

78 964 146 991 male
164 968 284 999 acceptos
303 964 425 990 dimittit:
450 964 562 990 redeunt
579 963 619 989 illi
639 964 738 998 Rhegio
758 963 872 999 Syracu-

78 1010 134 1028 sas:
154 1002 231 1037 queri
245 1010 306 1027 cum
321 1001 422 1032 multis,
439 1001 474 1027 ita
488 1005 518 1027 ut
532 1001 568 1031 fit,
584 1001 726 1035 incipiunt,
743 1010 801 1027 sese
815 1001 870 1026 H-S

79 1047 154 1065 [κὶα
168 1047 309 1065 nummum
325 1038 421 1064 frustra
435 1038 550 1064 dedisse.
585 1039 636 1064 Res
651 1039 828 1073 percrebruit:
844 1039 871 1064 in

77 1085 121 1103 ore
135 1081 213 1111 atque
227 1084 347 1102 sermone
361 1076 481 1102 omnium
495 1076 581 1110 coepit
595 1084 663 1101 esse.
684 1076 778 1102 Verres
793 1075 871 1101 refert

78 1113 150 1140 illam
169 1122 246 1139 suam
260 1113 467 1149 Syracusanam:
496 1113 532 1139 ait
549 1121 577 1139 se
597 1113 665 1139 velle
683 1113 716 1139 de
734 1113 788 1139 illis
807 1113 871 1139 H-S

77 1158 154 1176 Lxxx
167 1159 337 1186 cognoscere:
354 1150 463 1176 advocat
475 1150 583 1176 multos.
605 1151 700 1176 Dicunt
712 1150 799 1176 Bidini
810 1150 872 1176 Vol-

77 1188 144 1214 catio
157 1196 186 1214 se
200 1188 319 1214 dedisse:
335 1187 403 1214 illud
418 1196 469 1214 non
484 1187 594 1218 addunt,
611 1188 688 1214 iussu
699 1188 787 1214 istius.
810 1187 872 1214 Vol-

77 1225 174 1252 catium
194 1229 282 1251 vocat:
307 1226 448 1260 pecuniam
467 1224 557 1251 referri
576 1225 696 1260 imperat.
737 1225 871 1251 Volcatius

78 1263 166 1288 animo
179 1263 342 1297 aequissimo
356 1271 480 1288 nummos
492 1262 572 1293 affert,
589 1263 636 1297 qui
648 1261 714 1288 nihil
726 1263 869 1288 amitteret:

78 1299 164 1326 reddit
181 1300 392 1334 inspectantibus
411 1299 517 1325 multis:
542 1299 631 1326 Bidini
650 1308 774 1325 nummos
797 1299 872 1325 aufe-

78 1341 148 1363 runt.
171 1338 212 1363 57.
228 1337 301 1363 Dicet
315 1337 427 1371 aliquis:
443 1336 513 1368 Quid
528 1345 590 1371 ergo
603 1337 631 1362 in
646 1337 695 1362 hoc
708 1337 815 1363 Verrem
831 1345 872 1363 re-

78 1374 235 1409 prehendis,
260 1375 307 1409 qui
326 1383 376 1400 non
396 1373 474 1400 modo
492 1374 550 1408 ipse
568 1373 611 1400 fur
630 1382 681 1400 non
700 1378 752 1405 est,
778 1374 824 1400 sed
839 1382 872 1400 ne

78 1411 160 1437 alium
174 1411 284 1446 quidem
299 1419 394 1446 passus
408 1415 448 1437 est
461 1410 538 1437 esse?
563 1411 710 1437 Attendite:
726 1412 778 1437 iam
793 1411 872 1437 intel-

79 1448 166 1484 ligetis
181 1449 248 1474 hanc
263 1449 417 1483 pecuniam,
437 1457 490 1483 qua
509 1448 551 1474 via
569 1448 648 1474 modo
666 1449 723 1474 visa
742 1453 781 1474 est
800 1449 871 1474 exire

78 1486 111 1512 ab
125 1486 184 1517 isto,
201 1486 292 1512 eadem
307 1486 400 1511 semita
415 1485 565 1512 revertisse.
592 1485 662 1517 Quid
677 1485 766 1512 enim‘?
779 1485 872 1511 debuit

77 1527 194 1558 praetor,
210 1532 271 1549 cum
285 1523 397 1549 consilio
410 1531 437 1549 re
451 1523 568 1557 cognita,
588 1531 673 1557 quum
687 1523 870 1557 comperisset,

77 1569 158 1586 suum
176 1561 313 1591 comitem,
334 1560 414 1590 iuris,
436 1560 547 1590 decreti,
573 1560 665 1586 iudicii
684 1560 871 1594 corrumpendi

77 1606 183 1628 caussa,
204 1606 256 1632 qua
275 1598 303 1623 in
322 1606 348 1623 re
363 1597 448 1632 ipsius
464 1597 590 1631 praetoris
605 1601 684 1631 caput
698 1597 873 1623 existimatio-

78 1643 130 1669 que
153 1639 287 1670 ageretur,
312 1635 452 1669 pecuniam
476 1635 624 1668 accepisse,
652 1634 760 1660 Bidinos
783 1639 871 1660 autem

77 1676 165 1698 contra
185 1673 311 1707 praetoris
331 1671 426 1697 famam
445 1680 474 1697 ac
493 1671 611 1697 fortunas
630 1671 751 1697 dedisse:
778 1680 828 1697 non
847 1676 872 1697 ct

77 1710 105 1735 in
119 1717 190 1740 eum,
206 1709 252 1744 qui
268 1709 420 1743 accepisset,
438 1709 667 1739 animadvertisse,
684 1709 746 1735 etin
758 1717 811 1739 eos,
824 1709 870 1743 qui

78 1746 234 1772 dedissent?
251 1747 300 1777 Tu,
316 1747 364 1781 qui
378 1746 533 1772 institueras
548 1746 575 1772 in
590 1755 635 1772 eos
650 1746 868 1777 animadvertere,

78 1784 125 1819 qui
140 1792 277 1818 perperam
292 1783 466 1814 iudicassent,
482 1783 553 1818 quod
566 1792 645 1817 saepe
656 1792 704 1818 per
714 1783 872 1818 impruden-

78 1821 141 1847 tiam
157 1821 198 1847 nt:
215 1821 263 1847 hos
278 1821 375 1855 pateris
389 1821 500 1855 impune
514 1820 660 1852 discedere,
677 1821 724 1855 qui
737 1820 779 1857 [ob
794 1825 870 1846 tuum

78 1856 234 1894 decretum,]
254 1858 288 1884 ob
306 1862 382 1884 tuum
397 1857 527 1884 iudicium
543 1858 682 1891 pecuniam
698 1862 743 1884 aut
756 1857 870 1884 dandam

79 1899 124 1922 aut
137 1895 317 1930 accipiendam
333 1894 473 1930 putarant?
492 1895 588 1921 XXIV.
601 1896 642 1921 58.
654 1895 788 1922 Volcatius
800 1895 870 1921 idem

79 1932 150 1967 apud
168 1937 193 1959 te
211 1937 300 1967 postea
320 1932 384 1963 suit,
404 1940 487 1967 eques
507 1933 655 1964 Romanus,
676 1936 747 1958 tanta
765 1937 869 1966 accepta

79 1970 236 2005 ignominia.
263 1971 329 1995 Nam
344 1969 409 2005 quid
424 1973 465 1995 est
479 1970 584 2003 turpius
598 1970 723 2005 ingenuo,
740 1970 806 2004 quid
821 1970 873 1995 mi-

80 2016 130 2033 nus
150 2007 233 2033 libero
250 2007 377 2040 dignum,
398 2015 479 2041 quam
494 2006 520 2032 in
536 2011 666 2032 conventu
683 2008 800 2033 maximo
813 2007 872 2042 cogi

79 2052 92 2070 a
111 2044 267 2079 magistratu
286 2043 387 2070 furtum
406 2043 533 2069 reddere‘?
552 2044 612 2074 Qui,
634 2044 657 2069 si
675 2052 706 2070 eo
723 2044 813 2070 animo
830 2052 873 2069 es-

80 2085 132 2112 set,
148 2090 202 2116 quo
216 2090 267 2107 non
282 2081 361 2107 modo
375 2089 457 2115 eques
472 2081 620 2111 Romanus,
637 2081 684 2106 sed
699 2081 790 2115 quivis
806 2081 872 2107 liber

79 2118 158 2145 debet
171 2126 244 2149 esse,
266 2118 384 2153 aspicere
403 2122 426 2144 te
441 2122 529 2152 postea
546 2126 597 2143 non
612 2118 756 2152 potuisset,
780 2118 873 2144 inimi-

79 2164 140 2187 cuS,
157 2155 243 2182 hostis
258 2159 341 2185 esset,
363 2159 432 2181 tanta
446 2155 607 2181 contumelia
622 2160 740 2189 accepta,
766 2155 819 2181 nisi
834 2160 873 2181 te·-

79 2201 141 2219 cum
155 2197 213 2219 tum
227 2192 379 2219 collusisset
393 2196 418 2218 et
432 2196 491 2218 tuae
506 2192 595 2226 potius
610 2193 801 2218 existimationi
816 2201 873 2218 ser-

81 2231 171 2261 visset,
187 2238 267 2265 quam
283 2238 356 2256 suae.
387 2229 438 2261 Qui
453 2238 533 2264 quam
549 2229 597 2255 tibi
611 2230 713 2255 amicus
728 2238 779 2256 non
794 2230 873 2256 modo

79 2272 136 2294 tum
151 2266 244 2299 fuerit,
260 2267 390 2302 quamdiu
405 2271 491 2292 tecum
506 2266 533 2292 in
548 2267 684 2300 provincia
699 2266 762 2298 fuit,
779 2276 871 2293 verum

80 2305 158 2331 etiam
177 2313 248 2331 nunc
266 2305 313 2335 sit,
330 2312 415 2339 quum
436 2303 487 2329 iam
507 2312 520 2329 a
538 2304 632 2330 ceteris
651 2304 744 2330 amicis
763 2304 872 2330 relictus
895 2322 903 2337 ,χ

833 2341 871 2367 An
901 2342 903 2345 ’

81 2379 129 2405 hoc
143 2379 230 2405 solum
245 2382 433 2413 argumentum
448 2382 496 2408 est,
514 2378 580 2403 nihil
592 2379 643 2404 isto
654 2378 822 2412 imprudente
835 2378 872 2404 fa-

80 2350 122 2373 es,
142 2346 167 2368 et
181 2346 208 2368 tu
224 2341 352 2375 intelligis
367 2345 392 2367 ct
406 2349 453 2367 nos
468 2341 621 2367 existimare
635 2349 791 2375 possumus.

80 2420 166 2448 ctum,
191 2416 262 2451 quod
277 2416 411 2443 Volcatius
430 2415 453 2441 ci
474 2424 524 2441 non
540 2415 712 2441 succensuit?
737 2415 808 2449 quod
823 2415 872 2441 iste

81 2461 128 2479 neo
146 2454 173 2479 in
188 2453 334 2479 Volcatium
354 2461 402 2479 nec
421 2453 447 2478 in
463 2452 571 2478 Bidinos
586 2452 791 2478 animadvertit?
829 2454 871 2478 59.

80 2490 127 2516 Est
144 2499 272 2525 magnum
290 2493 494 2524 argumentum:
515 2497 607 2515 verum
627 2489 693 2515 illud
713 2489 870 2520 maximum,

80 2527 152 2562 quod
166 2527 220 2553 illis
235 2528 302 2561 ipsis
317 2527 432 2557 Bidinis,
449 2526 550 2561 quibus
565 2527 647 2552 iratus
662 2534 722 2552 esse
735 2526 842 2557 debuit,
859 2536 872 2552 a
895 2518 896 2561 J

80 2564 181 2599 quibus
195 2565 332 2599 comperit,
348 2564 420 2599 quod
434 2564 491 2590 iure
506 2572 583 2597 agero
596 2572 657 2589 cum
670 2563 790 2597 Epicrate
805 2563 870 2589 nihil
895 2564 902 2583 ³3

924 2604 979 2625 tum
999 2598 1116 2632 deniquo
1135 2598 1161 2624 in
1185 2603 1299 2624 mentem
1324 2599 1444 2628 venisse,
1470 2603 1641 2632 posteaquam
1665 2603 1716 2624 tam

82 2606 198 2636 possent,
214 2602 319 2628 etiamsi
334 2601 452 2632 adesset,
468 2601 567 2627 idcirco
580 2609 660 2626 suum
675 2601 810 2626 decretum
826 2609 873 2634 pe-

81 2639 157 2664 cunia
172 2647 231 2665 esse
246 2643 388 2665 tentatum:
415 2638 470 2668 his,
491 2639 615 2672 inquam,
636 2638 703 2672 ipsis
722 2646 774 2663 non
793 2637 872 2663 modo

83 2675 153 2701 illam
170 2675 349 2706 hereditatem,
365 2683 434 2711 quae
448 2675 563 2710 Epicrati
579 2679 698 2706 venerat;
723 2674 784 2705 sed,
801 2678 830 2701 ut
844 2675 870 2700 in
894 2672 902 2702 ἶ(

921 152 951 177 LI
966 152 994 176 B.
1019 151 1050 176 II.
1085 151 1103 177 C
1118 151 1138 177 A
1153 151 1181 176 P.
1219 152 1247 176 -19
1268 166 1304 169 —-
1326 152 1364 176 26.
1663 153 1708 177 ²269

919 221 1038 247 Heraclio
1052 221 1231 256 Syracusano,
1248 222 1311 247 item
1325 221 1353 247 in
1367 220 1429 251 hoc,
1446 219 1536 255 paullo
1551 221 1628 246 etiam
1643 226 1711 247 atro-

919 259 986 289 cius,
1003 258 1074 293 quod
1086 259 1220 292 Epicrates
1231 258 1379 292 appellatus
1394 258 1501 284 omnino
1516 266 1567 284 non
1581 262 1648 284 erat:
1665 258 1712 283 bo-

921 304 953 322 na
971 296 1054 330 patria
1074 295 1247 329 fortunasque
1261 297 1319 321 eius
1333 295 1435 321 Bidinis
1450 294 1571 327 tradidit;
1597 295 1712 321 ostendit

921 333 993 358 enim
1008 341 1076 358 novo
1091 332 1177 363 modo,
1194 333 1218 358 si
1232 333 1294 367 quis
1308 332 1375 367 quid
1388 332 1421 358 ab
1436 332 1545 358 ahsente
1560 336 1667 366 peteret,
1683 340 1712 358 se

921 370 1085 395 auditurum.
1126 369 1232 395 Adeunt
1261 369 1349 395 Bidini
1362 390 1367 399 ,
1400 373 1493 404 petunt
1523 369 1710 395 hereditatem:

921 411 1102 441 procuratores
1121 407 1269 440 postulant,
1294 411 1323 432 ut
1346 415 1374 432 se
1393 406 1425 432 ad
1444 406 1516 441 leges
1535 415 1598 432 suas
1612 407 1713 432 reiiciat

921 448 966 470 aut
983 452 1016 470 ex
1035 444 1091 479 lege
1105 444 1212 478 Rupilia
1227 444 1311 469 dicam
1327 444 1407 469 scribi
1421 443 1520 469 iubeat.
1560 443 1713 469 Adversarii

922 490 973 506 non
988 480 1121 506 audebant
1134 486 1221 507 contra
1236 481 1337 507 dicere:
1354 481 1442 506 exitus
1457 480 1549 507 nullus
1564 481 1713 515 reperieba-

922 522 973 543 tur.
1014 517 1173 543 Insimulant
1191 518 1327 544 hominem
1345 517 1486 544 fraudandi
1504 526 1597 543 caussa
1612 518 1714 543 disces—

922 555 1004 580 sisse:
1021 554 1163 588 postulant,
1182 559 1210 580 ut
1224 555 1290 581 bona
1306 555 1442 589 possidere
1457 555 1542 581 liceat.
1574 557 1614 581 60.
1630 555 1714 580 Debe-

922 592 966 617 bat
979 592 1114 626 Epicrates
1133 591 1239 617 nullum
1258 601 1399 617 nummum
1419 592 1529 618 nemini.
1570 592 1669 622 Amici,
1691 592 1713 617 si

921 629 983 663 quis
997 629 1063 663 quid
1079 633 1190 662 peteret,
1211 629 1341 654 iudicium
1357 638 1385 655 se
1400 638 1539 663 passuros,
1566 629 1713 655 iudicatum

922 665 990 691 solvi
1005 666 1179 691 satisdaturos
1194 674 1253 691 esse
1267 666 1399 692 dicebant.
1422 666 1505 692 XXV.
1521 666 1610 697 Quum
1625 666 1713 692 omnia

921 702 1032 728 consilia
1048 702 1187 737 frigerent,
1208 703 1343 729 admonitu
1359 704 1436 728 istius
1451 703 1607 729 insimulare
1621 711 1715 738 coepe-

923 744 996 770 runt,
1019 740 1168 773 Epicratem
1189 739 1287 765 litteras
1307 739 1428 774 publicas
1443 741 1608 774 corrupisse:
1634 749 1647 766 a
1662 749 1713 775 qua

923 777 1076 810 suspicione
1095 776 1140 802 ille
1160 777 1249 802 aberat
1267 777 1429 811 plurimum:
1456 777 1584 803 actionem
1604 778 1662 803 eius
1677 778 1713 803 rei

922 813 1067 848 postulant.
1089 813 1175 840 Amici
1190 822 1320 845 recusare,
1336 822 1369 840 ne
1380 813 1451 848 quod
1462 823 1560 839 novum
1572 815 1712 845 iudicium,

923 860 955 877 ne
969 859 1021 886 qua
1035 851 1123 885 ipsius
1137 851 1262 886 cognitio,
1279 851 1325 877 illo
1339 851 1456 880 absente,
1473 851 1505 876 de
1519 852 1715 877 existimatione

922 889 981 914 eius
995 889 1212 914 constitueretur:
1229 893 1253 914 et
1267 888 1347 914 simul
1358 888 1429 914 idem
1440 888 1508 914 illud
1520 888 1653 922 postulare
1664 897 1714 914 non

922 925 1099 956 desistebant,
1121 930 1150 951 ut
1167 934 1196 951 se
1210 925 1242 951 ad
1258 925 1329 961 leges
1343 934 1406 951 suas
1421 926 1549 951 reiiceret.
1591 927 1632 951 6¹.
1652 926 1713 955 Iste,

923 963 1039 997 amplam
1053 963 1218 989 occasionem
1233 962 1382 988 calumniae
1397 967 1499 993 nactus,
1517 963 1562 988 ubi
1575 962 1647 988 videt
1657 971 1715 988 esse

923 1000 1040 1034 aliquid,
1061 1000 1133 1035 quod
1151 1000 1229 1026 amici
1248 1000 1356 1026 absente
1370 1000 1492 1034 Epicrate
1510 999 1611 1026 nollent
1624 999 1713 1025 defen-

924 1037 999 1063 dere:
1020 1041 1154 1063 asseverat
1173 1046 1201 1063 se
1219 1037 1277 1063 eius
1296 1038 1334 1063 rei
1353 1038 1380 1063 in
1399 1038 1494 1071 primis
1513 1037 1642 1063 actionem
1657 1046 1715 1062 esse

923 1074 1058 1100 daturum.
1098 1074 1187 1106 Quum
1201 1083 1293 1101 omnes
1307 1075 1499 1109 perspicerent,
1521 1074 1553 1100 ad
1567 1075 1649 1100 istum
1664 1083 1715 1100 non

923 1112 1001 1137 modo
1020 1111 1079 1138 illos
1098 1120 1236 1142 nummos,
1261 1112 1309 1146 qui
1327 1121 1374 1146 per
1391 1112 1589 1138 simulationem
1612 1111 1644 1137 ab
1666 1112 1717 1137 isto

923 1150 1054 1180 exierant,
1080 1150 1235 1181 revertisse,
1263 1149 1311 1175 sed
1335 1149 1419 1175 multo
1443 1149 1522 1175 etiam
1545 1149 1636 1183 plures
1655 1157 1716 1174 eum

923 1191 1013 1221 postea
1029 1195 1152 1213 nummos
1167 1186 1325 1212 abstulisse:
1342 1187 1420 1212 amici
1430 1187 1580 1221 Epicratem
1591 1186 1717 1212 defende-

923 1232 950 1250 re
977 1224 1151 1250 destiterunt:
1180 1224 1230 1250 iste
1251 1224 1382 1258 Epicratis
1406 1224 1474 1250 bona
1496 1223 1605 1249 Bidinos
1627 1224 1716 1249 omnia

923 1261 1059 1295 possidere
1074 1266 1099 1287 et
1113 1261 1166 1287 sibi
1181 1261 1277 1287 habere
1291 1261 1379 1287 iussit.
1402 1260 1442 1287 Ad
1458 1261 1502 1286 illa
1517 1260 1581 1286 11-S
1596 1269 1620 1287 ia
1631 1260 1715 1286 millia

923 1298 1081 1324 hereditaria
1104 1299 1214 1325 accessit
1237 1299 1325 1333 ipsius
1348 1298 1456 1333 antiqua
1480 1298 1541 1324 II-S
1559 1297 1716 1332 quindecies

923 1336 1043 1369 pecunia.
1066 1336 1158 1362 Utrum
1174 1344 1215 1361 res
1230 1336 1262 1361 ab
1277 1335 1353 1362 initio
1367 1336 1401 1361 ita
1416 1335 1494 1361 ducta
1509 1335 1567 1361 est‘l
1580 1344 1612 1361 an
1627 1335 1659 1361 ad
1670 1343 1716 1360 ex—

923 1377 1037 1398 tremum
1056 1373 1091 1398 ita
1111 1373 1237 1406 perducta
1256 1372 1313 1398 est?
1332 1381 1365 1399 an
1385 1372 1420 1398 ita
1438 1381 1518 1407 parva
1533 1376 1573 1398 est
1587 1371 1717 1406 pecunia‘?

922 1418 955 1435 an
970 1410 993 1435 is
1008 1410 1087 1436 homo
1100 1410 1207 1441 Verres,
1228 1414 1258 1436 ut
1272 1410 1349 1441 haec,
1369 1418 1438 1445 quae
1457 1409 1527 1440 dixi,
1547 1409 1630 1445 gratis
1649 1408 1715 1434 facta

923 1455 983 1472 esse
998 1446 1157 1473 videantur?

978 1486 1020 1511 62.
1043 1484 1090 1510 llic
1105 1492 1176 1510 nunc
1189 1484 1222 1509 de
1236 1484 1343 1509 miseria
1358 1483 1520 1513 Siculorum,
1537 1483 1652 1513 iudices,
1669 1492 1716 1509 au-

922 1521 986 1547 dite.
1027 1521 1060 1547 Et
1079 1521 1215 1547 Heraclius
1234 1521 1280 1546 ille
1299 1521 1485 1556 Syracusanus
1504 1525 1529 1546 et
1548 1521 1591 1546 hic
1605 1520 1716 1546 Bidinus

923 1558 1058 1592 Epicrates
1073 1558 1180 1592 expulsi
1195 1558 1272 1584 bonis
1287 1558 1426 1588 omnibus,
1448 1559 1556 1583 Romam
1572 1562 1714 1583 venerunt:

922 1595 1059 1626 sordidati,
1076 1596 1192 1621 maxima
1208 1595 1286 1621 barba
1301 1600 1327 1621 et
1340 1595 1449 1629 capillo.
1466 1595 1563 1621 Romae
1578 1595 1715 1620 biennium

923 1641 1004 1667 prope
1028 1632 1144 1659 fuerunt.
1184 1633 1273 1664 Quum
1297 1633 1326 1658 L.
1352 1632 1474 1658 Metellus
1498 1632 1524 1658 in
1553 1632 1716 1666 provinciam

923 1669 1057 1704 profectus
1072 1674 1120 1701 est,
1137 1674 1193 1696 tum
1209 1670 1253 1695 isti
1268 1669 1335 1695 benc
1349 1669 1526 1696 commendati
1540 1678 1602 1694 cum
1614 1668 1718 1694 Metello

923 1715 975 1733 una
990 1708 1205 1741 proficiscuntur.
1246 1706 1369 1732 Metellus
1383 1706 1497 1732 simulac
1516 1707 1588 1731 venit
1603 1706 1717 1740 Syracu-

923 1753 975 1775 sas,
993 1749 1138 1779 utrumque
1152 1744 1270 1774 rescidit,
1286 1748 1311 1770 et
1324 1743 1357 1769 de
1367 1744 1488 1778 Epicrate
1503 1748 1527 1769 et
1541 1743 1573 1768 de
1588 1743 1715 1768 IIeraclio.

923 1782 950 1807 In
970 1782 1112 1816 utriusque
1131 1781 1208 1807 bonis
1227 1781 1294 1807 nihil
1314 1785 1381 1812 erat,
1402 1781 1473 1815 quod
1493 1780 1597 1806 restitui
1617 1785 1715 1814 posset,

923 1819 975 1844 nisi
989 1819 1061 1853 quod
1076 1819 1176 1844 moveri
1192 1818 1247 1844 loco
1262 1827 1312 1844 non
1328 1822 1456 1852 potuerat.
1498 1818 1593 1843 xxvi.
1610 1819 1650 1843 63.
1670 1817 1717 1842 Fe-

922 1860 992 1882 cerat
1006 1856 1070 1882 haec.
1084 1856 1189 1891 egregie
1204 1856 1290 1890 primo
1303 1856 1418 1881 adventu
1435 1855 1566 1885 Metellus,
1584 1860 1612 1880 ut
1626 1863 1718 1880 omnes

923 1894 1002 1920 istius
1017 1893 1138 1921 iniurias.
1159 1902 1226 1927 quas
1241 1892 1318 1919 modo
1332 1897 1429 1927 posset.
1446 1892 1608 1918 rescinderet
1621 1896 1645 1917 et
1660 1891 1719 1917 irri-

923 1936 962 1957 tas
981 1931 1084 1957 faceret.
1126 1930 1276 1956 Ileraclium
1295 1930 1399 1956 restitui
1419 1930 1545 1955 iusserat:
1572 1938 1623 1955 non
1642 1930 1717 1955 resti-

923 1968 1056 1994 tuebatur.
1096 1967 1227 2002 Quisquis
1246 1972 1301 1993 erat
1318 1967 1432 1993 eductus
1451 1971 1555 1992 senator
1574 1966 1718 2001 Syracusa-

923 2014 974 2031 nus
989 2005 1022 2031 ab
1033 2005 1160 2035 Heraclio,
1177 2004 1238 2030 duci
1253 2005 1371 2030 iubebat.
1401 2005 1490 2038 Itaque
1505 2004 1631 2038 permulti
1645 2004 1717 2029 ducti

923 2047 996 2069 sunt.
1019 2043 1154 2076 Epicrates
1169 2042 1279 2076 quidem
1294 2042 1421 2067 continuo
1435 2042 1575 2067 restitutus
1589 2045 1637 2066 est.
1661 2040 1717 2066 Alia

923 2080 1021 2106 iudicia
1034 2079 1162 2114 Lilybaei,
1178 2079 1228 2105 alia
1240 2079 1388 2113 Agrigenti,
1404 2078 1454 2104 alia
1467 2079 1587 2104 l'auormi
1599 2078 1717 2104 restituta

923 2121 996 2144 sunt.
1025 2118 1137 2146 Census,
1153 2117 1201 2151 qui
1212 2117 1263 2142 isto
1278 2121 1395 2150 praetore
1410 2120 1473 2142 sunt
1488 2116 1580 2146 habiti,
1597 2124 1648 2141 non
1663 2124 1718 2140 scr-

924 2160 1047 2180 vaturum
1062 2162 1090 2179 se
1106 2153 1228 2180 Metellus
1242 2153 1405 2179 ostenderat:
1431 2153 1571 2183 decumas,
1587 2161 1655 2187 quas
1669 2153 1718 2178 iste

923 2196 1012 2218 contra
1025 2191 1109 2226 legem
1121 2191 1286 2216 Ilieronicam
1299 2190 1461 2221 vendiderat,
1475 2199 1535 2216 sese.
1547 2190 1716 2218 venditurum

924 2229 1061 2255 Ilieronica
1078 2228 1147 2262 lege,
1168 2228 1296 2254 edixerat.
1336 2228 1430 2253 Omnia
1445 2232 1518 2253 crant
1534 2227 1630 2253 Metelli
1645 2229 1716 2252 cius-

924 2266 1005 2296 modi,
1019 2270 1047 2292 ut
1059 2274 1109 2291 nou
1121 2270 1172 2291 tum
1183 2273 1259 2291 suam
1272 2269 1420 2298 praeturam
1432 2273 1531 2298 gerere,
1543 2273 1623 2298 (piam
1640 2264 1717 2289 istius

925 2308 1074 2337 praeturam
1098 2306 1215 2328 retexere
1238 2302 1382 2328 videretur.
1423 2301 1508 2327 Simul
1528 2307 1606 2335 atque
1625 2310 1673 2334 ego
1691 2302 1717 2327 in

923 2340 1041 2366 Siciliam
1057 2339 1127 2369 veni,
1144 2343 1262 2365 mutatus
1277 2343 1326 2365 cst.
1362 2340 1403 2364 ot.
1427 2339 1535 2364 Venerat
1550 2339 1581 2363 ud
1596 2347 1657 2364 eum
1674 2338 1718 2364 illo

924 2377 1007 2403 biduo
1023 2376 1133 2402 Letilius
1147 2376 1272 2410 quidam,
1294 2376 1373 2402 homo
1391 2385 1442 2401 non
1461 2375 1565 2401 alicnus
1579 2385 1592 2400 a
1609 2375 1715 2401 litteris:

925 2415 1013 2448 itaquo
1027 2422 1057 2439 eo
1072 2414 1120 2439 iste
1136 2413 1272 2439 tabellario
1285 2422 1391 2447 semper
1407 2421 1472 2438 usus
1491 2417 1540 2438 est.
1583 2413 1606 2438 Is
1620 2413 1717 2446 episto-

926 2451 963 2477 las
975 2450 1126 2484 complures
1141 2449 1276 2475 attulerat:
1301 2450 1327 2475 iu
1343 2450 1384 2475 liis
1399 2459 1478 2475 tinam
1493 2449 1580 2480 domo,
1596 2458 1665 2484 quim
1680 2454 1717 2475 to-

926 2493 981 2514 tum
998 2488 1150 2513 immutarat
1165 2487 1309 2512 homiuem.
1351 2487 1467 2520 llepeute
1481 2487 1565 2521 coepit
1580 2487 1676 2517 dict-rc,
1689 2496 1717 2512 se

925 2525 1013 2551 omnia
1033 2524 1121 2550 Verris
1143 2532 1237 2550 caussa
1261 2524 1342 2550 velle:
1370 2524 1422 2550 sihi
1444 2533 1505 2549 cum
1525 2533 1556 2550 eo
1573 2525 1716 2550 amictuum

923 2562 1161 2595 cognationemque
1185 2570 1253 2586 esse.
1295 2561 1458 2587 Mirabantur
1483 2570 1589 2591 omnes,
1620 2561 1668 2587 hoc
1694 2571 1716 2587 ei

924 2636 1016 2662 multis
1030 2644 1092 2661 eum
1107 2635 1182 2661 factis
1196 2635 1363 2670 decretisque
1378 2635 1536 2669 iugulas-set.
1577 2636 1655 2661 Erant
1669 2644 1716 2670 qui

924 2678 1055 2708 putarent,
1072 2672 1196 2698 Letilium
1214 2672 1328 2707 legatum
1343 2681 1356 2698 a
1371 2672 1450 2698 Verre
1464 2673 1580 2702 venisse,
1596 2674 1643 2707 qui
1657 2682 1717 2707 gru>
