<?xml version="1.0" encoding="UTF-8"?>
<!DOCTYPE html PUBLIC "-//W3C//DTD XHTML 1.0 Transitional//EN"
    "http://www.w3.org/TR/xhtml1/DTD/xhtml1-transitional.dtd">
<html xmlns="http://www.w3.org/1999/xhtml" xml:lang="en" lang="en">
 <head>
  <title>
</title>
<meta http-equiv="Content-Type" content="text/html;charset=utf-8" />
  <meta name='ocr-system' content='tesseract 3.04.00' />
  <meta name='ocr-capabilities' content='ocr_page ocr_carea ocr_par ocr_line ocrx_word'/>
</head>
<body>
  <div class='ocr_page' id='page_1' title='image "./operaomniaunovol00ciceuoft/operaomniaunovol00ciceuoft_1124.png"; bbox 0 0 1941 3052; ppageno 0'>
   <div class='ocr_carea' id='block_1_1' title="bbox 214 132 276 157">
    <p class='ocr_par' dir='ltr' id='par_1_1' title="bbox 214 132 276 157">
     <span class='ocr_line' id='line_1_1' title="bbox 214 132 276 157; baseline 0 -1"><span class='ocrx_word' id='word_1_1' title='bbox 214 132 276 157; x_wconf 79' lang='lat' dir='ltr'>tino</span> 
     </span>
    </p>
   </div>
   <div class='ocr_carea' id='block_1_2' title="bbox 203 195 1032 1570">
    <p class='ocr_par' dir='ltr' id='par_1_2' title="bbox 205 195 1032 1283">
     <span class='ocr_line' id='line_1_2' title="bbox 211 195 1001 232; baseline -0.013 -4"><span class='ocrx_word' id='word_1_2' title='bbox 211 203 342 227; x_wconf 83' lang='lat' dir='ltr'>mirantur</span> <span class='ocrx_word' id='word_1_3' title='bbox 357 209 404 226; x_wconf 75' lang='lat' dir='ltr'>nos</span> <span class='ocrx_word' id='word_1_4' title='bbox 421 201 487 225; x_wconf 79' lang='lat' dir='ltr'>hanc.</span> <span class='ocrx_word' id='word_1_5' title='bbox 503 197 672 232; x_wconf 73' lang='lat' dir='ltr'>potissimum</span> <span class='ocrx_word' id='word_1_6' title='bbox 693 195 865 229; x_wconf 65' lang='lat' dir='ltr'>disciplinam</span> <span class='ocrx_word' id='word_1_7' title='bbox 887 199 1001 223; x_wconf 75' lang='lat' dir='ltr'>secutos,</span> 
     </span>
     <span class='ocr_line' id='line_1_3' title="bbox 212 230 1004 273; baseline -0.009 -10"><span class='ocrx_word' id='word_1_8' title='bbox 212 239 254 264; x_wconf 75' lang='lat' dir='ltr'>his</span> <span class='ocrx_word' id='word_1_9' title='bbox 269 242 394 273; x_wconf 65' lang='lat' dir='ltr'>‹fliiuttuur</span> <span class='ocrx_word' id='word_1_10' title='bbox 406 235 571 262; x_wconf 66' lang='lat' dir='ltr'>Academicis</span> <span class='ocrx_word' id='word_1_11' title='bbox 587 233 663 259; x_wconf 69' lang='lat' dir='ltr'>libris</span> <span class='ocrx_word' id='word_1_12' title='bbox 679 233 744 258; x_wconf 71' lang='lat' dir='ltr'>natis</span> <span class='ocrx_word' id='word_1_13' title='bbox 756 240 913 266; x_wconf 65' lang='lat' dir='ltr'>responsum</span> <span class='ocrx_word' id='word_1_14' title='bbox 928 230 1004 257; x_wconf 84' lang='lat' dir='ltr'>vidc-</span> 
     </span>
     <span class='ocr_line' id='line_1_4' title="bbox 212 269 1002 303; baseline -0.013 -1"><span class='ocrx_word' id='word_1_15' title='bbox 212 281 262 301; x_wconf 86' lang='lat' dir='ltr'>tur.</span> <span class='ocrx_word' id='word_1_16' title='bbox 306 276 357 300; x_wconf 73' lang='lat' dir='ltr'>Nec</span> <span class='ocrx_word' id='word_1_17' title='bbox 381 282 440 298; x_wconf 73' lang='lat' dir='ltr'>iero</span> <span class='ocrx_word' id='word_1_18' title='bbox 460 272 624 296; x_wconf 69' lang='lat' dir='ltr'>desertorum</span> <span class='ocrx_word' id='word_1_19' title='bbox 646 269 889 303; x_wconf 71' lang='lat' dir='ltr'>‹lt-relictarumque</span> <span class='ocrx_word' id='word_1_20' title='bbox 914 276 1002 293; x_wconf 85' lang='lat' dir='ltr'>rerum</span> 
     </span>
     <span class='ocr_line' id='line_1_5' title="bbox 211 305 1007 347; baseline -0.011 -9"><span class='ocrx_word' id='word_1_21' title='bbox 211 312 387 347; x_wconf 66' lang='lat' dir='ltr'>patrocinium</span> <span class='ocrx_word' id='word_1_22' title='bbox 399 309 579 342; x_wconf 62' lang='lat' dir='ltr'>suscepimus.</span> <span class='ocrx_word' id='word_1_23' title='bbox 622 307 677 332; x_wconf 76' lang='lat' dir='ltr'>Non</span> <span class='ocrx_word' id='word_1_24' title='bbox 693 307 765 332; x_wconf 87' lang='lat' dir='ltr'>enim</span> <span class='ocrx_word' id='word_1_25' title='bbox 783 305 1007 331; x_wconf 81' lang='lat' dir='ltr'>bominuminter-</span> 
     </span>
     <span class='ocr_line' id='line_1_6' title="bbox 215 342 1025 379; baseline -0.01 -4"><span class='ocrx_word' id='word_1_26' title='bbox 215 350 252 375; x_wconf 94' lang='lat' dir='ltr'>itu</span> <span class='ocrx_word' id='word_1_27' title='bbox 280 348 423 373; x_wconf 64' lang='lat' dir='ltr'>seint-ntiae</span> <span class='ocrx_word' id='word_1_28' title='bbox 439 353 547 379; x_wconf 78' lang='lat' dir='ltr'>quoqu(-</span> <span class='ocrx_word' id='word_1_29' title='bbox 562 343 700 371; x_wconf 73' lang='lat' dir='ltr'>occidunt.</span> <span class='ocrx_word' id='word_1_30' title='bbox 723 342 770 368; x_wconf 82' lang='lat' dir='ltr'>scd</span> <span class='ocrx_word' id='word_1_31' title='bbox 787 342 874 368; x_wconf 86' lang='lat' dir='ltr'>lucem</span> <span class='ocrx_word' id='word_1_32' title='bbox 888 344 1003 368; x_wconf 83' lang='lat' dir='ltr'>auctoris</span> <span class='ocrx_word' id='word_1_33' title='bbox 1023 347 1025 369; x_wconf 69' lang='lat'>⁴,</span> 
     </span>
     <span class='ocr_line' id='line_1_7' title="bbox 213 380 1002 415; baseline -0.009 -4"><span class='ocrx_word' id='word_1_34' title='bbox 213 387 320 411; x_wconf 66' lang='lat' dir='ltr'>fort-isse</span> <span class='ocrx_word' id='word_1_35' title='bbox 331 383 496 409; x_wconf 67' lang='lat' dir='ltr'>desiderant:</span> <span class='ocrx_word' id='word_1_36' title='bbox 515 387 543 407; x_wconf 89' lang='lat' dir='ltr'>ut</span> <span class='ocrx_word' id='word_1_37' title='bbox 556 381 619 406; x_wconf 78' lang='lat' dir='ltr'>haec</span> <span class='ocrx_word' id='word_1_38' title='bbox 631 381 658 406; x_wconf 90' lang='lat' dir='ltr'>in</span> <span class='ocrx_word' id='word_1_39' title='bbox 671 380 841 415; x_wconf 71' lang='lat' dir='ltr'>philosophia</span> <span class='ocrx_word' id='word_1_40' title='bbox 859 380 925 405; x_wconf 82' lang='lat' dir='ltr'>ratio</span> <span class='ocrx_word' id='word_1_41' title='bbox 938 388 1002 405; x_wconf 91' lang='lat' dir='ltr'>con-</span> 
     </span>
     <span class='ocr_line' id='line_1_8' title="bbox 212 416 1000 452; baseline -0.008 -4"><span class='ocrx_word' id='word_1_42' title='bbox 212 429 248 448; x_wconf 77' lang='lat' dir='ltr'>tra</span> <span class='ocrx_word' id='word_1_43' title='bbox 259 422 346 447; x_wconf 80' lang='lat' dir='ltr'>onmia</span> <span class='ocrx_word' id='word_1_44' title='bbox 357 419 507 446; x_wconf 61' lang='lat' dir='ltr'>disserendi</span> <span class='ocrx_word' id='word_1_45' title='bbox 520 418 678 452; x_wconf 84' lang='lat' dir='ltr'>nullamque</span> <span class='ocrx_word' id='word_1_46' title='bbox 690 426 744 443; x_wconf 88' lang='lat' dir='ltr'>rem</span> <span class='ocrx_word' id='word_1_47' title='bbox 757 416 1000 451; x_wconf 71' lang='lat' dir='ltr'>aperteimticandi,</span> 
     </span>
     <span class='ocr_line' id='line_1_9' title="bbox 211 454 1002 494; baseline -0.008 -10"><span class='ocrx_word' id='word_1_48' title='bbox 211 459 324 494; x_wconf 79' lang='lat' dir='ltr'>profecta</span> <span class='ocrx_word' id='word_1_49' title='bbox 341 468 354 483; x_wconf 82' lang='lat' dir='ltr'>a</span> <span class='ocrx_word' id='word_1_50' title='bbox 366 457 483 485; x_wconf 71' lang='lat' dir='ltr'>Socrate.</span> <span class='ocrx_word' id='word_1_51' title='bbox 502 456 612 490; x_wconf 71' lang='lat' dir='ltr'>repetita</span> <span class='ocrx_word' id='word_1_52' title='bbox 627 454 660 480; x_wconf 83' lang='lat' dir='ltr'>ab</span> <span class='ocrx_word' id='word_1_53' title='bbox 672 454 803 484; x_wconf 75' lang='lat' dir='ltr'>Arcesila,</span> <span class='ocrx_word' id='word_1_54' title='bbox 819 455 973 480; x_wconf 75' lang='lat' dir='ltr'>confirmata</span> <span class='ocrx_word' id='word_1_55' title='bbox 989 462 1002 478; x_wconf 84' lang='lat' dir='ltr'>a</span> 
     </span>
     <span class='ocr_line' id='line_1_10' title="bbox 210 492 1002 528; baseline -0.006 -7"><span class='ocrx_word' id='word_1_56' title='bbox 210 494 358 523; x_wconf 73' lang='lat' dir='ltr'>Carneade,</span> <span class='ocrx_word' id='word_1_57' title='bbox 381 502 467 528; x_wconf 84' lang='lat' dir='ltr'>usquc</span> <span class='ocrx_word' id='word_1_58' title='bbox 488 492 520 518; x_wconf 84' lang='lat' dir='ltr'>ud</span> <span class='ocrx_word' id='word_1_59' title='bbox 538 497 652 518; x_wconf 80' lang='lat' dir='ltr'>nostram</span> <span class='ocrx_word' id='word_1_60' title='bbox 670 492 758 527; x_wconf 80' lang='lat' dir='ltr'>viguit</span> <span class='ocrx_word' id='word_1_61' title='bbox 772 496 897 517; x_wconf 81' lang='lat' dir='ltr'>aetatem:</span> <span class='ocrx_word' id='word_1_62' title='bbox 920 499 1002 525; x_wconf 79' lang='lat' dir='ltr'>quam</span> 
     </span>
     <span class='ocr_line' id='line_1_11' title="bbox 210 527 1003 566; baseline -0.006 -8"><span class='ocrx_word' id='word_1_63' title='bbox 210 541 280 559; x_wconf 77' lang='lat' dir='ltr'>nunc</span> <span class='ocrx_word' id='word_1_64' title='bbox 292 530 485 566; x_wconf 76' lang='lat' dir='ltr'>propemodum</span> <span class='ocrx_word' id='word_1_65' title='bbox 497 530 588 555; x_wconf 88' lang='lat' dir='ltr'>orbam</span> <span class='ocrx_word' id='word_1_66' title='bbox 600 538 659 556; x_wconf 82' lang='lat' dir='ltr'>esse</span> <span class='ocrx_word' id='word_1_67' title='bbox 671 530 697 555; x_wconf 92' lang='lat' dir='ltr'>in</span> <span class='ocrx_word' id='word_1_68' title='bbox 711 530 767 563; x_wconf 83' lang='lat' dir='ltr'>ipsa</span> <span class='ocrx_word' id='word_1_69' title='bbox 780 529 890 555; x_wconf 85' lang='lat' dir='ltr'>Graecia</span> <span class='ocrx_word' id='word_1_70' title='bbox 903 527 1003 554; x_wconf 81' lang='lat' dir='ltr'>intelli-</span> 
     </span>
     <span class='ocr_line' id='line_1_12' title="bbox 209 565 1003 603; baseline -0.006 -8"><span class='ocrx_word' id='word_1_71' title='bbox 209 579 252 603; x_wconf 71' lang='grc' dir='ltr'>μο,</span> <span class='ocrx_word' id='word_1_72' title='bbox 292 568 368 601; x_wconf 86' lang='lat' dir='ltr'>Quod</span> <span class='ocrx_word' id='word_1_73' title='bbox 385 577 436 594; x_wconf 90' lang='lat' dir='ltr'>non</span> <span class='ocrx_word' id='word_1_74' title='bbox 453 567 612 593; x_wconf 75' lang='lat' dir='ltr'>Academiae</span> <span class='ocrx_word' id='word_1_75' title='bbox 624 567 702 596; x_wconf 81' lang='lat' dir='ltr'>vitio.</span> <span class='ocrx_word' id='word_1_76' title='bbox 719 565 766 591; x_wconf 85' lang='lat' dir='ltr'>scd</span> <span class='ocrx_word' id='word_1_77' title='bbox 781 565 903 592; x_wconf 81' lang='lat' dir='ltr'>tarditate</span> <span class='ocrx_word' id='word_1_78' title='bbox 916 565 1003 591; x_wconf 83' lang='lat' dir='ltr'>homi-</span> 
     </span>
     <span class='ocr_line' id='line_1_13' title="bbox 210 601 1031 640; baseline -0.006 -8"><span class='ocrx_word' id='word_1_79' title='bbox 210 615 273 633; x_wconf 88' lang='lat' dir='ltr'>num</span> <span class='ocrx_word' id='word_1_80' title='bbox 285 606 397 632; x_wconf 83' lang='lat' dir='ltr'>arbitror</span> <span class='ocrx_word' id='word_1_81' title='bbox 407 605 562 640; x_wconf 69' lang='lat' dir='ltr'>contigisse.</span> <span class='ocrx_word' id='word_1_82' title='bbox 597 604 664 630; x_wconf 80' lang='lat' dir='ltr'>Nam</span> <span class='ocrx_word' id='word_1_83' title='bbox 675 604 699 630; x_wconf 86' lang='lat' dir='ltr'>si</span> <span class='ocrx_word' id='word_1_84' title='bbox 710 603 832 638; x_wconf 80' lang='lat' dir='ltr'>singulas</span> <span class='ocrx_word' id='word_1_85' title='bbox 843 601 1003 637; x_wconf 81' lang='lat' dir='ltr'>disciplinas</span> <span class='ocrx_word' id='word_1_86' title='bbox 1030 632 1031 635; x_wconf 14' lang='grc' dir='ltr'><strong>Ἰ</strong></span> 
     </span>
     <span class='ocr_line' id='line_1_14' title="bbox 209 639 1025 678; baseline -0.006 -9"><span class='ocrx_word' id='word_1_87' title='bbox 209 644 346 678; x_wconf 83' lang='lat' dir='ltr'>percipere</span> <span class='ocrx_word' id='word_1_88' title='bbox 362 651 490 678; x_wconf 82' lang='lat' dir='ltr'>magnum</span> <span class='ocrx_word' id='word_1_89' title='bbox 507 647 560 673; x_wconf 83' lang='lat' dir='ltr'>est,</span> <span class='ocrx_word' id='word_1_90' title='bbox 580 646 681 676; x_wconf 74' lang='lat' dir='ltr'>quanto</span> <span class='ocrx_word' id='word_1_91' title='bbox 697 641 784 667; x_wconf 89' lang='lat' dir='ltr'>maius</span> <span class='ocrx_word' id='word_1_92' title='bbox 799 639 911 667; x_wconf 72' lang='lat' dir='ltr'>omnes?</span> <span class='ocrx_word' id='word_1_93' title='bbox 929 639 1002 674; x_wconf 86' lang='lat' dir='ltr'>quod</span> <span class='ocrx_word' id='word_1_94' title='bbox 1024 642 1025 673; x_wconf 56' lang='grc' dir='ltr'>ζ</span> 
     </span>
     <span class='ocr_line' id='line_1_15' title="bbox 209 672 1032 714; baseline -0.005 -8"><span class='ocrx_word' id='word_1_95' title='bbox 209 681 294 707; x_wconf 72' lang='lat' dir='ltr'>facero</span> <span class='ocrx_word' id='word_1_96' title='bbox 306 681 339 706; x_wconf 89' lang='lat' dir='ltr'>iis</span> <span class='ocrx_word' id='word_1_97' title='bbox 351 687 459 706; x_wconf 84' lang='lat' dir='ltr'>necesse</span> <span class='ocrx_word' id='word_1_98' title='bbox 470 684 522 709; x_wconf 82' lang='lat' dir='ltr'>est,</span> <span class='ocrx_word' id='word_1_99' title='bbox 545 679 647 714; x_wconf 81' lang='lat' dir='ltr'>quibus</span> <span class='ocrx_word' id='word_1_100' title='bbox 661 678 827 713; x_wconf 89' lang='lat' dir='ltr'>propositum</span> <span class='ocrx_word' id='word_1_101' title='bbox 842 682 881 703; x_wconf 86' lang='lat' dir='ltr'>est</span> <span class='ocrx_word' id='word_1_102' title='bbox 893 677 949 703; x_wconf 84' lang='lat' dir='ltr'>veri</span> <span class='ocrx_word' id='word_1_103' title='bbox 961 685 1003 702; x_wconf 91' lang='lat' dir='ltr'>re-</span> <span class='ocrx_word' id='word_1_104' title='bbox 1030 672 1032 705; x_wconf 98' lang='grc' dir='ltr'>Ι</span> 
     </span>
     <span class='ocr_line' id='line_1_16' title="bbox 209 714 1032 768; baseline -0.006 -24"><span class='ocrx_word' id='word_1_105' title='bbox 209 717 331 753; x_wconf 84' lang='lat' dir='ltr'>periendi</span> <span class='ocrx_word' id='word_1_106' title='bbox 351 725 446 743; x_wconf 85' lang='lat' dir='ltr'>caussa</span> <span class='ocrx_word' id='word_1_107' title='bbox 467 721 493 743; x_wconf 88' lang='lat' dir='ltr'>et</span> <span class='ocrx_word' id='word_1_108' title='bbox 507 721 596 743; x_wconf 89' lang='lat' dir='ltr'>contra</span> <span class='ocrx_word' id='word_1_109' title='bbox 615 724 708 742; x_wconf 85' lang='lat' dir='ltr'>omnes</span> <span class='ocrx_word' id='word_1_110' title='bbox 724 714 900 750; x_wconf 84' lang='lat' dir='ltr'>philosophos</span> <span class='ocrx_word' id='word_1_111' title='bbox 915 719 940 740; x_wconf 88' lang='lat' dir='ltr'>et</span> <span class='ocrx_word' id='word_1_112' title='bbox 955 722 1002 748; x_wconf 89' lang='lat' dir='ltr'>pro</span> <span class='ocrx_word' id='word_1_113' title='bbox 1030 722 1032 768; x_wconf 79' lang='grc' dir='ltr'>Ι</span> 
     </span>
     <span class='ocr_line' id='line_1_17' title="bbox 207 751 1003 786; baseline -0.005 -5"><span class='ocrx_word' id='word_1_114' title='bbox 207 754 335 781; x_wconf 83' lang='lat' dir='ltr'>omnibus</span> <span class='ocrx_word' id='word_1_115' title='bbox 346 754 445 780; x_wconf 84' lang='lat' dir='ltr'>dicere.</span> <span class='ocrx_word' id='word_1_116' title='bbox 482 755 521 780; x_wconf 75' lang='lat'>⁴2.</span> <span class='ocrx_word' id='word_1_117' title='bbox 543 754 627 780; x_wconf 86' lang='lat' dir='ltr'>Cuius</span> <span class='ocrx_word' id='word_1_118' title='bbox 638 753 676 779; x_wconf 86' lang='lat' dir='ltr'>rei</span> <span class='ocrx_word' id='word_1_119' title='bbox 688 758 774 779; x_wconf 85' lang='lat' dir='ltr'>tantae</span> <span class='ocrx_word' id='word_1_120' title='bbox 786 758 893 786; x_wconf 85' lang='lat' dir='ltr'>tamque</span> <span class='ocrx_word' id='word_1_121' title='bbox 903 751 1003 777; x_wconf 81' lang='lat' dir='ltr'>diflici-</span> 
     </span>
     <span class='ocr_line' id='line_1_18' title="bbox 209 774 1032 825; baseline -0.005 -7"><span class='ocrx_word' id='word_1_122' title='bbox 209 792 240 819; x_wconf 89' lang='lat' dir='ltr'>lis</span> <span class='ocrx_word' id='word_1_123' title='bbox 255 791 408 818; x_wconf 73' lang='lat' dir='ltr'>facultatem</span> <span class='ocrx_word' id='word_1_124' title='bbox 421 795 595 818; x_wconf 88' lang='lat' dir='ltr'>consecutum</span> <span class='ocrx_word' id='word_1_125' title='bbox 611 798 670 816; x_wconf 85' lang='lat' dir='ltr'>esse</span> <span class='ocrx_word' id='word_1_126' title='bbox 685 798 726 816; x_wconf 88' lang='lat' dir='ltr'>me</span> <span class='ocrx_word' id='word_1_127' title='bbox 742 799 793 816; x_wconf 88' lang='lat' dir='ltr'>non</span> <span class='ocrx_word' id='word_1_128' title='bbox 805 789 941 824; x_wconf 81' lang='lat' dir='ltr'>profiteor:</span> <span class='ocrx_word' id='word_1_129' title='bbox 959 797 1002 814; x_wconf 86' lang='lat' dir='ltr'>se-</span> <span class='ocrx_word' id='word_1_130' title='bbox 1024 774 1032 825; x_wconf 65' lang='lat'>¹!</span> 
     </span>
     <span class='ocr_line' id='line_1_19' title="bbox 207 827 999 863; baseline -0.006 -7"><span class='ocrx_word' id='word_1_131' title='bbox 207 834 300 856; x_wconf 88' lang='lat' dir='ltr'>cutum</span> <span class='ocrx_word' id='word_1_132' title='bbox 311 837 370 855; x_wconf 82' lang='lat' dir='ltr'>esse</span> <span class='ocrx_word' id='word_1_133' title='bbox 382 836 444 863; x_wconf 83' lang='lat' dir='ltr'>prae</span> <span class='ocrx_word' id='word_1_134' title='bbox 456 837 498 854; x_wconf 85' lang='lat' dir='ltr'>me</span> <span class='ocrx_word' id='word_1_135' title='bbox 511 828 575 854; x_wconf 89' lang='lat' dir='ltr'>fero.</span> <span class='ocrx_word' id='word_1_136' title='bbox 616 828 670 854; x_wconf 74' lang='lat' dir='ltr'>Nec</span> <span class='ocrx_word' id='word_1_137' title='bbox 681 833 769 853; x_wconf 84' lang='lat' dir='ltr'>tamen</span> <span class='ocrx_word' id='word_1_138' title='bbox 782 827 838 852; x_wconf 82' lang='lat' dir='ltr'>fieri</span> <span class='ocrx_word' id='word_1_139' title='bbox 853 830 947 861; x_wconf 70' lang='lat' dir='ltr'>potest,</span> <span class='ocrx_word' id='word_1_140' title='bbox 962 830 999 855; x_wconf 87' lang='lat' dir='ltr'>ut,</span> 
     </span>
     <span class='ocr_line' id='line_1_20' title="bbox 207 862 1002 902; baseline -0.005 -9"><span class='ocrx_word' id='word_1_141' title='bbox 207 867 255 902; x_wconf 91' lang='lat' dir='ltr'>qui</span> <span class='ocrx_word' id='word_1_142' title='bbox 268 866 317 892; x_wconf 87' lang='lat' dir='ltr'>hac</span> <span class='ocrx_word' id='word_1_143' title='bbox 328 866 429 892; x_wconf 88' lang='lat' dir='ltr'>ratione</span> <span class='ocrx_word' id='word_1_144' title='bbox 443 865 676 900; x_wconf 79' lang='lat' dir='ltr'>philosophentur,</span> <span class='ocrx_word' id='word_1_145' title='bbox 686 865 705 890; x_wconf 93' lang='lat' dir='ltr'>ii</span> <span class='ocrx_word' id='word_1_146' title='bbox 716 864 784 891; x_wconf 88' lang='lat' dir='ltr'>nihil</span> <span class='ocrx_word' id='word_1_147' title='bbox 797 864 920 890; x_wconf 87' lang='lat' dir='ltr'>habeant.</span> <span class='ocrx_word' id='word_1_148' title='bbox 929 862 1002 898; x_wconf 90' lang='lat' dir='ltr'>quod</span> 
     </span>
     <span class='ocr_line' id='line_1_21' title="bbox 207 900 1031 939; baseline -0.007 -9"><span class='ocrx_word' id='word_1_149' title='bbox 207 908 364 939; x_wconf 85' lang='lat' dir='ltr'>sequantur.</span> <span class='ocrx_word' id='word_1_150' title='bbox 396 903 501 929; x_wconf 86' lang='lat' dir='ltr'>Dictum</span> <span class='ocrx_word' id='word_1_151' title='bbox 513 908 553 928; x_wconf 87' lang='lat' dir='ltr'>est</span> <span class='ocrx_word' id='word_1_152' title='bbox 563 904 672 928; x_wconf 90' lang='lat' dir='ltr'>omnino</span> <span class='ocrx_word' id='word_1_153' title='bbox 686 902 734 928; x_wconf 87' lang='lat' dir='ltr'>hac</span> <span class='ocrx_word' id='word_1_154' title='bbox 745 901 777 928; x_wconf 89' lang='lat' dir='ltr'>de</span> <span class='ocrx_word' id='word_1_155' title='bbox 789 910 816 927; x_wconf 88' lang='lat' dir='ltr'>re</span> <span class='ocrx_word' id='word_1_156' title='bbox 828 901 880 927; x_wconf 92' lang='lat' dir='ltr'>alio</span> <span class='ocrx_word' id='word_1_157' title='bbox 893 900 948 926; x_wconf 87' lang='lat' dir='ltr'>loco</span> <span class='ocrx_word' id='word_1_158' title='bbox 959 900 1003 925; x_wconf 89' lang='lat' dir='ltr'>di·</span> <span class='ocrx_word' id='word_1_159' title='bbox 1030 917 1031 923; x_wconf 42' lang='lat'>1</span> 
     </span>
     <span class='ocr_line' id='line_1_22' title="bbox 208 934 1025 976; baseline -0.005 -9"><span class='ocrx_word' id='word_1_160' title='bbox 208 940 352 976; x_wconf 85' lang='lat' dir='ltr'>ligentius:</span> <span class='ocrx_word' id='word_1_161' title='bbox 369 940 416 966; x_wconf 87' lang='lat' dir='ltr'>sed</span> <span class='ocrx_word' id='word_1_162' title='bbox 425 961 431 971; x_wconf 86' lang='grc'>,</span> <span class='ocrx_word' id='word_1_163' title='bbox 444 940 508 975; x_wconf 88' lang='lat' dir='ltr'>quia</span> <span class='ocrx_word' id='word_1_164' title='bbox 520 940 602 966; x_wconf 88' lang='lat' dir='ltr'>nimis</span> <span class='ocrx_word' id='word_1_165' title='bbox 613 939 743 965; x_wconf 78' lang='lat' dir='ltr'>indociles</span> <span class='ocrx_word' id='word_1_166' title='bbox 754 938 866 974; x_wconf 91' lang='lat' dir='ltr'>quidam</span> <span class='ocrx_word' id='word_1_167' title='bbox 878 938 1002 972; x_wconf 85' lang='lat' dir='ltr'>tardique</span> <span class='ocrx_word' id='word_1_168' title='bbox 1023 934 1025 940; x_wconf 56' lang='lat'><strong>¹</strong></span> 
     </span>
     <span class='ocr_line' id='line_1_23' title="bbox 206 976 1002 1011; baseline -0.005 -7"><span class='ocrx_word' id='word_1_169' title='bbox 206 978 279 1007; x_wconf 85' lang='lat' dir='ltr'>sdnt,</span> <span class='ocrx_word' id='word_1_170' title='bbox 291 977 453 1004; x_wconf 84' lang='lat' dir='ltr'>admonendi</span> <span class='ocrx_word' id='word_1_171' title='bbox 468 977 594 1003; x_wconf 83' lang='lat' dir='ltr'>videntur</span> <span class='ocrx_word' id='word_1_172' title='bbox 604 977 723 1011; x_wconf 85' lang='lat' dir='ltr'>saepius.</span> <span class='ocrx_word' id='word_1_173' title='bbox 753 977 811 1002; x_wconf 83' lang='lat' dir='ltr'>Non</span> <span class='ocrx_word' id='word_1_174' title='bbox 822 976 894 1002; x_wconf 91' lang='lat' dir='ltr'>enim</span> <span class='ocrx_word' id='word_1_175' title='bbox 906 983 1002 1001; x_wconf 87' lang='lat' dir='ltr'>sumus</span> 
     </span>
     <span class='ocr_line' id='line_1_24' title="bbox 207 1011 1031 1050; baseline -0.004 -9"><span class='ocrx_word' id='word_1_176' title='bbox 207 1015 346 1050; x_wconf 83' lang='lat' dir='ltr'>ii.quibus</span> <span class='ocrx_word' id='word_1_177' title='bbox 357 1014 425 1041; x_wconf 89' lang='lat' dir='ltr'>nibil</span> <span class='ocrx_word' id='word_1_178' title='bbox 438 1023 532 1041; x_wconf 89' lang='lat' dir='ltr'>verum</span> <span class='ocrx_word' id='word_1_179' title='bbox 543 1022 602 1040; x_wconf 89' lang='lat' dir='ltr'>esse</span> <span class='ocrx_word' id='word_1_180' title='bbox 614 1014 745 1043; x_wconf 78' lang='lat' dir='ltr'>videatur,</span> <span class='ocrx_word' id='word_1_181' title='bbox 754 1013 801 1040; x_wconf 90' lang='lat' dir='ltr'>sed</span> <span class='ocrx_word' id='word_1_182' title='bbox 814 1014 841 1043; x_wconf 86' lang='lat' dir='ltr'>ii,</span> <span class='ocrx_word' id='word_1_183' title='bbox 855 1013 903 1047; x_wconf 88' lang='lat' dir='ltr'>qui</span> <span class='ocrx_word' id='word_1_184' title='bbox 913 1013 1003 1038; x_wconf 90' lang='lat' dir='ltr'>omni-</span> <span class='ocrx_word' id='word_1_185' title='bbox 1023 1011 1031 1049; x_wconf 44' lang='lat'>3¹</span> 
     </span>
     <span class='ocr_line' id='line_1_25' title="bbox 207 1042 1025 1087; baseline -0.005 -8"><span class='ocrx_word' id='word_1_186' title='bbox 207 1052 259 1079; x_wconf 88' lang='lat' dir='ltr'>bus</span> <span class='ocrx_word' id='word_1_187' title='bbox 271 1053 342 1078; x_wconf 89' lang='lat' dir='ltr'>veris</span> <span class='ocrx_word' id='word_1_188' title='bbox 354 1051 420 1078; x_wconf 85' lang='lat' dir='ltr'>falsa</span> <span class='ocrx_word' id='word_1_189' title='bbox 431 1051 563 1087; x_wconf 79' lang='lat' dir='ltr'>quaedam</span> <span class='ocrx_word' id='word_1_190' title='bbox 575 1051 699 1077; x_wconf 88' lang='lat' dir='ltr'>adiuncta</span> <span class='ocrx_word' id='word_1_191' title='bbox 710 1059 769 1077; x_wconf 85' lang='lat' dir='ltr'>esse</span> <span class='ocrx_word' id='word_1_192' title='bbox 780 1051 917 1079; x_wconf 73' lang='lat' dir='ltr'>dicamus,</span> <span class='ocrx_word' id='word_1_193' title='bbox 931 1054 1001 1075; x_wconf 88' lang='lat' dir='ltr'>tanta</span> <span class='ocrx_word' id='word_1_194' title='bbox 1022 1042 1025 1081; x_wconf 76' lang='lat' dir='ltr'>l</span> 
     </span>
     <span class='ocr_line' id='line_1_26' title="bbox 205 1086 1025 1120; baseline -0.005 -4"><span class='ocrx_word' id='word_1_195' title='bbox 205 1089 396 1120; x_wconf 81' lang='lat' dir='ltr'>similitudine,</span> <span class='ocrx_word' id='word_1_196' title='bbox 410 1090 475 1116; x_wconf 90' lang='lat' dir='ltr'>utin</span> <span class='ocrx_word' id='word_1_197' title='bbox 488 1090 521 1115; x_wconf 93' lang='lat' dir='ltr'>iis</span> <span class='ocrx_word' id='word_1_198' title='bbox 533 1088 605 1115; x_wconf 90' lang='lat' dir='ltr'>nulla</span> <span class='ocrx_word' id='word_1_199' title='bbox 618 1089 682 1114; x_wconf 89' lang='lat' dir='ltr'>insit</span> <span class='ocrx_word' id='word_1_200' title='bbox 692 1094 761 1114; x_wconf 84' lang='lat' dir='ltr'>certa</span> <span class='ocrx_word' id='word_1_201' title='bbox 774 1087 913 1114; x_wconf 89' lang='lat' dir='ltr'>iudicandi</span> <span class='ocrx_word' id='word_1_202' title='bbox 924 1091 950 1113; x_wconf 89' lang='lat' dir='ltr'>et</span> <span class='ocrx_word' id='word_1_203' title='bbox 958 1095 1003 1113; x_wconf 89' lang='lat' dir='ltr'>as·</span> <span class='ocrx_word' id='word_1_204' title='bbox 1023 1086 1025 1100; x_wconf 77' lang='lat'><em>¹</em></span> 
     </span>
     <span class='ocr_line' id='line_1_27' title="bbox 205 1124 1003 1161; baseline -0.005 -8"><span class='ocrx_word' id='word_1_205' title='bbox 205 1126 340 1153; x_wconf 88' lang='lat' dir='ltr'>sentiendi</span> <span class='ocrx_word' id='word_1_206' title='bbox 352 1131 421 1153; x_wconf 83' lang='lat' dir='ltr'>nota.</span> <span class='ocrx_word' id='word_1_207' title='bbox 451 1126 492 1152; x_wconf 82' lang='lat' dir='ltr'>Ex</span> <span class='ocrx_word' id='word_1_208' title='bbox 501 1134 555 1161; x_wconf 93' lang='lat' dir='ltr'>quo</span> <span class='ocrx_word' id='word_1_209' title='bbox 566 1127 671 1152; x_wconf 73' lang='lat' dir='ltr'>exsistit</span> <span class='ocrx_word' id='word_1_210' title='bbox 683 1125 760 1155; x_wconf 86' lang='lat' dir='ltr'>illud,</span> <span class='ocrx_word' id='word_1_211' title='bbox 775 1124 858 1150; x_wconf 87' lang='lat' dir='ltr'>multa</span> <span class='ocrx_word' id='word_1_212' title='bbox 870 1132 929 1150; x_wconf 86' lang='lat' dir='ltr'>esse</span> <span class='ocrx_word' id='word_1_213' title='bbox 940 1132 1003 1158; x_wconf 87' lang='lat' dir='ltr'>pro-</span> 
     </span>
     <span class='ocr_line' id='line_1_28' title="bbox 206 1163 1024 1199; baseline -0.001 -9"><span class='ocrx_word' id='word_1_214' title='bbox 206 1163 321 1195; x_wconf 84' lang='lat' dir='ltr'>babilia,</span> <span class='ocrx_word' id='word_1_215' title='bbox 342 1172 411 1199; x_wconf 89' lang='lat' dir='ltr'>quae</span> <span class='ocrx_word' id='word_1_216' title='bbox 426 1171 591 1198; x_wconf 87' lang='lat' dir='ltr'>quamquam</span> <span class='ocrx_word' id='word_1_217' title='bbox 606 1171 658 1189; x_wconf 93' lang='lat' dir='ltr'>non</span> <span class='ocrx_word' id='word_1_218' title='bbox 669 1163 884 1197; x_wconf 79' lang='lat' dir='ltr'>perciperentur.</span> <span class='ocrx_word' id='word_1_219' title='bbox 901 1166 999 1191; x_wconf 87' lang='lat' dir='ltr'>tamen,</span> <span class='ocrx_word' id='word_1_220' title='bbox 1023 1185 1024 1189; x_wconf 71' lang='grc'>,</span> 
     </span>
     <span class='ocr_line' id='line_1_29' title="bbox 205 1194 1025 1240; baseline -0.002 -13"><span class='ocrx_word' id='word_1_221' title='bbox 205 1202 269 1236; x_wconf 87' lang='lat' dir='ltr'>quia</span> <span class='ocrx_word' id='word_1_222' title='bbox 281 1202 370 1227; x_wconf 83' lang='lat' dir='ltr'>visum</span> <span class='ocrx_word' id='word_1_223' title='bbox 383 1200 511 1227; x_wconf 86' lang='lat' dir='ltr'>haberent</span> <span class='ocrx_word' id='word_1_224' title='bbox 521 1199 666 1235; x_wconf 84' lang='lat' dir='ltr'>quemdam</span> <span class='ocrx_word' id='word_1_225' title='bbox 677 1200 812 1236; x_wconf 82' lang='lat' dir='ltr'>insignem</span> <span class='ocrx_word' id='word_1_226' title='bbox 824 1198 999 1230; x_wconf 89' lang='lat' dir='ltr'>etillustrem,</span> <span class='ocrx_word' id='word_1_227' title='bbox 1022 1194 1025 1240; x_wconf 63' lang='grc' dir='ltr'>ᾗ</span> 
     </span>
     <span class='ocr_line' id='line_1_30' title="bbox 207 1238 1025 1283; baseline -0.005 -18"><span class='ocrx_word' id='word_1_228' title='bbox 207 1239 240 1265; x_wconf 90' lang='lat' dir='ltr'>iis</span> <span class='ocrx_word' id='word_1_229' title='bbox 253 1239 383 1272; x_wconf 86' lang='lat' dir='ltr'>sapientis</span> <span class='ocrx_word' id='word_1_230' title='bbox 395 1238 448 1263; x_wconf 76' lang='lat' dir='ltr'>vita</span> <span class='ocrx_word' id='word_1_231' title='bbox 460 1242 604 1272; x_wconf 82' lang='lat' dir='ltr'>regeretur.</span> <span class='ocrx_word' id='word_1_232' title='bbox 1022 1242 1025 1283; x_wconf 62' lang='grc' dir='ltr'>Ι</span> 
     </span>
    </p>

    <p class='ocr_par' dir='ltr' id='par_1_3' title="bbox 203 1272 1032 1570">
     <span class='ocr_line' id='line_1_31' title="bbox 261 1272 1024 1305; baseline -0.003 -4"><span class='ocrx_word' id='word_1_233' title='bbox 261 1276 303 1301; x_wconf 77' lang='lat' dir='ltr'>vl.</span> <span class='ocrx_word' id='word_1_234' title='bbox 328 1276 367 1301; x_wconf 79' lang='lat'>⁴3.</span> <span class='ocrx_word' id='word_1_235' title='bbox 389 1274 442 1301; x_wconf 89' lang='lat' dir='ltr'>Sed</span> <span class='ocrx_word' id='word_1_236' title='bbox 463 1275 530 1305; x_wconf 82' lang='lat' dir='ltr'>iam,</span> <span class='ocrx_word' id='word_1_237' title='bbox 551 1279 581 1301; x_wconf 89' lang='lat' dir='ltr'>ut</span> <span class='ocrx_word' id='word_1_238' title='bbox 593 1274 667 1300; x_wconf 90' lang='lat' dir='ltr'>omni</span> <span class='ocrx_word' id='word_1_239' title='bbox 687 1282 730 1300; x_wconf 90' lang='lat' dir='ltr'>me</span> <span class='ocrx_word' id='word_1_240' title='bbox 751 1273 853 1300; x_wconf 80' lang='lat' dir='ltr'>invidia</span> <span class='ocrx_word' id='word_1_241' title='bbox 876 1272 998 1303; x_wconf 84' lang='lat' dir='ltr'>liberem,</span> <span class='ocrx_word' id='word_1_242' title='bbox 1022 1287 1024 1294; x_wconf 36' lang='grc' dir='ltr'><strong><em>π</em></strong></span> 
     </span>
     <span class='ocr_line' id='line_1_32' title="bbox 205 1298 1025 1347; baseline -0.002 -9"><span class='ocrx_word' id='word_1_243' title='bbox 205 1321 302 1347; x_wconf 85' lang='lat' dir='ltr'>ponam</span> <span class='ocrx_word' id='word_1_244' title='bbox 318 1312 345 1338; x_wconf 93' lang='lat' dir='ltr'>in</span> <span class='ocrx_word' id='word_1_245' title='bbox 361 1311 450 1338; x_wconf 86' lang='lat' dir='ltr'>medio</span> <span class='ocrx_word' id='word_1_246' title='bbox 463 1312 608 1338; x_wconf 87' lang='lat' dir='ltr'>sententias</span> <span class='ocrx_word' id='word_1_247' title='bbox 624 1310 848 1346; x_wconf 86' lang='lat' dir='ltr'>philosophorum</span> <span class='ocrx_word' id='word_1_248' title='bbox 862 1310 895 1337; x_wconf 92' lang='lat' dir='ltr'>de</span> <span class='ocrx_word' id='word_1_249' title='bbox 907 1315 1001 1337; x_wconf 89' lang='lat' dir='ltr'>natura</span> <span class='ocrx_word' id='word_1_250' title='bbox 1022 1298 1025 1330; x_wconf 62' lang='lat' dir='ltr'>l</span> 
     </span>
     <span class='ocr_line' id='line_1_33' title="bbox 205 1346 1025 1384; baseline -0.002 -8"><span class='ocrx_word' id='word_1_251' title='bbox 205 1350 328 1376; x_wconf 86' lang='lat' dir='ltr'>deorum.</span> <span class='ocrx_word' id='word_1_252' title='bbox 363 1348 422 1381; x_wconf 93' lang='lat' dir='ltr'>Quo</span> <span class='ocrx_word' id='word_1_253' title='bbox 432 1348 544 1384; x_wconf 91' lang='lat' dir='ltr'>quidem</span> <span class='ocrx_word' id='word_1_254' title='bbox 557 1348 613 1375; x_wconf 89' lang='lat' dir='ltr'>loco</span> <span class='ocrx_word' id='word_1_255' title='bbox 623 1348 789 1375; x_wconf 80' lang='lat' dir='ltr'>convocandi</span> <span class='ocrx_word' id='word_1_256' title='bbox 799 1357 894 1375; x_wconf 90' lang='lat' dir='ltr'>omnes</span> <span class='ocrx_word' id='word_1_257' title='bbox 906 1348 1003 1374; x_wconf 88' lang='lat' dir='ltr'>viden·</span> <span class='ocrx_word' id='word_1_258' title='bbox 1022 1346 1025 1375; x_wconf 72' lang='grc' dir='ltr'><strong>ἶ</strong></span> 
     </span>
     <span class='ocr_line' id='line_1_34' title="bbox 205 1379 1031 1421; baseline -0.001 -8"><span class='ocrx_word' id='word_1_259' title='bbox 205 1392 255 1415; x_wconf 91' lang='lat' dir='ltr'>tur.</span> <span class='ocrx_word' id='word_1_260' title='bbox 269 1387 326 1421; x_wconf 92' lang='lat' dir='ltr'>qui,</span> <span class='ocrx_word' id='word_1_261' title='bbox 339 1394 408 1421; x_wconf 88' lang='lat' dir='ltr'>quae</span> <span class='ocrx_word' id='word_1_262' title='bbox 417 1387 453 1412; x_wconf 85' lang='lat' dir='ltr'>sit</span> <span class='ocrx_word' id='word_1_263' title='bbox 463 1394 555 1412; x_wconf 90' lang='lat' dir='ltr'>earum</span> <span class='ocrx_word' id='word_1_264' title='bbox 566 1395 638 1416; x_wconf 76' lang='lat' dir='ltr'>vera.</span> <span class='ocrx_word' id='word_1_265' title='bbox 652 1385 782 1412; x_wconf 92' lang='lat' dir='ltr'>iudicent.</span> <span class='ocrx_word' id='word_1_266' title='bbox 809 1386 878 1412; x_wconf 90' lang='lat' dir='ltr'>Tum</span> <span class='ocrx_word' id='word_1_267' title='bbox 889 1385 1001 1412; x_wconf 91' lang='lat' dir='ltr'>demum</span> <span class='ocrx_word' id='word_1_268' title='bbox 1023 1379 1031 1407; x_wconf 71' lang='lat'>!.</span> 
     </span>
     <span class='ocr_line' id='line_1_35' title="bbox 205 1401 1025 1459; baseline -0.001 -9"><span class='ocrx_word' id='word_1_269' title='bbox 205 1424 272 1450; x_wconf 90' lang='lat' dir='ltr'>mihi</span> <span class='ocrx_word' id='word_1_270' title='bbox 284 1432 382 1459; x_wconf 82' lang='lat' dir='ltr'>procax</span> <span class='ocrx_word' id='word_1_271' title='bbox 392 1423 535 1450; x_wconf 77' lang='lat' dir='ltr'>Academia</span> <span class='ocrx_word' id='word_1_272' title='bbox 548 1423 698 1454; x_wconf 87' lang='lat' dir='ltr'>videbitur,</span> <span class='ocrx_word' id='word_1_273' title='bbox 716 1424 740 1449; x_wconf 90' lang='lat' dir='ltr'>si</span> <span class='ocrx_word' id='word_1_274' title='bbox 756 1428 802 1450; x_wconf 87' lang='lat' dir='ltr'>aut</span> <span class='ocrx_word' id='word_1_275' title='bbox 815 1424 1003 1449; x_wconf 89' lang='lat' dir='ltr'>consenserint</span> <span class='ocrx_word' id='word_1_276' title='bbox 1022 1401 1025 1443; x_wconf 76' lang='grc'>1</span> 
     </span>
     <span class='ocr_line' id='line_1_36' title="bbox 203 1460 1032 1500; baseline -0.001 -13"><span class='ocrx_word' id='word_1_277' title='bbox 203 1469 305 1491; x_wconf 82' lang='lat' dir='ltr'>omnes.</span> <span class='ocrx_word' id='word_1_278' title='bbox 321 1465 367 1487; x_wconf 86' lang='lat' dir='ltr'>aut</span> <span class='ocrx_word' id='word_1_279' title='bbox 377 1462 427 1487; x_wconf 86' lang='lat' dir='ltr'>erit</span> <span class='ocrx_word' id='word_1_280' title='bbox 438 1461 566 1487; x_wconf 88' lang='lat' dir='ltr'>inventus</span> <span class='ocrx_word' id='word_1_281' title='bbox 576 1460 686 1496; x_wconf 85' lang='lat' dir='ltr'>aliquis,</span> <span class='ocrx_word' id='word_1_282' title='bbox 699 1461 756 1496; x_wconf 85' lang='lat' dir='ltr'>qui,</span> <span class='ocrx_word' id='word_1_283' title='bbox 770 1460 838 1495; x_wconf 92' lang='lat' dir='ltr'>quid</span> <span class='ocrx_word' id='word_1_284' title='bbox 849 1469 944 1487; x_wconf 88' lang='lat' dir='ltr'>verum</span> <span class='ocrx_word' id='word_1_285' title='bbox 955 1461 999 1491; x_wconf 87' lang='lat' dir='ltr'>sit,</span> <span class='ocrx_word' id='word_1_286' title='bbox 1023 1467 1032 1500; x_wconf 52' lang='lat' dir='ltr'>p,</span> 
     </span>
     <span class='ocr_line' id='line_1_37' title="bbox 203 1497 1025 1562; baseline 0 -38"><span class='ocrx_word' id='word_1_287' title='bbox 203 1498 347 1562; x_wconf 57' lang='grc' dir='ltr'>ἱηὶθῐιετὶι.</span> <span class='ocrx_word' id='word_1_288' title='bbox 371 1499 461 1533; x_wconf 88' lang='lat' dir='ltr'>ltaque</span> <span class='ocrx_word' id='word_1_289' title='bbox 473 1498 541 1524; x_wconf 89' lang='lat' dir='ltr'>mihi</span> <span class='ocrx_word' id='word_1_290' title='bbox 552 1497 618 1525; x_wconf 86' lang='lat' dir='ltr'>libet</span> <span class='ocrx_word' id='word_1_291' title='bbox 627 1497 786 1529; x_wconf 81' lang='lat' dir='ltr'>exclamare,</span> <span class='ocrx_word' id='word_1_292' title='bbox 801 1503 831 1524; x_wconf 88' lang='lat' dir='ltr'>ut</span> <span class='ocrx_word' id='word_1_293' title='bbox 841 1497 887 1524; x_wconf 92' lang='lat' dir='ltr'>ille</span> <span class='ocrx_word' id='word_1_294' title='bbox 898 1497 1003 1534; x_wconf 74' lang='lat' dir='ltr'>inSyn-</span> <span class='ocrx_word' id='word_1_295' title='bbox 1023 1501 1025 1558; x_wconf 58' lang='grc' dir='ltr'>ἰ</span> 
     </span>
     <span class='ocr_line' id='line_1_38' title="bbox 203 1536 330 1570; baseline -0.008 -8"><span class='ocrx_word' id='word_1_296' title='bbox 203 1543 236 1570; x_wconf 87' lang='lat' dir='ltr'>ep</span> <span class='ocrx_word' id='word_1_297' title='bbox 257 1536 330 1562; x_wconf 91' lang='lat' dir='ltr'>ebis:</span> 
     </span>
    </p>
   </div>
   <div class='ocr_carea' id='block_1_3' title="bbox 1028 192 1033 254">
    <p class='ocr_par' dir='ltr' id='par_1_4' title="bbox 1028 192 1033 254">
     <span class='ocr_line' id='line_1_39' title="bbox 1028 192 1033 254; baseline 0 0"><span class='ocrx_word' id='word_1_298' title='bbox 1028 192 1033 254; x_wconf 79' lang='lat' dir='ltr'>l</span> 
     </span>
    </p>
   </div>
   <div class='ocr_carea' id='block_1_4' title="bbox 1022 192 1026 258">
    <p class='ocr_par' dir='ltr' id='par_1_5' title="bbox 1022 192 1026 258">
     <span class='ocr_line' id='line_1_40' title="bbox 1022 192 1026 258; baseline 0 0"><span class='ocrx_word' id='word_1_299' title='bbox 1022 192 1026 258; x_wconf 95' lang='lat' dir='ltr'> </span> 
     </span>
    </p>
   </div>
   <div class='ocr_carea' id='block_1_5' title="bbox 1029 346 1033 440">
    <p class='ocr_par' dir='ltr' id='par_1_6' title="bbox 1029 346 1033 440">
     <span class='ocr_line' id='line_1_41' title="bbox 1029 346 1033 440; baseline 0 0"><span class='ocrx_word' id='word_1_300' title='bbox 1029 346 1033 440; x_wconf 95' lang='lat' dir='ltr'> </span> 
     </span>
    </p>
   </div>
   <div class='ocr_carea' id='block_1_6' title="bbox 1022 276 1027 845">
    <p class='ocr_par' dir='ltr' id='par_1_7' title="bbox 1022 276 1027 845">
     <span class='ocr_line' id='line_1_42' title="bbox 1022 276 1027 845; baseline 0 0"><span class='ocrx_word' id='word_1_301' title='bbox 1022 276 1027 845; x_wconf 95' lang='lat' dir='ltr'> </span> 
     </span>
    </p>
   </div>
   <div class='ocr_carea' id='block_1_7' title="bbox 1029 1056 1033 1640">
    <p class='ocr_par' dir='ltr' id='par_1_8' title="bbox 1029 1056 1033 1640">
     <span class='ocr_line' id='line_1_43' title="bbox 1029 1056 1033 1640; baseline 0 0"><span class='ocrx_word' id='word_1_302' title='bbox 1029 1056 1033 1640; x_wconf 95' lang='lat' dir='ltr'> </span> 
     </span>
    </p>
   </div>
   <div class='ocr_carea' id='block_1_8' title="bbox 204 1560 1026 1884">
    <p class='ocr_par' dir='ltr' id='par_1_9' title="bbox 240 1560 1025 1643">
     <span class='ocr_line' id='line_1_44' title="bbox 240 1560 1025 1643; baseline 0 -28"><span class='ocrx_word' id='word_1_303' title='bbox 240 1590 303 1616; x_wconf 75' lang='lat' dir='ltr'>Pro‘!</span> <span class='ocrx_word' id='word_1_304' title='bbox 316 1591 403 1620; x_wconf 68' lang='lat' dir='ltr'>deum,</span> <span class='ocrx_word' id='word_1_305' title='bbox 417 1591 582 1624; x_wconf 62' lang='lat' dir='ltr'>popularium</span> <span class='ocrx_word' id='word_1_306' title='bbox 593 1592 718 1621; x_wconf 71' lang='lat' dir='ltr'>omnium.</span> <span class='ocrx_word' id='word_1_307' title='bbox 734 1591 846 1616; x_wconf 71' lang='lat' dir='ltr'>amnium</span> <span class='ocrx_word' id='word_1_308' title='bbox 855 1590 1004 1616; x_wconf 74' lang='lat' dir='ltr'>adolescen-</span> <span class='ocrx_word' id='word_1_309' title='bbox 1022 1560 1025 1643; x_wconf 51' lang='grc' dir='ltr'>ἔ</span> 
     </span>
    </p>

    <p class='ocr_par' dir='ltr' id='par_1_10' title="bbox 239 1632 1026 1733">
     <span class='ocr_line' id='line_1_45' title="bbox 239 1632 1026 1733; baseline 0 -43"><span class='ocrx_word' id='word_1_310' title='bbox 239 1665 335 1695; x_wconf 75' lang='lat' dir='ltr'>clo&#39;mo,</span> <span class='ocrx_word' id='word_1_311' title='bbox 347 1666 460 1697; x_wconf 81' lang='lat' dir='ltr'>postulo,</span> <span class='ocrx_word' id='word_1_312' title='bbox 470 1665 585 1695; x_wconf 75' lang='lat' dir='ltr'>obsecro,</span> <span class='ocrx_word' id='word_1_313' title='bbox 598 1632 754 1698; x_wconf 33' lang='lat' dir='ltr'>Jizrploro,</span> <span class='ocrx_word' id='word_1_314' title='bbox 765 1668 844 1698; x_wconf 75' lang='lat' dir='ltr'>atque</span> <span class='ocrx_word' id='word_1_315' title='bbox 853 1665 961 1698; x_wconf 71' lang='lat' dir='ltr'>imploro</span> <span class='ocrx_word' id='word_1_316' title='bbox 970 1665 1003 1697; x_wconf 78' lang='lat' dir='ltr'>fi·</span> <span class='ocrx_word' id='word_1_317' title='bbox 1022 1644 1026 1733; x_wconf 84' lang='grc' dir='ltr'>Ι</span> 
     </span>
    </p>

    <p class='ocr_par' dir='ltr' id='par_1_11' title="bbox 204 1703 1025 1843">
     <span class='ocr_line' id='line_1_46' title="bbox 204 1703 1025 1843; baseline 0.001 -79"><span class='ocrx_word' id='word_1_318' title='bbox 204 1746 256 1764; x_wconf 91' lang='lat' dir='ltr'>non</span> <span class='ocrx_word' id='word_1_319' title='bbox 268 1737 406 1764; x_wconf 86' lang='lat' dir='ltr'>levissima</span> <span class='ocrx_word' id='word_1_320' title='bbox 417 1738 451 1765; x_wconf 86' lang='lat' dir='ltr'>de</span> <span class='ocrx_word' id='word_1_321' title='bbox 461 1747 498 1769; x_wconf 80' lang='lat' dir='ltr'>re,</span> <span class='ocrx_word' id='word_1_322' title='bbox 511 1744 542 1765; x_wconf 92' lang='lat' dir='ltr'>ut</span> <span class='ocrx_word' id='word_1_323' title='bbox 552 1703 678 1774; x_wconf 50' lang='lat' dir='ltr'>quefflr.</span> <span class='ocrx_word' id='word_1_324' title='bbox 685 1738 742 1769; x_wconf 87' lang='lat' dir='ltr'>ille,</span> <span class='ocrx_word' id='word_1_325' title='bbox 755 1737 815 1765; x_wconf 87' lang='lat' dir='ltr'>fieri</span> <span class='ocrx_word' id='word_1_326' title='bbox 1021 1735 1025 1843; x_wconf 61' lang='grc'><strong>’</strong></span> 
     </span>
    </p>

    <p class='ocr_par' dir='ltr' id='par_1_12' title="bbox 239 1777 797 1810">
     <span class='ocr_line' id='line_1_47' title="bbox 239 1777 797 1810; baseline -0.002 -8"><span class='ocrx_word' id='word_1_327' title='bbox 239 1790 276 1794; x_wconf 92' lang='grc'>-</span> <span class='ocrx_word' id='word_1_328' title='bbox 285 1790 321 1794; x_wconf 83' lang='grc'><strong>-</strong></span> <span class='ocrx_word' id='word_1_329' title='bbox 331 1791 367 1795; x_wconf 96' lang='grc'>-</span> <span class='ocrx_word' id='word_1_330' title='bbox 378 1778 406 1802; x_wconf 76' lang='lat' dir='ltr'>in</span> <span class='ocrx_word' id='word_1_331' title='bbox 416 1778 519 1803; x_wconf 76' lang='lat' dir='ltr'>civitate</span> <span class='ocrx_word' id='word_1_332' title='bbox 528 1779 649 1810; x_wconf 65' lang='lat' dir='ltr'>facinora</span> <span class='ocrx_word' id='word_1_333' title='bbox 661 1777 797 1809; x_wconf 67' lang='lat' dir='ltr'>capitatia.</span> 
     </span>
    </p>

    <p class='ocr_par' dir='ltr' id='par_1_13' title="bbox 239 1813 1002 1884">
     <span class='ocr_line' id='line_1_48' title="bbox 239 1813 1002 1878; baseline -0.003 -39"><span class='ocrx_word' id='word_1_334' title='bbox 239 1828 276 1832; x_wconf 93' lang='lat'><strong>—</strong></span> <span class='ocrx_word' id='word_1_335' title='bbox 285 1814 322 1839; x_wconf 72' lang='lat' dir='ltr'>Ab</span> <span class='ocrx_word' id='word_1_336' title='bbox 332 1815 415 1839; x_wconf 76' lang='lat' dir='ltr'>amico</span> <span class='ocrx_word' id='word_1_337' title='bbox 425 1816 528 1840; x_wconf 62' lang='lat' dir='ltr'>amante</span> <span class='ocrx_word' id='word_1_338' title='bbox 537 1819 676 1878; x_wconf 47' lang='grc' dir='ltr'>ανςειιιξὲιινιη-</span> <span class='ocrx_word' id='word_1_339' title='bbox 686 1816 804 1847; x_wconf 66' lang='lat' dir='ltr'>accipere</span> <span class='ocrx_word' id='word_1_340' title='bbox 817 1813 942 1839; x_wconf 67' lang='lat' dir='ltr'>meretrix</span> <span class='ocrx_word' id='word_1_341' title='bbox 956 1820 1002 1837; x_wconf 80' lang='lat' dir='ltr'>ne-</span> 
     </span>
     <span class='ocr_line' id='line_1_49' title="bbox 667 1872 674 1884; baseline 0 0"><span class='ocrx_word' id='word_1_342' title='bbox 667 1872 674 1884; x_wconf 84' lang='grc'><strong><em>1</em></strong></span> 
     </span>
    </p>
   </div>
   <div class='ocr_carea' id='block_1_9' title="bbox 1021 1845 1024 1922">
    <p class='ocr_par' dir='ltr' id='par_1_14' title="bbox 1021 1845 1024 1922">
     <span class='ocr_line' id='line_1_50' title="bbox 1021 1845 1024 1922; baseline 0 1130"><span class='ocrx_word' id='word_1_343' title='bbox 1021 1845 1024 1922; x_wconf 95' lang='lat' dir='ltr'> </span> 
     </span>
    </p>
   </div>
   <div class='ocr_carea' id='block_1_10' title="bbox 202 1910 1023 2688">
    <p class='ocr_par' dir='ltr' id='par_1_15' title="bbox 203 1910 1002 1985">
     <span class='ocr_line' id='line_1_51' title="bbox 208 1910 1001 1949; baseline -0.001 -11"><span class='ocrx_word' id='word_1_344' title='bbox 208 1913 244 1938; x_wconf 68' lang='lat' dir='ltr'>it.</span> <span class='ocrx_word' id='word_1_345' title='bbox 257 1912 313 1943; x_wconf 85' lang='lat' dir='ltr'>sed,</span> <span class='ocrx_word' id='word_1_346' title='bbox 322 1917 352 1939; x_wconf 88' lang='lat' dir='ltr'>ut</span> <span class='ocrx_word' id='word_1_347' title='bbox 362 1912 459 1944; x_wconf 90' lang='lat' dir='ltr'>adsint,</span> <span class='ocrx_word' id='word_1_348' title='bbox 467 1917 638 1949; x_wconf 86' lang='lat' dir='ltr'>cognoscant,</span> <span class='ocrx_word' id='word_1_349' title='bbox 651 1911 875 1942; x_wconf 74' lang='lat' dir='ltr'>animadvertant,</span> <span class='ocrx_word' id='word_1_350' title='bbox 889 1910 957 1946; x_wconf 88' lang='lat' dir='ltr'>quid</span> <span class='ocrx_word' id='word_1_351' title='bbox 967 1910 1001 1937; x_wconf 85' lang='lat' dir='ltr'>de</span> 
     </span>
     <span class='ocr_line' id='line_1_52' title="bbox 203 1949 1002 1985; baseline -0.001 -10"><span class='ocrx_word' id='word_1_352' title='bbox 203 1949 341 1985; x_wconf 74' lang='lat' dir='ltr'>religione,</span> <span class='ocrx_word' id='word_1_353' title='bbox 354 1951 465 1985; x_wconf 87' lang='lat' dir='ltr'>pictate,</span> <span class='ocrx_word' id='word_1_354' title='bbox 478 1951 631 1981; x_wconf 81' lang='lat' dir='ltr'>sanctitate,</span> <span class='ocrx_word' id='word_1_355' title='bbox 644 1950 830 1980; x_wconf 81' lang='lat' dir='ltr'>caerimoniis,</span> <span class='ocrx_word' id='word_1_356' title='bbox 844 1949 910 1980; x_wconf 89' lang='lat' dir='ltr'>fide,</span> <span class='ocrx_word' id='word_1_357' title='bbox 926 1949 1002 1974; x_wconf 91' lang='lat' dir='ltr'>iure-</span> 
     </span>
    </p>

    <p class='ocr_par' dir='ltr' id='par_1_16' title="bbox 203 1985 1001 2023">
     <span class='ocr_line' id='line_1_53' title="bbox 203 1985 1001 2023; baseline -0.001 -11"><span class='ocrx_word' id='word_1_358' title='bbox 203 1986 316 2013; x_wconf 84' lang='lat' dir='ltr'>iurando</span> <span class='ocrx_word' id='word_1_359' title='bbox 324 2008 330 2018; x_wconf 80' lang='lat'>,</span> <span class='ocrx_word' id='word_1_360' title='bbox 343 1987 409 2022; x_wconf 86' lang='lat' dir='ltr'>quid</span> <span class='ocrx_word' id='word_1_361' title='bbox 419 1988 452 2014; x_wconf 91' lang='lat' dir='ltr'>de</span> <span class='ocrx_word' id='word_1_362' title='bbox 464 1987 573 2023; x_wconf 89' lang='lat' dir='ltr'>templis</span> <span class='ocrx_word' id='word_1_363' title='bbox 581 2009 587 2019; x_wconf 89' lang='lat'>,</span> <span class='ocrx_word' id='word_1_364' title='bbox 605 1987 728 2014; x_wconf 90' lang='lat' dir='ltr'>delubris</span> <span class='ocrx_word' id='word_1_365' title='bbox 737 1986 935 2021; x_wconf 81' lang='lat' dir='ltr'>sacrificiisque</span> <span class='ocrx_word' id='word_1_366' title='bbox 945 1985 1001 2012; x_wconf 88' lang='lat' dir='ltr'>sol-</span> 
     </span>
    </p>

    <p class='ocr_par' dir='ltr' id='par_1_17' title="bbox 202 2022 1023 2688">
     <span class='ocr_line' id='line_1_54' title="bbox 203 2022 1023 2060; baseline -0.001 -10"><span class='ocrx_word' id='word_1_367' title='bbox 203 2022 348 2054; x_wconf 85' lang='lat' dir='ltr'>lemnibus.</span> <span class='ocrx_word' id='word_1_368' title='bbox 361 2025 427 2059; x_wconf 86' lang='lat' dir='ltr'>quid</span> <span class='ocrx_word' id='word_1_369' title='bbox 438 2025 471 2051; x_wconf 90' lang='lat' dir='ltr'>de</span> <span class='ocrx_word' id='word_1_370' title='bbox 482 2026 550 2060; x_wconf 82' lang='lat' dir='ltr'>ipsis</span> <span class='ocrx_word' id='word_1_371' title='bbox 561 2025 702 2060; x_wconf 86' lang='lat' dir='ltr'>auspiciis,</span> <span class='ocrx_word' id='word_1_372' title='bbox 715 2024 817 2059; x_wconf 87' lang='lat' dir='ltr'>quibus</span> <span class='ocrx_word' id='word_1_373' title='bbox 828 2032 876 2050; x_wconf 92' lang='lat' dir='ltr'>nos</span> <span class='ocrx_word' id='word_1_374' title='bbox 886 2031 1001 2058; x_wconf 89' lang='lat' dir='ltr'>praesu·</span> <span class='ocrx_word' id='word_1_375' title='bbox 1021 2045 1023 2053; x_wconf 93' lang='grc'>,</span> 
     </span>
     <span class='ocr_line' id='line_1_55' title="bbox 202 2059 1023 2092; baseline -0.001 -5"><span class='ocrx_word' id='word_1_376' title='bbox 202 2069 277 2092; x_wconf 83' lang='lat' dir='ltr'>mus,</span> <span class='ocrx_word' id='word_1_377' title='bbox 295 2062 507 2089; x_wconf 83' lang='lat' dir='ltr'>existimandum</span> <span class='ocrx_word' id='word_1_378' title='bbox 523 2063 567 2089; x_wconf 88' lang='lat' dir='ltr'>sit.</span> <span class='ocrx_word' id='word_1_379' title='bbox 608 2063 679 2089; x_wconf 87' lang='lat' dir='ltr'>Haec</span> <span class='ocrx_word' id='word_1_380' title='bbox 693 2062 767 2088; x_wconf 90' lang='lat' dir='ltr'>enim</span> <span class='ocrx_word' id='word_1_381' title='bbox 779 2061 871 2088; x_wconf 82' lang='lat' dir='ltr'>omnia</span> <span class='ocrx_word' id='word_1_382' title='bbox 886 2060 920 2087; x_wconf 84' lang='lat' dir='ltr'>ad</span> <span class='ocrx_word' id='word_1_383' title='bbox 931 2060 1000 2086; x_wconf 86' lang='lat' dir='ltr'>hanc</span> <span class='ocrx_word' id='word_1_384' title='bbox 1020 2059 1023 2068; x_wconf 78' lang='grc'>’</span> 
     </span>
     <span class='ocr_line' id='line_1_56' title="bbox 203 2097 998 2135; baseline 0 -11"><span class='ocrx_word' id='word_1_385' title='bbox 203 2097 235 2124; x_wconf 90' lang='lat' dir='ltr'>de</span> <span class='ocrx_word' id='word_1_386' title='bbox 255 2098 308 2124; x_wconf 87' lang='lat' dir='ltr'>diis</span> <span class='ocrx_word' id='word_1_387' title='bbox 329 2099 528 2126; x_wconf 83' lang='lat' dir='ltr'>immortalibus</span> <span class='ocrx_word' id='word_1_388' title='bbox 552 2100 739 2135; x_wconf 86' lang='lat' dir='ltr'>quaestionem</span> <span class='ocrx_word' id='word_1_389' title='bbox 764 2097 904 2125; x_wconf 87' lang='lat' dir='ltr'>referenda</span> <span class='ocrx_word' id='word_1_390' title='bbox 924 2102 998 2124; x_wconf 89' lang='lat' dir='ltr'>sunt.</span> 
     </span>
     <span class='ocr_line' id='line_1_57' title="bbox 202 2134 1000 2172; baseline -0.001 -11"><span class='ocrx_word' id='word_1_391' title='bbox 202 2134 322 2162; x_wconf 80' lang='lat' dir='ltr'>Profecto</span> <span class='ocrx_word' id='word_1_392' title='bbox 337 2144 382 2162; x_wconf 90' lang='lat' dir='ltr'>eos</span> <span class='ocrx_word' id='word_1_393' title='bbox 397 2137 483 2171; x_wconf 80' lang='lat' dir='ltr'>ipsos,</span> <span class='ocrx_word' id='word_1_394' title='bbox 505 2137 553 2172; x_wconf 89' lang='lat' dir='ltr'>qui</span> <span class='ocrx_word' id='word_1_395' title='bbox 569 2145 598 2163; x_wconf 89' lang='lat' dir='ltr'>se</span> <span class='ocrx_word' id='word_1_396' title='bbox 613 2136 718 2172; x_wconf 87' lang='lat' dir='ltr'>aliquid</span> <span class='ocrx_word' id='word_1_397' title='bbox 733 2136 799 2163; x_wconf 89' lang='lat' dir='ltr'>certi</span> <span class='ocrx_word' id='word_1_398' title='bbox 813 2135 913 2162; x_wconf 88' lang='lat' dir='ltr'>habere</span> <span class='ocrx_word' id='word_1_399' title='bbox 926 2135 1000 2161; x_wconf 89' lang='lat' dir='ltr'>arbi—</span> 
     </span>
     <span class='ocr_line' id='line_1_58' title="bbox 204 2172 999 2210; baseline 0 -12"><span class='ocrx_word' id='word_1_400' title='bbox 204 2177 317 2203; x_wconf 79' lang='lat' dir='ltr'>trantur,</span> <span class='ocrx_word' id='word_1_401' title='bbox 341 2172 499 2200; x_wconf 81' lang='lat' dir='ltr'>addubitare</span> <span class='ocrx_word' id='word_1_402' title='bbox 514 2179 591 2210; x_wconf 84' lang='lat' dir='ltr'>coget</span> <span class='ocrx_word' id='word_1_403' title='bbox 613 2173 833 2200; x_wconf 84' lang='lat' dir='ltr'>doctissimorum</span> <span class='ocrx_word' id='word_1_404' title='bbox 856 2172 999 2199; x_wconf 90' lang='lat' dir='ltr'>hominum</span> 
     </span>
     <span class='ocr_line' id='line_1_59' title="bbox 203 2208 1000 2245; baseline 0.001 -10"><span class='ocrx_word' id='word_1_405' title='bbox 203 2208 236 2235; x_wconf 94' lang='lat' dir='ltr'>de</span> <span class='ocrx_word' id='word_1_406' title='bbox 247 2210 363 2236; x_wconf 86' lang='lat' dir='ltr'>maxima</span> <span class='ocrx_word' id='word_1_407' title='bbox 375 2218 402 2236; x_wconf 92' lang='lat' dir='ltr'>re</span> <span class='ocrx_word' id='word_1_408' title='bbox 412 2215 482 2237; x_wconf 85' lang='lat' dir='ltr'>tanta</span> <span class='ocrx_word' id='word_1_409' title='bbox 493 2211 638 2238; x_wconf 85' lang='lat' dir='ltr'>dissensio.</span> <span class='ocrx_word' id='word_1_410' title='bbox 671 2212 711 2237; x_wconf 75' lang='lat'>⁴5.</span> <span class='ocrx_word' id='word_1_411' title='bbox 732 2210 811 2243; x_wconf 91' lang='lat' dir='ltr'>Quod</span> <span class='ocrx_word' id='word_1_412' title='bbox 821 2218 908 2245; x_wconf 86' lang='lat' dir='ltr'>quum</span> <span class='ocrx_word' id='word_1_413' title='bbox 919 2217 1000 2244; x_wconf 83' lang='lat' dir='ltr'>saepe</span> 
     </span>
     <span class='ocr_line' id='line_1_60' title="bbox 203 2245 1000 2283; baseline 0.001 -12"><span class='ocrx_word' id='word_1_414' title='bbox 203 2245 282 2277; x_wconf 84' lang='lat' dir='ltr'>alias,</span> <span class='ocrx_word' id='word_1_415' title='bbox 300 2251 356 2272; x_wconf 93' lang='lat' dir='ltr'>tum</span> <span class='ocrx_word' id='word_1_416' title='bbox 367 2248 485 2274; x_wconf 76' lang='lat' dir='ltr'>maxime</span> <span class='ocrx_word' id='word_1_417' title='bbox 500 2248 693 2279; x_wconf 86' lang='lat' dir='ltr'>animadverti,</span> <span class='ocrx_word' id='word_1_418' title='bbox 709 2256 796 2283; x_wconf 91' lang='lat' dir='ltr'>quum</span> <span class='ocrx_word' id='word_1_419' title='bbox 811 2247 885 2282; x_wconf 87' lang='lat' dir='ltr'>apud</span> <span class='ocrx_word' id='word_1_420' title='bbox 895 2246 925 2274; x_wconf 92' lang='lat' dir='ltr'>C.</span> <span class='ocrx_word' id='word_1_421' title='bbox 937 2246 1000 2273; x_wconf 89' lang='lat' dir='ltr'>Cot-</span> 
     </span>
     <span class='ocr_line' id='line_1_61' title="bbox 203 2282 999 2320; baseline 0 -11"><span class='ocrx_word' id='word_1_422' title='bbox 203 2288 266 2313; x_wconf 77' lang='lat' dir='ltr'>tam,</span> <span class='ocrx_word' id='word_1_423' title='bbox 284 2282 442 2310; x_wconf 78' lang='lat' dir='ltr'>familiarem</span> <span class='ocrx_word' id='word_1_424' title='bbox 454 2293 554 2316; x_wconf 88' lang='lat' dir='ltr'>meum,</span> <span class='ocrx_word' id='word_1_425' title='bbox 567 2290 688 2312; x_wconf 83' lang='lat' dir='ltr'>accurate</span> <span class='ocrx_word' id='word_1_426' title='bbox 699 2293 764 2311; x_wconf 84' lang='lat' dir='ltr'>sane</span> <span class='ocrx_word' id='word_1_427' title='bbox 774 2289 801 2311; x_wconf 90' lang='lat' dir='ltr'>et</span> <span class='ocrx_word' id='word_1_428' title='bbox 810 2284 955 2320; x_wconf 78' lang='lat' dir='ltr'>diligenter</span> <span class='ocrx_word' id='word_1_429' title='bbox 965 2283 999 2310; x_wconf 88' lang='lat' dir='ltr'>de</span> 
     </span>
     <span class='ocr_line' id='line_1_62' title="bbox 203 2319 999 2356; baseline 0.003 -11"><span class='ocrx_word' id='word_1_430' title='bbox 203 2319 256 2346; x_wconf 88' lang='lat' dir='ltr'>diis</span> <span class='ocrx_word' id='word_1_431' title='bbox 268 2321 465 2348; x_wconf 82' lang='lat' dir='ltr'>immortalibus</span> <span class='ocrx_word' id='word_1_432' title='bbox 475 2321 643 2356; x_wconf 90' lang='lat' dir='ltr'>disputatum</span> <span class='ocrx_word' id='word_1_433' title='bbox 653 2327 703 2348; x_wconf 86' lang='lat' dir='ltr'>est.</span> <span class='ocrx_word' id='word_1_434' title='bbox 736 2323 814 2353; x_wconf 82' lang='lat' dir='ltr'>Nam,</span> <span class='ocrx_word' id='word_1_435' title='bbox 825 2330 912 2356; x_wconf 88' lang='lat' dir='ltr'>quum</span> <span class='ocrx_word' id='word_1_436' title='bbox 922 2320 999 2347; x_wconf 80' lang='lat' dir='ltr'>feriis</span> 
     </span>
     <span class='ocr_line' id='line_1_63' title="bbox 204 2356 996 2395; baseline 0.003 -13"><span class='ocrx_word' id='word_1_437' title='bbox 204 2356 304 2383; x_wconf 87' lang='lat' dir='ltr'>Latinis</span> <span class='ocrx_word' id='word_1_438' title='bbox 320 2357 353 2383; x_wconf 92' lang='lat' dir='ltr'>ad</span> <span class='ocrx_word' id='word_1_439' title='bbox 368 2366 431 2384; x_wconf 90' lang='lat' dir='ltr'>eum</span> <span class='ocrx_word' id='word_1_440' title='bbox 447 2359 534 2393; x_wconf 89' lang='lat' dir='ltr'>ipsius</span> <span class='ocrx_word' id='word_1_441' title='bbox 548 2364 642 2395; x_wconf 90' lang='lat' dir='ltr'>rogatu</span> <span class='ocrx_word' id='word_1_442' title='bbox 653 2360 838 2394; x_wconf 80' lang='lat' dir='ltr'>arcessituque</span> <span class='ocrx_word' id='word_1_443' title='bbox 849 2359 996 2388; x_wconf 82' lang='lat' dir='ltr'>venissem,</span> 
     </span>
     <span class='ocr_line' id='line_1_64' title="bbox 203 2392 999 2423; baseline 0.004 -5"><span class='ocrx_word' id='word_1_444' title='bbox 203 2392 300 2420; x_wconf 81' lang='lat' dir='ltr'>offendi</span> <span class='ocrx_word' id='word_1_445' title='bbox 311 2402 373 2420; x_wconf 91' lang='lat' dir='ltr'>eum</span> <span class='ocrx_word' id='word_1_446' title='bbox 384 2395 522 2422; x_wconf 88' lang='lat' dir='ltr'>sedentem</span> <span class='ocrx_word' id='word_1_447' title='bbox 533 2397 562 2422; x_wconf 90' lang='lat' dir='ltr'>in</span> <span class='ocrx_word' id='word_1_448' title='bbox 573 2395 672 2422; x_wconf 82' lang='lat' dir='ltr'>exedra</span> <span class='ocrx_word' id='word_1_449' title='bbox 682 2401 782 2422; x_wconf 88' lang='lat' dir='ltr'>etcum</span> <span class='ocrx_word' id='word_1_450' title='bbox 797 2396 827 2423; x_wconf 88' lang='lat' dir='ltr'>C.</span> <span class='ocrx_word' id='word_1_451' title='bbox 842 2395 944 2422; x_wconf 83' lang='lat' dir='ltr'>Velleio</span> <span class='ocrx_word' id='word_1_452' title='bbox 954 2403 999 2421; x_wconf 86' lang='lat' dir='ltr'>se-</span> 
     </span>
     <span class='ocr_line' id='line_1_65' title="bbox 205 2430 1021 2469; baseline 0.005 -14"><span class='ocrx_word' id='word_1_453' title='bbox 205 2435 293 2456; x_wconf 85' lang='lat' dir='ltr'>natore</span> <span class='ocrx_word' id='word_1_454' title='bbox 303 2430 495 2466; x_wconf 80' lang='lat' dir='ltr'>disputantem,</span> <span class='ocrx_word' id='word_1_455' title='bbox 508 2433 542 2459; x_wconf 89' lang='lat' dir='ltr'>ad</span> <span class='ocrx_word' id='word_1_456' title='bbox 552 2441 635 2468; x_wconf 85' lang='lat' dir='ltr'>quem</span> <span class='ocrx_word' id='word_1_457' title='bbox 645 2438 702 2459; x_wconf 90' lang='lat' dir='ltr'>tum</span> <span class='ocrx_word' id='word_1_458' title='bbox 712 2433 840 2468; x_wconf 87' lang='lat' dir='ltr'>Epicurei</span> <span class='ocrx_word' id='word_1_459' title='bbox 851 2433 953 2467; x_wconf 87' lang='lat' dir='ltr'>primas</span> <span class='ocrx_word' id='word_1_460' title='bbox 964 2440 1000 2458; x_wconf 81' lang='lat' dir='ltr'>ex</span> <span class='ocrx_word' id='word_1_461' title='bbox 1018 2457 1021 2469; x_wconf 56' lang='lat'>.-</span> 
     </span>
     <span class='ocr_line' id='line_1_66' title="bbox 205 2467 1021 2508; baseline 0.005 -17"><span class='ocrx_word' id='word_1_462' title='bbox 205 2468 300 2508; x_wconf 77' lang='lat' dir='ltr'>nostris</span> <span class='ocrx_word' id='word_1_463' title='bbox 316 2467 473 2496; x_wconf 87' lang='lat' dir='ltr'>hominibus</span> <span class='ocrx_word' id='word_1_464' title='bbox 487 2469 653 2497; x_wconf 84' lang='lat' dir='ltr'>deferebant.</span> <span class='ocrx_word' id='word_1_465' title='bbox 692 2470 792 2496; x_wconf 80' lang='lat' dir='ltr'>Aderat</span> <span class='ocrx_word' id='word_1_466' title='bbox 806 2471 888 2496; x_wconf 90' lang='lat' dir='ltr'>etiam</span> <span class='ocrx_word' id='word_1_467' title='bbox 898 2469 930 2502; x_wconf 91' lang='lat' dir='ltr'>Q.</span> <span class='ocrx_word' id='word_1_468' title='bbox 943 2469 999 2495; x_wconf 88' lang='lat' dir='ltr'>Lu·</span> <span class='ocrx_word' id='word_1_469' title='bbox 1018 2472 1021 2504; x_wconf 68' lang='grc' dir='ltr'>ξ</span> 
     </span>
     <span class='ocr_line' id='line_1_67' title="bbox 204 2502 999 2544; baseline 0.005 -16"><span class='ocrx_word' id='word_1_470' title='bbox 204 2502 284 2544; x_wconf 71' lang='lat' dir='ltr'>cilius</span> <span class='ocrx_word' id='word_1_471' title='bbox 294 2504 405 2532; x_wconf 81' lang='lat' dir='ltr'>Balbus:</span> <span class='ocrx_word' id='word_1_472' title='bbox 427 2508 475 2541; x_wconf 88' lang='lat' dir='ltr'>qui</span> <span class='ocrx_word' id='word_1_473' title='bbox 492 2512 577 2534; x_wconf 81' lang='lat' dir='ltr'>tantos</span> <span class='ocrx_word' id='word_1_474' title='bbox 587 2515 746 2542; x_wconf 84' lang='lat' dir='ltr'>progressus</span> <span class='ocrx_word' id='word_1_475' title='bbox 757 2507 874 2533; x_wconf 88' lang='lat' dir='ltr'>hahebat</span> <span class='ocrx_word' id='word_1_476' title='bbox 884 2508 913 2533; x_wconf 87' lang='lat' dir='ltr'>in</span> <span class='ocrx_word' id='word_1_477' title='bbox 926 2506 999 2533; x_wconf 88' lang='lat' dir='ltr'>Stoi-</span> 
     </span>
     <span class='ocr_line' id='line_1_68' title="bbox 204 2543 998 2580; baseline 0.008 -15"><span class='ocrx_word' id='word_1_478' title='bbox 204 2547 252 2568; x_wconf 71' lang='lat' dir='ltr'>cis,</span> <span class='ocrx_word' id='word_1_479' title='bbox 265 2545 295 2566; x_wconf 90' lang='lat' dir='ltr'>ut</span> <span class='ocrx_word' id='word_1_480' title='bbox 305 2549 366 2567; x_wconf 91' lang='lat' dir='ltr'>cum</span> <span class='ocrx_word' id='word_1_481' title='bbox 376 2543 572 2570; x_wconf 85' lang='lat' dir='ltr'>excellentibus</span> <span class='ocrx_word' id='word_1_482' title='bbox 583 2545 610 2570; x_wconf 92' lang='lat' dir='ltr'>in</span> <span class='ocrx_word' id='word_1_483' title='bbox 621 2553 653 2571; x_wconf 88' lang='lat' dir='ltr'>eo</span> <span class='ocrx_word' id='word_1_484' title='bbox 662 2544 877 2580; x_wconf 88' lang='lat' dir='ltr'>genereGraecis</span> <span class='ocrx_word' id='word_1_485' title='bbox 887 2551 998 2578; x_wconf 82' lang='lat' dir='ltr'>compa-</span> 
     </span>
     <span class='ocr_line' id='line_1_69' title="bbox 204 2578 998 2619; baseline 0.005 -17"><span class='ocrx_word' id='word_1_486' title='bbox 204 2581 316 2618; x_wconf 72' lang='lat' dir='ltr'>raretur.</span> <span class='ocrx_word' id='word_1_487' title='bbox 349 2578 437 2619; x_wconf 47' lang='lat' dir='ltr'>JI’um.</span> <span class='ocrx_word' id='word_1_488' title='bbox 453 2585 482 2606; x_wconf 85' lang='lat' dir='ltr'>ut</span> <span class='ocrx_word' id='word_1_489' title='bbox 493 2589 535 2606; x_wconf 88' lang='lat' dir='ltr'>me</span> <span class='ocrx_word' id='word_1_490' title='bbox 545 2581 619 2608; x_wconf 88' lang='lat' dir='ltr'>Cotta</span> <span class='ocrx_word' id='word_1_491' title='bbox 630 2581 714 2611; x_wconf 76' lang='lat' dir='ltr'>vidit,</span> <span class='ocrx_word' id='word_1_492' title='bbox 727 2581 939 2616; x_wconf 84' lang='lat' dir='ltr'>Peropportune,</span> <span class='ocrx_word' id='word_1_493' title='bbox 953 2581 998 2606; x_wconf 89' lang='lat' dir='ltr'>in-</span> 
     </span>
     <span class='ocr_line' id='line_1_70' title="bbox 204 2617 997 2656; baseline 0.009 -18"><span class='ocrx_word' id='word_1_494' title='bbox 204 2618 276 2648; x_wconf 81' lang='lat' dir='ltr'>quit,</span> <span class='ocrx_word' id='word_1_495' title='bbox 294 2622 384 2656; x_wconf 60' lang='lat' dir='ltr'>Y⁸¹²¹.⁵³</span> <span class='ocrx_word' id='word_1_496' title='bbox 406 2617 490 2642; x_wconf 88' lang='lat' dir='ltr'>oritur</span> <span class='ocrx_word' id='word_1_497' title='bbox 504 2619 577 2644; x_wconf 91' lang='lat' dir='ltr'>enim</span> <span class='ocrx_word' id='word_1_498' title='bbox 592 2618 660 2645; x_wconf 82' lang='lat' dir='ltr'>mihi</span> <span class='ocrx_word' id='word_1_499' title='bbox 671 2627 769 2654; x_wconf 88' lang='lat' dir='ltr'>magna</span> <span class='ocrx_word' id='word_1_500' title='bbox 778 2618 812 2644; x_wconf 91' lang='lat' dir='ltr'>de</span> <span class='ocrx_word' id='word_1_501' title='bbox 822 2627 850 2644; x_wconf 83' lang='lat' dir='ltr'>re</span> <span class='ocrx_word' id='word_1_502' title='bbox 861 2617 997 2645; x_wconf 80' lang='lat' dir='ltr'>altercatio</span> 
     </span>
     <span class='ocr_line' id='line_1_71' title="bbox 204 2650 996 2688; baseline 0.006 -12"><span class='ocrx_word' id='word_1_503' title='bbox 204 2658 266 2676; x_wconf 92' lang='lat' dir='ltr'>cum</span> <span class='ocrx_word' id='word_1_504' title='bbox 279 2650 394 2678; x_wconf 52' lang='lat' dir='ltr'>telleia:</span> <span class='ocrx_word' id='word_1_505' title='bbox 411 2653 470 2684; x_wconf 84' lang='lat' dir='ltr'>cui,</span> <span class='ocrx_word' id='word_1_506' title='bbox 486 2661 534 2688; x_wconf 88' lang='lat' dir='ltr'>pro</span> <span class='ocrx_word' id='word_1_507' title='bbox 549 2660 595 2682; x_wconf 86' lang='lat' dir='ltr'>tuo</span> <span class='ocrx_word' id='word_1_508' title='bbox 605 2655 708 2687; x_wconf 84' lang='lat' dir='ltr'>studio,</span> <span class='ocrx_word' id='word_1_509' title='bbox 726 2664 779 2682; x_wconf 90' lang='lat' dir='ltr'>non</span> <span class='ocrx_word' id='word_1_510' title='bbox 789 2660 831 2682; x_wconf 88' lang='lat' dir='ltr'>est</span> <span class='ocrx_word' id='word_1_511' title='bbox 840 2655 960 2683; x_wconf 90' lang='lat' dir='ltr'>alienum</span> <span class='ocrx_word' id='word_1_512' title='bbox 971 2658 996 2681; x_wconf 79' lang='lat' dir='ltr'>te</span> 
     </span>
    </p>
   </div>
   <div class='ocr_carea' id='block_1_11' title="bbox 1030 863 1303 896">
    <p class='ocr_par' dir='ltr' id='par_1_18' title="bbox 1030 863 1303 896">
     <span class='ocr_line' id='line_1_72' title="bbox 1030 863 1303 896; baseline -0.004 -5"><span class='ocrx_word' id='word_1_513' title='bbox 1030 868 1031 871; x_wconf 78' lang='grc'>’</span> <span class='ocrx_word' id='word_1_514' title='bbox 1055 873 1129 896; x_wconf 79' lang='lat' dir='ltr'>mus,</span> <span class='ocrx_word' id='word_1_515' title='bbox 1146 865 1169 891; x_wconf 89' lang='lat' dir='ltr'>si</span> <span class='ocrx_word' id='word_1_516' title='bbox 1186 863 1303 891; x_wconf 85' lang='lat' dir='ltr'>videtur.</span> 
     </span>
    </p>
   </div>
   <div class='ocr_carea' id='block_1_12' title="bbox 776 123 1272 151">
    <p class='ocr_par' dir='ltr' id='par_1_19' title="bbox 776 123 1272 151">
     <span class='ocr_line' id='line_1_73' title="bbox 776 123 1272 151; baseline -0.002 0"><span class='ocrx_word' id='word_1_517' title='bbox 776 124 899 151; x_wconf 56' lang='lat' dir='ltr'>⁴21.st</span> <span class='ocrx_word' id='word_1_518' title='bbox 933 124 964 150; x_wconf 87' lang='grc' dir='ltr'>Τ.</span> <span class='ocrx_word' id='word_1_519' title='bbox 997 123 1272 151; x_wconf 75' lang='lat' dir='ltr'>CICERONIS</span> 
     </span>
    </p>
   </div>
   <div class='ocr_carea' id='block_1_13' title="bbox 1053 194 1850 526">
    <p class='ocr_par' dir='ltr' id='par_1_20' title="bbox 1053 194 1850 526">
     <span class='ocr_line' id='line_1_74' title="bbox 1055 194 1847 232; baseline 0.003 -12"><span class='ocrx_word' id='word_1_520' title='bbox 1055 195 1194 220; x_wconf 74' lang='lat' dir='ltr'>interesse.</span> <span class='ocrx_word' id='word_1_521' title='bbox 1235 194 1289 221; x_wconf 84' lang='lat' dir='ltr'>vn.</span> <span class='ocrx_word' id='word_1_522' title='bbox 1314 196 1353 220; x_wconf 73' lang='lat'>⁴6.</span> <span class='ocrx_word' id='word_1_523' title='bbox 1375 195 1456 230; x_wconf 78' lang='lat' dir='ltr'>Atqui</span> <span class='ocrx_word' id='word_1_524' title='bbox 1472 195 1539 222; x_wconf 85' lang='lat' dir='ltr'>mihi</span> <span class='ocrx_word' id='word_1_525' title='bbox 1554 204 1663 232; x_wconf 84' lang='lat' dir='ltr'>quoque</span> <span class='ocrx_word' id='word_1_526' title='bbox 1680 195 1785 225; x_wconf 80' lang='lat' dir='ltr'>videor.</span> <span class='ocrx_word' id='word_1_527' title='bbox 1807 197 1847 222; x_wconf 85' lang='lat' dir='ltr'>in-</span> 
     </span>
     <span class='ocr_line' id='line_1_75' title="bbox 1053 231 1848 267; baseline 0.004 -11"><span class='ocrx_word' id='word_1_528' title='bbox 1053 240 1146 265; x_wconf 78' lang='lat' dir='ltr'>quam,</span> <span class='ocrx_word' id='word_1_529' title='bbox 1162 232 1277 261; x_wconf 72' lang='lat' dir='ltr'>venisse,</span> <span class='ocrx_word' id='word_1_530' title='bbox 1292 231 1409 261; x_wconf 77' lang='lat' dir='ltr'>utdicia.</span> <span class='ocrx_word' id='word_1_531' title='bbox 1421 238 1579 267; x_wconf 83' lang='lat' dir='ltr'>opportune.</span> <span class='ocrx_word' id='word_1_532' title='bbox 1607 233 1671 260; x_wconf 78' lang='lat' dir='ltr'>Tres</span> <span class='ocrx_word' id='word_1_533' title='bbox 1682 235 1754 260; x_wconf 86' lang='lat' dir='ltr'>enim</span> <span class='ocrx_word' id='word_1_534' title='bbox 1766 234 1848 259; x_wconf 84' lang='lat' dir='ltr'>trium</span> 
     </span>
     <span class='ocr_line' id='line_1_76' title="bbox 1053 268 1850 303; baseline 0.003 -9"><span class='ocrx_word' id='word_1_535' title='bbox 1053 268 1260 302; x_wconf 70' lang='lat' dir='ltr'>disciplinarum</span> <span class='ocrx_word' id='word_1_536' title='bbox 1279 269 1414 303; x_wconf 76' lang='lat' dir='ltr'>principes</span> <span class='ocrx_word' id='word_1_537' title='bbox 1435 271 1609 296; x_wconf 69' lang='lat' dir='ltr'>convenistis.</span> <span class='ocrx_word' id='word_1_538' title='bbox 1650 270 1684 296; x_wconf 70' lang='grc' dir='ltr'>Μ.</span> <span class='ocrx_word' id='word_1_539' title='bbox 1700 272 1772 296; x_wconf 80' lang='lat' dir='ltr'>enim</span> <span class='ocrx_word' id='word_1_540' title='bbox 1790 271 1850 296; x_wconf 61' lang='lat' dir='ltr'>Piso</span> 
     </span>
     <span class='ocr_line' id='line_1_77' title="bbox 1054 305 1849 342; baseline 0.003 -11"><span class='ocrx_word' id='word_1_541' title='bbox 1054 307 1076 331; x_wconf 69' lang='lat' dir='ltr'>si</span> <span class='ocrx_word' id='word_1_542' title='bbox 1089 305 1202 335; x_wconf 68' lang='lat' dir='ltr'>adesset,</span> <span class='ocrx_word' id='word_1_543' title='bbox 1217 305 1319 331; x_wconf 78' lang='lat' dir='ltr'>nullius</span> <span class='ocrx_word' id='word_1_544' title='bbox 1331 306 1527 341; x_wconf 71' lang='lat' dir='ltr'>philosophiae.</span> <span class='ocrx_word' id='word_1_545' title='bbox 1540 316 1631 334; x_wconf 81' lang='lat' dir='ltr'>earum</span> <span class='ocrx_word' id='word_1_546' title='bbox 1643 308 1763 342; x_wconf 87' lang='lat' dir='ltr'>quidem.</span> <span class='ocrx_word' id='word_1_547' title='bbox 1779 315 1849 342; x_wconf 76' lang='lat' dir='ltr'>quae</span> 
     </span>
     <span class='ocr_line' id='line_1_78' title="bbox 1056 342 1848 379; baseline 0.003 -11"><span class='ocrx_word' id='word_1_548' title='bbox 1056 343 1081 368; x_wconf 91' lang='lat' dir='ltr'>in</span> <span class='ocrx_word' id='word_1_549' title='bbox 1095 342 1193 368; x_wconf 88' lang='lat' dir='ltr'>honore</span> <span class='ocrx_word' id='word_1_550' title='bbox 1205 348 1276 371; x_wconf 80' lang='lat' dir='ltr'>sunt,</span> <span class='ocrx_word' id='word_1_551' title='bbox 1292 348 1396 368; x_wconf 81' lang='lat' dir='ltr'>vacaret</span> <span class='ocrx_word' id='word_1_552' title='bbox 1409 343 1493 369; x_wconf 70' lang='lat' dir='ltr'>locus.</span> <span class='ocrx_word' id='word_1_553' title='bbox 1522 344 1590 370; x_wconf 85' lang='lat' dir='ltr'>Tum</span> <span class='ocrx_word' id='word_1_554' title='bbox 1602 345 1685 375; x_wconf 76' lang='lat' dir='ltr'>Cotta,</span> <span class='ocrx_word' id='word_1_555' title='bbox 1697 346 1734 373; x_wconf 72' lang='lat' dir='ltr'>Si.</span> <span class='ocrx_word' id='word_1_556' title='bbox 1750 345 1848 379; x_wconf 78' lang='lat' dir='ltr'>inquit.</span> 
     </span>
     <span class='ocr_line' id='line_1_79' title="bbox 1056 379 1848 416; baseline 0.003 -11"><span class='ocrx_word' id='word_1_557' title='bbox 1056 379 1254 406; x_wconf 73' lang='lat' dir='ltr'>liberAntiochi</span> <span class='ocrx_word' id='word_1_558' title='bbox 1267 381 1415 415; x_wconf 70' lang='lat' dir='ltr'>nostri,qui</span> <span class='ocrx_word' id='word_1_559' title='bbox 1428 381 1462 406; x_wconf 83' lang='lat' dir='ltr'>ab</span> <span class='ocrx_word' id='word_1_560' title='bbox 1472 389 1504 406; x_wconf 87' lang='lat' dir='ltr'>eo</span> <span class='ocrx_word' id='word_1_561' title='bbox 1517 389 1603 416; x_wconf 83' lang='lat' dir='ltr'>nuper</span> <span class='ocrx_word' id='word_1_562' title='bbox 1614 381 1645 407; x_wconf 76' lang='lat' dir='ltr'>nd</span> <span class='ocrx_word' id='word_1_563' title='bbox 1658 382 1730 408; x_wconf 82' lang='lat' dir='ltr'>hunc</span> <span class='ocrx_word' id='word_1_564' title='bbox 1737 382 1848 408; x_wconf 76' lang='lat' dir='ltr'>Balbum</span> 
     </span>
     <span class='ocr_line' id='line_1_80' title="bbox 1055 417 1847 453; baseline 0.004 -11"><span class='ocrx_word' id='word_1_565' title='bbox 1055 418 1156 442; x_wconf 76' lang='lat' dir='ltr'>missus</span> <span class='ocrx_word' id='word_1_566' title='bbox 1171 422 1225 447; x_wconf 75' lang='lat' dir='ltr'>est,</span> <span class='ocrx_word' id='word_1_567' title='bbox 1244 426 1305 443; x_wconf 79' lang='lat' dir='ltr'>vera</span> <span class='ocrx_word' id='word_1_568' title='bbox 1323 417 1454 452; x_wconf 87' lang='lat' dir='ltr'>loquitur.</span> <span class='ocrx_word' id='word_1_569' title='bbox 1472 418 1540 444; x_wconf 85' lang='lat' dir='ltr'>nihil</span> <span class='ocrx_word' id='word_1_570' title='bbox 1555 423 1610 448; x_wconf 78' lang='lat' dir='ltr'>est,</span> <span class='ocrx_word' id='word_1_571' title='bbox 1626 419 1699 453; x_wconf 92' lang='lat' dir='ltr'>quod</span> <span class='ocrx_word' id='word_1_572' title='bbox 1714 419 1847 447; x_wconf 70' lang='lat' dir='ltr'>Pisonem.</span> 
     </span>
     <span class='ocr_line' id='line_1_81' title="bbox 1056 453 1849 484; baseline 0.001 -5"><span class='ocrx_word' id='word_1_573' title='bbox 1056 453 1214 480; x_wconf 77' lang='lat' dir='ltr'>familiarem</span> <span class='ocrx_word' id='word_1_574' title='bbox 1231 459 1321 484; x_wconf 81' lang='lat' dir='ltr'>tuum.</span> <span class='ocrx_word' id='word_1_575' title='bbox 1344 454 1491 481; x_wconf 80' lang='lat' dir='ltr'>desideres.</span> <span class='ocrx_word' id='word_1_576' title='bbox 1532 455 1663 481; x_wconf 74' lang='lat' dir='ltr'>Antiocho</span> <span class='ocrx_word' id='word_1_577' title='bbox 1680 457 1752 482; x_wconf 86' lang='lat' dir='ltr'>enim</span> <span class='ocrx_word' id='word_1_578' title='bbox 1767 456 1849 482; x_wconf 77' lang='lat' dir='ltr'>Stoici</span> 
     </span>
     <span class='ocr_line' id='line_1_82' title="bbox 1054 491 1849 526; baseline 0.003 -9"><span class='ocrx_word' id='word_1_579' title='bbox 1054 500 1115 517; x_wconf 87' lang='lat' dir='ltr'>cum</span> <span class='ocrx_word' id='word_1_580' title='bbox 1124 491 1307 526; x_wconf 75' lang='lat' dir='ltr'>Peripateticis</span> <span class='ocrx_word' id='word_1_581' title='bbox 1318 500 1344 517; x_wconf 88' lang='lat' dir='ltr'>re</span> <span class='ocrx_word' id='word_1_582' title='bbox 1355 493 1495 518; x_wconf 81' lang='lat' dir='ltr'>concinere</span> <span class='ocrx_word' id='word_1_583' title='bbox 1507 492 1642 523; x_wconf 77' lang='lat' dir='ltr'>videntur,</span> <span class='ocrx_word' id='word_1_584' title='bbox 1652 493 1849 519; x_wconf 73' lang='lat' dir='ltr'>verbiadiscre-</span> 
     </span>
    </p>
   </div>
   <div class='ocr_carea' id='block_1_14' title="bbox 1024 528 1847 565">
    <p class='ocr_par' dir='ltr' id='par_1_21' title="bbox 1024 528 1847 565">
     <span class='ocr_line' id='line_1_83' title="bbox 1024 528 1847 565; baseline 0.004 -12"><span class='ocrx_word' id='word_1_585' title='bbox 1024 529 1025 537; x_wconf 69' lang='lat'>¹</span> <span class='ocrx_word' id='word_1_586' title='bbox 1055 537 1131 563; x_wconf 88' lang='lat' dir='ltr'>pare:</span> <span class='ocrx_word' id='word_1_587' title='bbox 1153 537 1208 563; x_wconf 87' lang='lat' dir='ltr'>quo</span> <span class='ocrx_word' id='word_1_588' title='bbox 1223 528 1256 554; x_wconf 88' lang='lat' dir='ltr'>de</span> <span class='ocrx_word' id='word_1_589' title='bbox 1274 528 1342 555; x_wconf 91' lang='lat' dir='ltr'>libro</span> <span class='ocrx_word' id='word_1_590' title='bbox 1354 529 1434 555; x_wconf 89' lang='lat' dir='ltr'>velim</span> <span class='ocrx_word' id='word_1_591' title='bbox 1447 530 1528 559; x_wconf 79' lang='lat' dir='ltr'>scire.</span> <span class='ocrx_word' id='word_1_592' title='bbox 1546 529 1640 560; x_wconf 78' lang='lat' dir='ltr'>Balbe,</span> <span class='ocrx_word' id='word_1_593' title='bbox 1656 529 1723 565; x_wconf 89' lang='lat' dir='ltr'>quid</span> <span class='ocrx_word' id='word_1_594' title='bbox 1738 531 1847 556; x_wconf 71' lang='lat' dir='ltr'>sentina.</span> 
     </span>
    </p>
   </div>
   <div class='ocr_carea' id='block_1_15' title="bbox 1053 566 1851 975">
    <p class='ocr_par' dir='ltr' id='par_1_22' title="bbox 1053 566 1851 975">
     <span class='ocr_line' id='line_1_84' title="bbox 1055 566 1849 601; baseline 0.001 -9"><span class='ocrx_word' id='word_1_595' title='bbox 1055 566 1164 601; x_wconf 72' lang='lat' dir='ltr'>Egone?</span> <span class='ocrx_word' id='word_1_596' title='bbox 1183 567 1271 600; x_wconf 86' lang='lat' dir='ltr'>inquit</span> <span class='ocrx_word' id='word_1_597' title='bbox 1287 566 1342 592; x_wconf 87' lang='lat' dir='ltr'>ille.</span> <span class='ocrx_word' id='word_1_598' title='bbox 1382 566 1462 592; x_wconf 77' lang='lat' dir='ltr'>Miror</span> <span class='ocrx_word' id='word_1_599' title='bbox 1477 566 1652 597; x_wconf 71' lang='lat' dir='ltr'>Antiochum.</span> <span class='ocrx_word' id='word_1_600' title='bbox 1669 567 1804 593; x_wconf 84' lang='lat' dir='ltr'>hominem</span> <span class='ocrx_word' id='word_1_601' title='bbox 1822 568 1849 593; x_wconf 85' lang='lat' dir='ltr'>in</span> 
     </span>
     <span class='ocr_line' id='line_1_85' title="bbox 1055 603 1851 639; baseline 0.001 -10"><span class='ocrx_word' id='word_1_602' title='bbox 1055 604 1150 638; x_wconf 86' lang='lat' dir='ltr'>primis</span> <span class='ocrx_word' id='word_1_603' title='bbox 1161 608 1279 629; x_wconf 88' lang='lat' dir='ltr'>acutum.</span> <span class='ocrx_word' id='word_1_604' title='bbox 1294 612 1346 630; x_wconf 90' lang='lat' dir='ltr'>non</span> <span class='ocrx_word' id='word_1_605' title='bbox 1358 603 1469 634; x_wconf 76' lang='lat' dir='ltr'>vidisse,</span> <span class='ocrx_word' id='word_1_606' title='bbox 1483 604 1610 630; x_wconf 76' lang='lat' dir='ltr'>interesse</span> <span class='ocrx_word' id='word_1_607' title='bbox 1622 603 1770 639; x_wconf 85' lang='lat' dir='ltr'>plurimum</span> <span class='ocrx_word' id='word_1_608' title='bbox 1783 605 1851 631; x_wconf 79' lang='lat' dir='ltr'>inter</span> 
     </span>
     <span class='ocr_line' id='line_1_86' title="bbox 1054 640 1851 676; baseline 0.003 -10"><span class='ocrx_word' id='word_1_609' title='bbox 1054 641 1166 671; x_wconf 73' lang='lat' dir='ltr'>Stoicos,</span> <span class='ocrx_word' id='word_1_610' title='bbox 1181 641 1228 675; x_wconf 87' lang='lat' dir='ltr'>qui</span> <span class='ocrx_word' id='word_1_611' title='bbox 1242 641 1351 667; x_wconf 84' lang='lat' dir='ltr'>honesta</span> <span class='ocrx_word' id='word_1_612' title='bbox 1363 649 1376 666; x_wconf 90' lang='lat' dir='ltr'>a</span> <span class='ocrx_word' id='word_1_613' title='bbox 1387 641 1537 667; x_wconf 86' lang='lat' dir='ltr'>commodis</span> <span class='ocrx_word' id='word_1_614' title='bbox 1549 650 1599 668; x_wconf 88' lang='lat' dir='ltr'>non</span> <span class='ocrx_word' id='word_1_615' title='bbox 1612 643 1728 671; x_wconf 86' lang='lat' dir='ltr'>nomine.</span> <span class='ocrx_word' id='word_1_616' title='bbox 1744 640 1791 668; x_wconf 79' lang='lat' dir='ltr'>sed</span> <span class='ocrx_word' id='word_1_617' title='bbox 1802 649 1851 676; x_wconf 78' lang='lat' dir='ltr'>ge-</span> 
     </span>
     <span class='ocr_line' id='line_1_87' title="bbox 1054 677 1849 714; baseline 0.001 -10"><span class='ocrx_word' id='word_1_618' title='bbox 1054 686 1116 704; x_wconf 87' lang='lat' dir='ltr'>nere</span> <span class='ocrx_word' id='word_1_619' title='bbox 1132 683 1184 704; x_wconf 86' lang='lat' dir='ltr'>toto</span> <span class='ocrx_word' id='word_1_620' title='bbox 1199 677 1400 713; x_wconf 80' lang='lat' dir='ltr'>disiungerent.</span> <span class='ocrx_word' id='word_1_621' title='bbox 1419 684 1444 704; x_wconf 89' lang='lat' dir='ltr'>et</span> <span class='ocrx_word' id='word_1_622' title='bbox 1455 679 1657 713; x_wconf 82' lang='lat' dir='ltr'>Peripateticos.</span> <span class='ocrx_word' id='word_1_623' title='bbox 1675 679 1723 714; x_wconf 90' lang='lat' dir='ltr'>qui</span> <span class='ocrx_word' id='word_1_624' title='bbox 1740 679 1849 705; x_wconf 73' lang='lat' dir='ltr'>honesta</span> 
     </span>
     <span class='ocr_line' id='line_1_88' title="bbox 1053 715 1850 751; baseline 0.001 -10"><span class='ocrx_word' id='word_1_625' title='bbox 1053 716 1258 741; x_wconf 85' lang='lat' dir='ltr'>commiscerent</span> <span class='ocrx_word' id='word_1_626' title='bbox 1268 724 1330 741; x_wconf 92' lang='lat' dir='ltr'>cum</span> <span class='ocrx_word' id='word_1_627' title='bbox 1341 715 1500 745; x_wconf 76' lang='lat' dir='ltr'>commodis,</span> <span class='ocrx_word' id='word_1_628' title='bbox 1515 721 1543 742; x_wconf 92' lang='lat' dir='ltr'>ut</span> <span class='ocrx_word' id='word_1_629' title='bbox 1553 724 1583 742; x_wconf 87' lang='lat' dir='ltr'>ea</span> <span class='ocrx_word' id='word_1_630' title='bbox 1595 717 1663 742; x_wconf 78' lang='lat' dir='ltr'>inter</span> <span class='ocrx_word' id='word_1_631' title='bbox 1674 724 1702 742; x_wconf 86' lang='lat' dir='ltr'>se</span> <span class='ocrx_word' id='word_1_632' title='bbox 1714 716 1850 751; x_wconf 74' lang='lat' dir='ltr'>magnitu-</span> 
     </span>
     <span class='ocr_line' id='line_1_89' title="bbox 1053 752 1850 789; baseline 0.001 -11"><span class='ocrx_word' id='word_1_633' title='bbox 1053 753 1117 779; x_wconf 84' lang='lat' dir='ltr'>dine</span> <span class='ocrx_word' id='word_1_634' title='bbox 1131 758 1156 779; x_wconf 89' lang='lat' dir='ltr'>et</span> <span class='ocrx_word' id='word_1_635' title='bbox 1171 753 1249 788; x_wconf 84' lang='lat' dir='ltr'>quasi</span> <span class='ocrx_word' id='word_1_636' title='bbox 1263 752 1407 788; x_wconf 84' lang='lat' dir='ltr'>gradibus.</span> <span class='ocrx_word' id='word_1_637' title='bbox 1424 761 1475 779; x_wconf 91' lang='lat' dir='ltr'>non</span> <span class='ocrx_word' id='word_1_638' title='bbox 1486 761 1584 789; x_wconf 79' lang='lat' dir='ltr'>genere</span> <span class='ocrx_word' id='word_1_639' title='bbox 1594 753 1741 779; x_wconf 75' lang='lat' dir='ltr'>differrent.</span> <span class='ocrx_word' id='word_1_640' title='bbox 1781 753 1850 779; x_wconf 76' lang='lat' dir='ltr'>nnec</span> 
     </span>
     <span class='ocr_line' id='line_1_90' title="bbox 1053 790 1849 825; baseline 0 -9"><span class='ocrx_word' id='word_1_641' title='bbox 1053 791 1126 816; x_wconf 89' lang='lat' dir='ltr'>enim</span> <span class='ocrx_word' id='word_1_642' title='bbox 1141 795 1182 816; x_wconf 89' lang='lat' dir='ltr'>est</span> <span class='ocrx_word' id='word_1_643' title='bbox 1196 799 1247 816; x_wconf 91' lang='lat' dir='ltr'>non</span> <span class='ocrx_word' id='word_1_644' title='bbox 1266 790 1408 816; x_wconf 79' lang='lat' dir='ltr'>verborum</span> <span class='ocrx_word' id='word_1_645' title='bbox 1424 799 1520 825; x_wconf 83' lang='lat' dir='ltr'>parva,</span> <span class='ocrx_word' id='word_1_646' title='bbox 1538 790 1585 816; x_wconf 85' lang='lat' dir='ltr'>sed</span> <span class='ocrx_word' id='word_1_647' title='bbox 1601 799 1690 816; x_wconf 88' lang='lat' dir='ltr'>rerum</span> <span class='ocrx_word' id='word_1_648' title='bbox 1704 798 1849 825; x_wconf 68' lang='lat' dir='ltr'>permagna</span> 
     </span>
     <span class='ocr_line' id='line_1_91' title="bbox 1053 827 1850 862; baseline 0 -9"><span class='ocrx_word' id='word_1_649' title='bbox 1053 827 1198 854; x_wconf 84' lang='lat' dir='ltr'>dissensio.</span> <span class='ocrx_word' id='word_1_650' title='bbox 1243 828 1282 853; x_wconf 79' lang='grc' dir='ltr'>Π.</span> <span class='ocrx_word' id='word_1_651' title='bbox 1304 827 1402 854; x_wconf 77' lang='lat' dir='ltr'>Verum</span> <span class='ocrx_word' id='word_1_652' title='bbox 1415 827 1480 854; x_wconf 87' lang='lat' dir='ltr'>haee</span> <span class='ocrx_word' id='word_1_653' title='bbox 1491 827 1571 854; x_wconf 86' lang='lat' dir='ltr'>alias:</span> <span class='ocrx_word' id='word_1_654' title='bbox 1589 836 1661 854; x_wconf 90' lang='lat' dir='ltr'>nunc</span> <span class='ocrx_word' id='word_1_655' title='bbox 1675 827 1748 862; x_wconf 91' lang='lat' dir='ltr'>quod</span> <span class='ocrx_word' id='word_1_656' title='bbox 1759 827 1850 862; x_wconf 80' lang='lat' dir='ltr'>coepi-</span> 
     </span>
     <span class='ocr_line' id='line_1_92' title="bbox 1344 864 1847 900; baseline -0.002 -10"><span class='ocrx_word' id='word_1_657' title='bbox 1344 865 1410 891; x_wconf 78' lang='lat' dir='ltr'>Mihi</span> <span class='ocrx_word' id='word_1_658' title='bbox 1427 873 1503 894; x_wconf 81' lang='lat' dir='ltr'>vero.</span> <span class='ocrx_word' id='word_1_659' title='bbox 1522 865 1611 900; x_wconf 85' lang='lat' dir='ltr'>inquit</span> <span class='ocrx_word' id='word_1_660' title='bbox 1623 865 1711 895; x_wconf 81' lang='lat' dir='ltr'>Cotta,</span> <span class='ocrx_word' id='word_1_661' title='bbox 1732 864 1847 891; x_wconf 79' lang='lat' dir='ltr'>videtur.</span> 
     </span>
     <span class='ocr_line' id='line_1_93' title="bbox 1053 901 1847 937; baseline 0 -9"><span class='ocrx_word' id='word_1_662' title='bbox 1053 901 1119 933; x_wconf 74' lang='lat' dir='ltr'>Sed,</span> <span class='ocrx_word' id='word_1_663' title='bbox 1136 907 1165 928; x_wconf 88' lang='lat' dir='ltr'>ut</span> <span class='ocrx_word' id='word_1_664' title='bbox 1181 902 1238 931; x_wconf 83' lang='lat' dir='ltr'>hic.</span> <span class='ocrx_word' id='word_1_665' title='bbox 1256 903 1303 937; x_wconf 87' lang='lat' dir='ltr'>qui</span> <span class='ocrx_word' id='word_1_666' title='bbox 1319 903 1475 932; x_wconf 75' lang='lat' dir='ltr'>intervenit,</span> <span class='ocrx_word' id='word_1_667' title='bbox 1493 910 1536 928; x_wconf 90' lang='lat' dir='ltr'>me</span> <span class='ocrx_word' id='word_1_668' title='bbox 1551 903 1672 933; x_wconf 78' lang='lat' dir='ltr'>intuens,</span> <span class='ocrx_word' id='word_1_669' title='bbox 1689 910 1723 928; x_wconf 89' lang='lat' dir='ltr'>ne</span> <span class='ocrx_word' id='word_1_670' title='bbox 1734 902 1847 937; x_wconf 76' lang='lat' dir='ltr'>ignoret.</span> 
     </span>
     <span class='ocr_line' id='line_1_94' title="bbox 1053 938 1850 975; baseline -0.001 -10"><span class='ocrx_word' id='word_1_671' title='bbox 1053 947 1123 975; x_wconf 88' lang='lat' dir='ltr'>quae</span> <span class='ocrx_word' id='word_1_672' title='bbox 1138 947 1180 965; x_wconf 87' lang='lat' dir='ltr'>res</span> <span class='ocrx_word' id='word_1_673' title='bbox 1196 944 1303 975; x_wconf 77' lang='lat' dir='ltr'>agatur:</span> <span class='ocrx_word' id='word_1_674' title='bbox 1324 939 1358 965; x_wconf 91' lang='lat' dir='ltr'>de</span> <span class='ocrx_word' id='word_1_675' title='bbox 1369 944 1462 966; x_wconf 91' lang='lat' dir='ltr'>natura</span> <span class='ocrx_word' id='word_1_676' title='bbox 1473 939 1621 975; x_wconf 77' lang='lat' dir='ltr'>agebamus</span> <span class='ocrx_word' id='word_1_677' title='bbox 1631 938 1758 970; x_wconf 81' lang='lat' dir='ltr'>deorum;</span> <span class='ocrx_word' id='word_1_678' title='bbox 1780 946 1850 974; x_wconf 76' lang='lat' dir='ltr'>quae</span> 
     </span>
    </p>
   </div>
   <div class='ocr_carea' id='block_1_16' title="bbox 1023 976 1851 1012">
    <p class='ocr_par' dir='ltr' id='par_1_23' title="bbox 1023 976 1851 1012">
     <span class='ocr_line' id='line_1_95' title="bbox 1023 976 1851 1012; baseline -0.004 -7"><span class='ocrx_word' id='word_1_679' title='bbox 1023 979 1031 1005; x_wconf 52' lang='lat' dir='ltr'><em>s</em></span> <span class='ocrx_word' id='word_1_680' title='bbox 1053 985 1138 1012; x_wconf 88' lang='lat' dir='ltr'>quum</span> <span class='ocrx_word' id='word_1_681' title='bbox 1151 976 1217 1003; x_wconf 87' lang='lat' dir='ltr'>mihi</span> <span class='ocrx_word' id='word_1_682' title='bbox 1231 976 1367 1002; x_wconf 77' lang='lat' dir='ltr'>videretur</span> <span class='ocrx_word' id='word_1_683' title='bbox 1376 976 1548 1012; x_wconf 77' lang='lat' dir='ltr'>perobscura.</span> <span class='ocrx_word' id='word_1_684' title='bbox 1556 981 1698 1011; x_wconf 82' lang='lat' dir='ltr'>utsemper</span> <span class='ocrx_word' id='word_1_685' title='bbox 1707 976 1795 1003; x_wconf 84' lang='lat' dir='ltr'>videri</span> <span class='ocrx_word' id='word_1_686' title='bbox 1806 984 1851 1002; x_wconf 88' lang='lat' dir='ltr'>so-</span> 
     </span>
    </p>
   </div>
   <div class='ocr_carea' id='block_1_17' title="bbox 1052 1013 1851 1416">
    <p class='ocr_par' dir='ltr' id='par_1_24' title="bbox 1052 1013 1851 1386">
     <span class='ocr_line' id='line_1_96' title="bbox 1055 1013 1851 1049; baseline 0 -9"><span class='ocrx_word' id='word_1_687' title='bbox 1055 1014 1098 1043; x_wconf 76' lang='lat' dir='ltr'>let.</span> <span class='ocrx_word' id='word_1_688' title='bbox 1110 1014 1220 1049; x_wconf 83' lang='lat' dir='ltr'>Epicuri</span> <span class='ocrx_word' id='word_1_689' title='bbox 1231 1023 1265 1040; x_wconf 82' lang='lat' dir='ltr'>ex</span> <span class='ocrx_word' id='word_1_690' title='bbox 1277 1014 1378 1040; x_wconf 74' lang='lat' dir='ltr'>Velleio</span> <span class='ocrx_word' id='word_1_691' title='bbox 1388 1014 1546 1040; x_wconf 84' lang='lat' dir='ltr'>sciscitabar</span> <span class='ocrx_word' id='word_1_692' title='bbox 1556 1014 1727 1040; x_wconf 84' lang='lat' dir='ltr'>sententiam.</span> <span class='ocrx_word' id='word_1_693' title='bbox 1748 1013 1851 1046; x_wconf 82' lang='lat' dir='ltr'>Quam·</span> 
     </span>
     <span class='ocr_line' id='line_1_97' title="bbox 1052 1051 1850 1086; baseline -0.001 -9"><span class='ocrx_word' id='word_1_694' title='bbox 1052 1051 1155 1081; x_wconf 82' lang='lat' dir='ltr'>obrem,</span> <span class='ocrx_word' id='word_1_695' title='bbox 1169 1052 1266 1086; x_wconf 85' lang='lat' dir='ltr'>inquit.</span> <span class='ocrx_word' id='word_1_696' title='bbox 1280 1051 1378 1081; x_wconf 82' lang='lat' dir='ltr'>Vellei.</span> <span class='ocrx_word' id='word_1_697' title='bbox 1392 1052 1444 1078; x_wconf 87' lang='lat' dir='ltr'>nisi</span> <span class='ocrx_word' id='word_1_698' title='bbox 1457 1051 1600 1078; x_wconf 86' lang='lat' dir='ltr'>molestum</span> <span class='ocrx_word' id='word_1_699' title='bbox 1611 1056 1660 1081; x_wconf 49' lang='lat' dir='ltr'>est,</span> <span class='ocrx_word' id='word_1_700' title='bbox 1674 1056 1850 1086; x_wconf 82' lang='lat' dir='ltr'>repete,quae</span> 
     </span>
     <span class='ocr_line' id='line_1_98' title="bbox 1052 1087 1850 1124; baseline -0.001 -9"><span class='ocrx_word' id='word_1_701' title='bbox 1052 1097 1188 1123; x_wconf 63' lang='lat' dir='ltr'>coeperas</span> <span class='ocrx_word' id='word_1_702' title='bbox 1202 1103 1239 1108; x_wconf 90' lang='lat'><strong>—</strong></span> <span class='ocrx_word' id='word_1_703' title='bbox 1254 1089 1379 1123; x_wconf 75' lang='lat' dir='ltr'>nepetam</span> <span class='ocrx_word' id='word_1_704' title='bbox 1391 1097 1462 1118; x_wconf 71' lang='lat' dir='ltr'>vero.</span> <span class='ocrx_word' id='word_1_705' title='bbox 1470 1097 1636 1124; x_wconf 85' lang='lat' dir='ltr'>quamquam</span> <span class='ocrx_word' id='word_1_706' title='bbox 1647 1097 1699 1115; x_wconf 90' lang='lat' dir='ltr'>non</span> <span class='ocrx_word' id='word_1_707' title='bbox 1711 1088 1789 1117; x_wconf 81' lang='lat' dir='ltr'>mihi.</span> <span class='ocrx_word' id='word_1_708' title='bbox 1802 1087 1850 1114; x_wconf 85' lang='lat' dir='ltr'>sed</span> 
     </span>
     <span class='ocr_line' id='line_1_99' title="bbox 1054 1125 1848 1160; baseline -0.001 -8"><span class='ocrx_word' id='word_1_709' title='bbox 1054 1126 1103 1152; x_wconf 90' lang='lat' dir='ltr'>tibi</span> <span class='ocrx_word' id='word_1_710' title='bbox 1115 1126 1159 1152; x_wconf 91' lang='lat' dir='ltr'>hic</span> <span class='ocrx_word' id='word_1_711' title='bbox 1171 1126 1244 1152; x_wconf 77' lang='lat' dir='ltr'>venit</span> <span class='ocrx_word' id='word_1_712' title='bbox 1255 1125 1370 1152; x_wconf 89' lang='lat' dir='ltr'>adiutor.</span> <span class='ocrx_word' id='word_1_713' title='bbox 1409 1126 1497 1152; x_wconf 79' lang='lat' dir='ltr'>Ambo</span> <span class='ocrx_word' id='word_1_714' title='bbox 1510 1126 1596 1155; x_wconf 77' lang='lat' dir='ltr'>enim,</span> <span class='ocrx_word' id='word_1_715' title='bbox 1615 1126 1705 1160; x_wconf 92' lang='lat' dir='ltr'>inquit</span> <span class='ocrx_word' id='word_1_716' title='bbox 1717 1125 1848 1154; x_wconf 85' lang='lat' dir='ltr'>arridens.</span> 
     </span>
     <span class='ocr_line' id='line_1_100' title="bbox 1053 1163 1848 1198; baseline -0.001 -9"><span class='ocrx_word' id='word_1_717' title='bbox 1053 1163 1087 1190; x_wconf 89' lang='lat' dir='ltr'>ab</span> <span class='ocrx_word' id='word_1_718' title='bbox 1107 1163 1201 1189; x_wconf 89' lang='lat' dir='ltr'>eodem</span> <span class='ocrx_word' id='word_1_719' title='bbox 1218 1163 1328 1190; x_wconf 84' lang='lat' dir='ltr'>Philone</span> <span class='ocrx_word' id='word_1_720' title='bbox 1344 1163 1412 1189; x_wconf 89' lang='lat' dir='ltr'>nihil</span> <span class='ocrx_word' id='word_1_721' title='bbox 1434 1164 1503 1189; x_wconf 88' lang='lat' dir='ltr'>scire</span> <span class='ocrx_word' id='word_1_722' title='bbox 1517 1163 1664 1189; x_wconf 79' lang='lat' dir='ltr'>didicistis.</span> <span class='ocrx_word' id='word_1_723' title='bbox 1704 1163 1773 1189; x_wconf 89' lang='lat' dir='ltr'>Tum</span> <span class='ocrx_word' id='word_1_724' title='bbox 1788 1170 1848 1198; x_wconf 79' lang='lat' dir='ltr'>ego,</span> 
     </span>
     <span class='ocr_line' id='line_1_101' title="bbox 1052 1199 1851 1233; baseline -0.001 -6"><span class='ocrx_word' id='word_1_725' title='bbox 1052 1200 1124 1233; x_wconf 92' lang='lat' dir='ltr'>Quid</span> <span class='ocrx_word' id='word_1_726' title='bbox 1135 1200 1324 1231; x_wconf 78' lang='lat' dir='ltr'>didicerimus,</span> <span class='ocrx_word' id='word_1_727' title='bbox 1333 1200 1407 1227; x_wconf 84' lang='lat' dir='ltr'>Cotta</span> <span class='ocrx_word' id='word_1_728' title='bbox 1419 1200 1530 1227; x_wconf 79' lang='lat' dir='ltr'>viderit:</span> <span class='ocrx_word' id='word_1_729' title='bbox 1544 1205 1572 1226; x_wconf 94' lang='lat' dir='ltr'>tu</span> <span class='ocrx_word' id='word_1_730' title='bbox 1583 1205 1673 1226; x_wconf 89' lang='lat' dir='ltr'>autem</span> <span class='ocrx_word' id='word_1_731' title='bbox 1685 1199 1746 1226; x_wconf 89' lang='lat' dir='ltr'>nolo</span> <span class='ocrx_word' id='word_1_732' title='bbox 1755 1199 1851 1226; x_wconf 79' lang='lat' dir='ltr'>existi·</span> 
     </span>
     <span class='ocr_line' id='line_1_102' title="bbox 1053 1237 1851 1268; baseline -0.001 -4"><span class='ocrx_word' id='word_1_733' title='bbox 1053 1247 1124 1268; x_wconf 89' lang='lat' dir='ltr'>mes,</span> <span class='ocrx_word' id='word_1_734' title='bbox 1143 1247 1185 1264; x_wconf 86' lang='lat' dir='ltr'>me</span> <span class='ocrx_word' id='word_1_735' title='bbox 1202 1238 1350 1264; x_wconf 86' lang='lat' dir='ltr'>adiutorem</span> <span class='ocrx_word' id='word_1_736' title='bbox 1368 1238 1432 1264; x_wconf 88' lang='lat' dir='ltr'>huic</span> <span class='ocrx_word' id='word_1_737' title='bbox 1447 1238 1568 1268; x_wconf 79' lang='lat' dir='ltr'>venisse,</span> <span class='ocrx_word' id='word_1_738' title='bbox 1585 1237 1807 1267; x_wconf 80' lang='lat' dir='ltr'>sedauditorem.</span> <span class='ocrx_word' id='word_1_739' title='bbox 1825 1241 1851 1263; x_wconf 86' lang='lat' dir='ltr'>et</span> 
     </span>
     <span class='ocr_line' id='line_1_103' title="bbox 1052 1273 1851 1311; baseline -0.001 -10"><span class='ocrx_word' id='word_1_740' title='bbox 1052 1275 1164 1311; x_wconf 88' lang='lat' dir='ltr'>quidem</span> <span class='ocrx_word' id='word_1_741' title='bbox 1193 1284 1310 1310; x_wconf 86' lang='lat' dir='ltr'>aequum</span> <span class='ocrx_word' id='word_1_742' title='bbox 1319 1296 1325 1305; x_wconf 82' lang='lat'>,</span> <span class='ocrx_word' id='word_1_743' title='bbox 1358 1275 1443 1302; x_wconf 90' lang='lat' dir='ltr'>libero</span> <span class='ocrx_word' id='word_1_744' title='bbox 1473 1274 1587 1305; x_wconf 90' lang='lat' dir='ltr'>iudicio,</span> <span class='ocrx_word' id='word_1_745' title='bbox 1619 1274 1692 1301; x_wconf 92' lang='lat' dir='ltr'>nulla</span> <span class='ocrx_word' id='word_1_746' title='bbox 1715 1273 1851 1301; x_wconf 87' lang='lat' dir='ltr'>eiusmodi</span> 
     </span>
     <span class='ocr_line' id='line_1_104' title="bbox 1053 1311 1850 1343; baseline -0.001 -4"><span class='ocrx_word' id='word_1_747' title='bbox 1053 1313 1192 1340; x_wconf 87' lang='lat' dir='ltr'>astrictum</span> <span class='ocrx_word' id='word_1_748' title='bbox 1204 1313 1370 1343; x_wconf 79' lang='lat' dir='ltr'>necessitate,</span> <span class='ocrx_word' id='word_1_749' title='bbox 1384 1317 1413 1339; x_wconf 92' lang='lat' dir='ltr'>ut</span> <span class='ocrx_word' id='word_1_750' title='bbox 1425 1312 1506 1343; x_wconf 85' lang='lat' dir='ltr'>mihi,</span> <span class='ocrx_word' id='word_1_751' title='bbox 1524 1312 1605 1339; x_wconf 85' lang='lat' dir='ltr'>velim</span> <span class='ocrx_word' id='word_1_752' title='bbox 1619 1311 1717 1343; x_wconf 86' lang='lat' dir='ltr'>nolim,</span> <span class='ocrx_word' id='word_1_753' title='bbox 1734 1313 1770 1338; x_wconf 81' lang='lat' dir='ltr'>sit</span> <span class='ocrx_word' id='word_1_754' title='bbox 1779 1315 1850 1338; x_wconf 77' lang='lat' dir='ltr'>certa</span> 
     </span>
     <span class='ocr_line' id='line_1_105' title="bbox 1052 1350 1448 1386; baseline 0 -10"><span class='ocrx_word' id='word_1_755' title='bbox 1052 1350 1185 1386; x_wconf 88' lang='lat' dir='ltr'>quaedam</span> <span class='ocrx_word' id='word_1_756' title='bbox 1197 1350 1295 1376; x_wconf 92' lang='lat' dir='ltr'>tuenda</span> <span class='ocrx_word' id='word_1_757' title='bbox 1307 1351 1448 1376; x_wconf 90' lang='lat' dir='ltr'>sententia.</span> 
     </span>
    </p>

    <p class='ocr_par' dir='ltr' id='par_1_25' title="bbox 1110 1385 1851 1416">
     <span class='ocr_line' id='line_1_106' title="bbox 1110 1385 1851 1416; baseline -0.003 -2"><span class='ocrx_word' id='word_1_758' title='bbox 1110 1388 1175 1414; x_wconf 75' lang='lat' dir='ltr'>vul.</span> <span class='ocrx_word' id='word_1_759' title='bbox 1200 1389 1240 1414; x_wconf 73' lang='lat'>⁴8.</span> <span class='ocrx_word' id='word_1_760' title='bbox 1262 1388 1331 1414; x_wconf 87' lang='lat' dir='ltr'>Tum</span> <span class='ocrx_word' id='word_1_761' title='bbox 1351 1387 1470 1414; x_wconf 89' lang='lat' dir='ltr'>Velleius</span> <span class='ocrx_word' id='word_1_762' title='bbox 1493 1386 1606 1413; x_wconf 84' lang='lat' dir='ltr'>fidenter</span> <span class='ocrx_word' id='word_1_763' title='bbox 1621 1394 1684 1413; x_wconf 87' lang='lat' dir='ltr'>sane</span> <span class='ocrx_word' id='word_1_764' title='bbox 1693 1407 1699 1416; x_wconf 76' lang='grc'>,</span> <span class='ocrx_word' id='word_1_765' title='bbox 1720 1391 1750 1412; x_wconf 89' lang='lat' dir='ltr'>ut</span> <span class='ocrx_word' id='word_1_766' title='bbox 1764 1385 1851 1412; x_wconf 86' lang='lat' dir='ltr'>solent</span> 
     </span>
    </p>
   </div>
   <div class='ocr_carea' id='block_1_18' title="bbox 1030 1422 1851 1461">
    <p class='ocr_par' dir='ltr' id='par_1_26' title="bbox 1030 1422 1851 1461">
     <span class='ocr_line' id='line_1_107' title="bbox 1030 1422 1851 1461; baseline -0.004 -9"><span class='ocrx_word' id='word_1_767' title='bbox 1030 1434 1032 1461; x_wconf 59' lang='lat'>¹,</span> <span class='ocrx_word' id='word_1_768' title='bbox 1053 1426 1112 1455; x_wconf 83' lang='lat' dir='ltr'>isti,</span> <span class='ocrx_word' id='word_1_769' title='bbox 1131 1424 1199 1451; x_wconf 91' lang='lat' dir='ltr'>nihil</span> <span class='ocrx_word' id='word_1_770' title='bbox 1211 1430 1264 1452; x_wconf 84' lang='lat' dir='ltr'>tam</span> <span class='ocrx_word' id='word_1_771' title='bbox 1276 1433 1385 1455; x_wconf 83' lang='lat' dir='ltr'>verens,</span> <span class='ocrx_word' id='word_1_772' title='bbox 1403 1433 1485 1460; x_wconf 91' lang='lat' dir='ltr'>quam</span> <span class='ocrx_word' id='word_1_773' title='bbox 1497 1432 1530 1451; x_wconf 90' lang='lat' dir='ltr'>ne</span> <span class='ocrx_word' id='word_1_774' title='bbox 1539 1424 1664 1451; x_wconf 88' lang='lat' dir='ltr'>dubitare</span> <span class='ocrx_word' id='word_1_775' title='bbox 1673 1423 1764 1458; x_wconf 83' lang='lat' dir='ltr'>aliqua</span> <span class='ocrx_word' id='word_1_776' title='bbox 1777 1422 1811 1449; x_wconf 91' lang='lat' dir='ltr'>de</span> <span class='ocrx_word' id='word_1_777' title='bbox 1822 1431 1851 1449; x_wconf 83' lang='lat' dir='ltr'>re</span> 
     </span>
    </p>
   </div>
   <div class='ocr_carea' id='block_1_19' title="bbox 1046 1460 1852 2687">
    <p class='ocr_par' dir='ltr' id='par_1_27' title="bbox 1046 1460 1852 2687">
     <span class='ocr_line' id='line_1_108' title="bbox 1054 1460 1851 1498; baseline -0.004 -9"><span class='ocrx_word' id='word_1_778' title='bbox 1054 1463 1204 1493; x_wconf 82' lang='lat' dir='ltr'>videretur,</span> <span class='ocrx_word' id='word_1_779' title='bbox 1226 1467 1364 1498; x_wconf 87' lang='lat' dir='ltr'>tamquam</span> <span class='ocrx_word' id='word_1_780' title='bbox 1380 1462 1459 1489; x_wconf 91' lang='lat' dir='ltr'>modo</span> <span class='ocrx_word' id='word_1_781' title='bbox 1474 1470 1508 1488; x_wconf 85' lang='lat' dir='ltr'>ex</span> <span class='ocrx_word' id='word_1_782' title='bbox 1523 1461 1634 1488; x_wconf 89' lang='lat' dir='ltr'>deorum</span> <span class='ocrx_word' id='word_1_783' title='bbox 1650 1460 1765 1488; x_wconf 88' lang='lat' dir='ltr'>concilio</span> <span class='ocrx_word' id='word_1_784' title='bbox 1778 1465 1804 1486; x_wconf 91' lang='lat' dir='ltr'>et</span> <span class='ocrx_word' id='word_1_785' title='bbox 1816 1468 1851 1487; x_wconf 85' lang='lat' dir='ltr'>ex</span> 
     </span>
     <span class='ocr_line' id='line_1_109' title="bbox 1053 1498 1849 1536; baseline -0.003 -10"><span class='ocrx_word' id='word_1_786' title='bbox 1053 1501 1165 1536; x_wconf 84' lang='lat' dir='ltr'>Epicuri</span> <span class='ocrx_word' id='word_1_787' title='bbox 1185 1499 1376 1526; x_wconf 79' lang='lat' dir='ltr'>intermundiis</span> <span class='ocrx_word' id='word_1_788' title='bbox 1396 1498 1594 1529; x_wconf 83' lang='lat' dir='ltr'>descendisset,</span> <span class='ocrx_word' id='word_1_789' title='bbox 1615 1498 1728 1529; x_wconf 83' lang='lat' dir='ltr'>Audite.</span> <span class='ocrx_word' id='word_1_790' title='bbox 1750 1498 1849 1532; x_wconf 86' lang='lat' dir='ltr'>inquit,</span> 
     </span>
     <span class='ocr_line' id='line_1_110' title="bbox 1054 1534 1850 1572; baseline -0.004 -8"><span class='ocrx_word' id='word_1_791' title='bbox 1054 1547 1106 1564; x_wconf 89' lang='lat' dir='ltr'>non</span> <span class='ocrx_word' id='word_1_792' title='bbox 1119 1537 1210 1564; x_wconf 85' lang='lat' dir='ltr'>futiles</span> <span class='ocrx_word' id='word_1_793' title='bbox 1220 1537 1473 1572; x_wconf 85' lang='lat' dir='ltr'>commentitiasque</span> <span class='ocrx_word' id='word_1_794' title='bbox 1482 1536 1629 1563; x_wconf 84' lang='lat' dir='ltr'>sententias</span> <span class='ocrx_word' id='word_1_795' title='bbox 1636 1557 1642 1566; x_wconf 89' lang='grc'>,</span> <span class='ocrx_word' id='word_1_796' title='bbox 1664 1544 1716 1562; x_wconf 89' lang='lat' dir='ltr'>non</span> <span class='ocrx_word' id='word_1_797' title='bbox 1725 1534 1850 1570; x_wconf 78' lang='lat' dir='ltr'>opificem</span> 
     </span>
     <span class='ocr_line' id='line_1_111' title="bbox 1053 1572 1848 1609; baseline -0.004 -8"><span class='ocrx_word' id='word_1_798' title='bbox 1053 1574 1306 1609; x_wconf 82' lang='lat' dir='ltr'>aedificatoremque</span> <span class='ocrx_word' id='word_1_799' title='bbox 1321 1574 1432 1604; x_wconf 86' lang='lat' dir='ltr'>mundi,</span> <span class='ocrx_word' id='word_1_800' title='bbox 1449 1574 1568 1600; x_wconf 86' lang='lat' dir='ltr'>Platonis</span> <span class='ocrx_word' id='word_1_801' title='bbox 1584 1573 1618 1600; x_wconf 87' lang='lat' dir='ltr'>de</span> <span class='ocrx_word' id='word_1_802' title='bbox 1628 1574 1737 1600; x_wconf 89' lang='lat' dir='ltr'>Timaeo</span> <span class='ocrx_word' id='word_1_803' title='bbox 1751 1572 1848 1598; x_wconf 88' lang='lat' dir='ltr'>deum:</span> 
     </span>
     <span class='ocr_line' id='line_1_112' title="bbox 1054 1609 1851 1647; baseline -0.005 -8"><span class='ocrx_word' id='word_1_804' title='bbox 1054 1621 1103 1639; x_wconf 91' lang='lat' dir='ltr'>nec</span> <span class='ocrx_word' id='word_1_805' title='bbox 1113 1621 1196 1639; x_wconf 85' lang='lat' dir='ltr'>anum</span> <span class='ocrx_word' id='word_1_806' title='bbox 1207 1611 1344 1638; x_wconf 80' lang='lat' dir='ltr'>fatidicam</span> <span class='ocrx_word' id='word_1_807' title='bbox 1352 1632 1358 1642; x_wconf 83' lang='lat'><strong><em>‚</em></strong></span> <span class='ocrx_word' id='word_1_808' title='bbox 1371 1611 1522 1638; x_wconf 83' lang='lat' dir='ltr'>Stoicorum</span> <span class='ocrx_word' id='word_1_809' title='bbox 1533 1610 1674 1647; x_wconf 67' lang='grc' dir='ltr'>πρόνοιαν,</span> <span class='ocrx_word' id='word_1_810' title='bbox 1684 1618 1766 1646; x_wconf 89' lang='lat' dir='ltr'>quam</span> <span class='ocrx_word' id='word_1_811' title='bbox 1778 1609 1851 1636; x_wconf 84' lang='lat' dir='ltr'>Lati-</span> 
     </span>
     <span class='ocr_line' id='line_1_113' title="bbox 1053 1646 1850 1684; baseline -0.004 -8"><span class='ocrx_word' id='word_1_812' title='bbox 1053 1658 1086 1676; x_wconf 91' lang='lat' dir='ltr'>ne</span> <span class='ocrx_word' id='word_1_813' title='bbox 1107 1649 1169 1676; x_wconf 89' lang='lat' dir='ltr'>licet</span> <span class='ocrx_word' id='word_1_814' title='bbox 1188 1649 1387 1684; x_wconf 81' lang='lat' dir='ltr'>providentiam</span> <span class='ocrx_word' id='word_1_815' title='bbox 1407 1648 1512 1675; x_wconf 80' lang='lat' dir='ltr'>dicere:</span> <span class='ocrx_word' id='word_1_816' title='bbox 1533 1656 1622 1683; x_wconf 86' lang='lat' dir='ltr'>neque</span> <span class='ocrx_word' id='word_1_817' title='bbox 1637 1656 1702 1674; x_wconf 79' lang='lat' dir='ltr'>vero</span> <span class='ocrx_word' id='word_1_818' title='bbox 1716 1646 1850 1674; x_wconf 87' lang='lat' dir='ltr'>mundum</span> 
     </span>
     <span class='ocr_line' id='line_1_114' title="bbox 1053 1683 1851 1722; baseline -0.005 -8"><span class='ocrx_word' id='word_1_819' title='bbox 1053 1689 1144 1722; x_wconf 88' lang='lat' dir='ltr'>ipsum</span> <span class='ocrx_word' id='word_1_820' title='bbox 1155 1707 1161 1717; x_wconf 89' lang='lat'><strong>‚</strong></span> <span class='ocrx_word' id='word_1_821' title='bbox 1174 1687 1265 1713; x_wconf 89' lang='lat' dir='ltr'>animo</span> <span class='ocrx_word' id='word_1_822' title='bbox 1273 1691 1300 1713; x_wconf 90' lang='lat' dir='ltr'>et</span> <span class='ocrx_word' id='word_1_823' title='bbox 1310 1685 1437 1712; x_wconf 87' lang='lat' dir='ltr'>sensibus</span> <span class='ocrx_word' id='word_1_824' title='bbox 1448 1684 1615 1721; x_wconf 85' lang='lat' dir='ltr'>praeditum,</span> <span class='ocrx_word' id='word_1_825' title='bbox 1628 1683 1788 1715; x_wconf 82' lang='lat' dir='ltr'>rotundum.</span> <span class='ocrx_word' id='word_1_826' title='bbox 1801 1692 1851 1710; x_wconf 78' lang='lat' dir='ltr'>vo-</span> 
     </span>
     <span class='ocr_line' id='line_1_115' title="bbox 1054 1720 1850 1758; baseline -0.005 -7"><span class='ocrx_word' id='word_1_827' title='bbox 1054 1724 1181 1754; x_wconf 81' lang='lat' dir='ltr'>lubilem.</span> <span class='ocrx_word' id='word_1_828' title='bbox 1203 1723 1341 1750; x_wconf 85' lang='lat' dir='ltr'>ardentem</span> <span class='ocrx_word' id='word_1_829' title='bbox 1357 1723 1453 1753; x_wconf 86' lang='lat' dir='ltr'>deum,</span> <span class='ocrx_word' id='word_1_830' title='bbox 1474 1727 1595 1758; x_wconf 89' lang='lat' dir='ltr'>portenta</span> <span class='ocrx_word' id='word_1_831' title='bbox 1610 1727 1637 1749; x_wconf 85' lang='lat' dir='ltr'>et</span> <span class='ocrx_word' id='word_1_832' title='bbox 1651 1720 1782 1748; x_wconf 86' lang='lat' dir='ltr'>miracula</span> <span class='ocrx_word' id='word_1_833' title='bbox 1796 1729 1850 1748; x_wconf 87' lang='lat' dir='ltr'>non</span> 
     </span>
     <span class='ocr_line' id='line_1_116' title="bbox 1052 1759 1848 1795; baseline -0.005 -7"><span class='ocrx_word' id='word_1_834' title='bbox 1052 1762 1244 1788; x_wconf 88' lang='lat' dir='ltr'>disserentium</span> <span class='ocrx_word' id='word_1_835' title='bbox 1255 1759 1489 1795; x_wconf 84' lang='lat' dir='ltr'>philosophorum,</span> <span class='ocrx_word' id='word_1_836' title='bbox 1502 1759 1550 1786; x_wconf 85' lang='lat' dir='ltr'>sed</span> <span class='ocrx_word' id='word_1_837' title='bbox 1561 1759 1765 1786; x_wconf 82' lang='lat' dir='ltr'>somniantium.</span> <span class='ocrx_word' id='word_1_838' title='bbox 1808 1759 1848 1784; x_wconf 65' lang='grc' dir='ltr'>ιθ.</span> 
     </span>
     <span class='ocr_line' id='line_1_117' title="bbox 1052 1794 1851 1834; baseline -0.004 -9"><span class='ocrx_word' id='word_1_839' title='bbox 1052 1799 1158 1831; x_wconf 83' lang='lat' dir='ltr'>Quibus</span> <span class='ocrx_word' id='word_1_840' title='bbox 1172 1799 1245 1825; x_wconf 90' lang='lat' dir='ltr'>enim</span> <span class='ocrx_word' id='word_1_841' title='bbox 1255 1797 1342 1824; x_wconf 90' lang='lat' dir='ltr'>oculis</span> <span class='ocrx_word' id='word_1_842' title='bbox 1353 1796 1456 1834; x_wconf 82' lang='lat' dir='ltr'>[animi]</span> <span class='ocrx_word' id='word_1_843' title='bbox 1470 1797 1569 1824; x_wconf 86' lang='lat' dir='ltr'>intueri</span> <span class='ocrx_word' id='word_1_844' title='bbox 1579 1797 1667 1832; x_wconf 87' lang='lat' dir='ltr'>potuit</span> <span class='ocrx_word' id='word_1_845' title='bbox 1677 1801 1766 1823; x_wconf 57' lang='lat' dir='ltr'>vester</span> <span class='ocrx_word' id='word_1_846' title='bbox 1775 1794 1851 1822; x_wconf 80' lang='lat' dir='ltr'>Plato</span> 
     </span>
     <span class='ocr_line' id='line_1_118' title="bbox 1052 1833 1850 1870; baseline -0.004 -8"><span class='ocrx_word' id='word_1_847' title='bbox 1052 1836 1181 1862; x_wconf 77' lang='lat' dir='ltr'>fabricam</span> <span class='ocrx_word' id='word_1_848' title='bbox 1194 1835 1269 1862; x_wconf 85' lang='lat' dir='ltr'>illam</span> <span class='ocrx_word' id='word_1_849' title='bbox 1280 1836 1345 1862; x_wconf 85' lang='lat' dir='ltr'>tanti</span> <span class='ocrx_word' id='word_1_850' title='bbox 1357 1835 1460 1870; x_wconf 85' lang='lat' dir='ltr'>operis,</span> <span class='ocrx_word' id='word_1_851' title='bbox 1477 1842 1532 1869; x_wconf 82' lang='lat' dir='ltr'>qua</span> <span class='ocrx_word' id='word_1_852' title='bbox 1547 1834 1667 1861; x_wconf 84' lang='lat' dir='ltr'>construi</span> <span class='ocrx_word' id='word_1_853' title='bbox 1682 1842 1697 1860; x_wconf 92' lang='lat' dir='ltr'>a</span> <span class='ocrx_word' id='word_1_854' title='bbox 1707 1833 1758 1860; x_wconf 84' lang='lat' dir='ltr'>deo</span> <span class='ocrx_word' id='word_1_855' title='bbox 1768 1838 1850 1868; x_wconf 82' lang='lat' dir='ltr'>atque</span> 
     </span>
     <span class='ocr_line' id='line_1_119' title="bbox 1051 1869 1852 1906; baseline -0.005 -6"><span class='ocrx_word' id='word_1_856' title='bbox 1051 1873 1188 1900; x_wconf 87' lang='lat' dir='ltr'>aedificari</span> <span class='ocrx_word' id='word_1_857' title='bbox 1203 1872 1337 1899; x_wconf 90' lang='lat' dir='ltr'>mundum</span> <span class='ocrx_word' id='word_1_858' title='bbox 1353 1871 1434 1898; x_wconf 72' lang='lat' dir='ltr'>facit?</span> <span class='ocrx_word' id='word_1_859' title='bbox 1452 1871 1527 1904; x_wconf 86' lang='lat' dir='ltr'>Quae</span> <span class='ocrx_word' id='word_1_860' title='bbox 1543 1870 1664 1898; x_wconf 71' lang='lat' dir='ltr'>molitio?</span> <span class='ocrx_word' id='word_1_861' title='bbox 1681 1878 1751 1906; x_wconf 83' lang='lat' dir='ltr'>quae</span> <span class='ocrx_word' id='word_1_862' title='bbox 1766 1869 1852 1897; x_wconf 83' lang='lat' dir='ltr'>ferra·</span> 
     </span>
     <span class='ocr_line' id='line_1_120' title="bbox 1051 1908 1850 1945; baseline -0.005 -8"><span class='ocrx_word' id='word_1_863' title='bbox 1051 1910 1159 1937; x_wconf 77' lang='lat' dir='ltr'>menta?</span> <span class='ocrx_word' id='word_1_864' title='bbox 1169 1911 1219 1945; x_wconf 88' lang='lat' dir='ltr'>qui</span> <span class='ocrx_word' id='word_1_865' title='bbox 1229 1909 1339 1936; x_wconf 73' lang='lat' dir='ltr'>vectes?</span> <span class='ocrx_word' id='word_1_866' title='bbox 1348 1918 1417 1944; x_wconf 87' lang='lat' dir='ltr'>quae</span> <span class='ocrx_word' id='word_1_867' title='bbox 1428 1908 1588 1935; x_wconf 77' lang='lat' dir='ltr'>machinae‘.&gt;</span> <span class='ocrx_word' id='word_1_868' title='bbox 1599 1909 1648 1943; x_wconf 87' lang='lat' dir='ltr'>qui</span> <span class='ocrx_word' id='word_1_869' title='bbox 1659 1908 1777 1934; x_wconf 86' lang='lat' dir='ltr'>ministri</span> <span class='ocrx_word' id='word_1_870' title='bbox 1790 1912 1850 1934; x_wconf 82' lang='lat' dir='ltr'>tan-</span> 
     </span>
     <span class='ocr_line' id='line_1_121' title="bbox 1051 1944 1851 1979; baseline -0.005 -4"><span class='ocrx_word' id='word_1_871' title='bbox 1051 1949 1071 1975; x_wconf 89' lang='lat' dir='ltr'>ti</span> <span class='ocrx_word' id='word_1_872' title='bbox 1082 1948 1204 1974; x_wconf 86' lang='lat' dir='ltr'>muneris</span> <span class='ocrx_word' id='word_1_873' title='bbox 1216 1946 1342 1974; x_wconf 67' lang='lat' dir='ltr'>fuerunt?</span> <span class='ocrx_word' id='word_1_874' title='bbox 1354 1946 1589 1979; x_wconf 88' lang='lat' dir='ltr'>Quemadmodum</span> <span class='ocrx_word' id='word_1_875' title='bbox 1600 1950 1690 1972; x_wconf 81' lang='lat' dir='ltr'>autem</span> <span class='ocrx_word' id='word_1_876' title='bbox 1700 1944 1811 1972; x_wconf 85' lang='lat' dir='ltr'>obedire</span> <span class='ocrx_word' id='word_1_877' title='bbox 1823 1948 1851 1971; x_wconf 89' lang='lat' dir='ltr'>et</span> 
     </span>
     <span class='ocr_line' id='line_1_122' title="bbox 1051 1984 1848 2020; baseline -0.005 -8"><span class='ocrx_word' id='word_1_878' title='bbox 1051 1994 1143 2020; x_wconf 85' lang='lat' dir='ltr'>parere</span> <span class='ocrx_word' id='word_1_879' title='bbox 1155 1985 1286 2011; x_wconf 82' lang='lat' dir='ltr'>voluntati</span> <span class='ocrx_word' id='word_1_880' title='bbox 1297 1984 1435 2011; x_wconf 86' lang='lat' dir='ltr'>architecti</span> <span class='ocrx_word' id='word_1_881' title='bbox 1447 1985 1504 2014; x_wconf 73' lang='lat' dir='ltr'>aer,</span> <span class='ocrx_word' id='word_1_882' title='bbox 1521 1984 1607 2019; x_wconf 80' lang='lat' dir='ltr'>ignis,</span> <span class='ocrx_word' id='word_1_883' title='bbox 1620 1991 1704 2018; x_wconf 88' lang='lat' dir='ltr'>aqua,</span> <span class='ocrx_word' id='word_1_884' title='bbox 1721 1986 1789 2009; x_wconf 85' lang='lat' dir='ltr'>terra</span> <span class='ocrx_word' id='word_1_885' title='bbox 1800 1989 1848 2017; x_wconf 85' lang='lat' dir='ltr'>po—</span> 
     </span>
     <span class='ocr_line' id='line_1_123' title="bbox 1051 2019 1850 2055; baseline -0.005 -6"><span class='ocrx_word' id='word_1_886' title='bbox 1051 2021 1178 2049; x_wconf 66' lang='lat' dir='ltr'>tuerunt?</span> <span class='ocrx_word' id='word_1_887' title='bbox 1198 2021 1273 2048; x_wconf 91' lang='lat' dir='ltr'>Unde</span> <span class='ocrx_word' id='word_1_888' title='bbox 1293 2030 1357 2048; x_wconf 79' lang='lat' dir='ltr'>vero</span> <span class='ocrx_word' id='word_1_889' title='bbox 1376 2026 1451 2048; x_wconf 83' lang='lat' dir='ltr'>ortae</span> <span class='ocrx_word' id='word_1_890' title='bbox 1463 2020 1525 2047; x_wconf 86' lang='lat' dir='ltr'>illae</span> <span class='ocrx_word' id='word_1_891' title='bbox 1540 2021 1664 2055; x_wconf 87' lang='lat' dir='ltr'>quinque</span> <span class='ocrx_word' id='word_1_892' title='bbox 1678 2019 1793 2050; x_wconf 86' lang='lat' dir='ltr'>formae,</span> <span class='ocrx_word' id='word_1_893' title='bbox 1814 2026 1850 2045; x_wconf 82' lang='lat' dir='ltr'>ex</span> 
     </span>
     <span class='ocr_line' id='line_1_124' title="bbox 1051 2056 1848 2095; baseline -0.005 -9"><span class='ocrx_word' id='word_1_894' title='bbox 1051 2060 1153 2095; x_wconf 84' lang='lat' dir='ltr'>quibus</span> <span class='ocrx_word' id='word_1_895' title='bbox 1167 2059 1271 2094; x_wconf 87' lang='lat' dir='ltr'>reliqua</span> <span class='ocrx_word' id='word_1_896' title='bbox 1287 2058 1449 2088; x_wconf 85' lang='lat' dir='ltr'>formantur,</span> <span class='ocrx_word' id='word_1_897' title='bbox 1471 2063 1532 2093; x_wconf 84' lang='lat' dir='ltr'>apte</span> <span class='ocrx_word' id='word_1_898' title='bbox 1546 2057 1672 2084; x_wconf 82' lang='lat' dir='ltr'>cadentes</span> <span class='ocrx_word' id='word_1_899' title='bbox 1683 2056 1717 2083; x_wconf 90' lang='lat' dir='ltr'>ad</span> <span class='ocrx_word' id='word_1_900' title='bbox 1726 2057 1848 2083; x_wconf 87' lang='lat' dir='ltr'>animum</span> 
     </span>
     <span class='ocr_line' id='line_1_125' title="bbox 1050 2091 1849 2131; baseline -0.005 -8"><span class='ocrx_word' id='word_1_901' title='bbox 1050 2097 1224 2124; x_wconf 83' lang='lat' dir='ltr'>efficiendum</span> <span class='ocrx_word' id='word_1_902' title='bbox 1240 2096 1440 2131; x_wconf 85' lang='lat' dir='ltr'>pariendosque</span> <span class='ocrx_word' id='word_1_903' title='bbox 1459 2094 1575 2122; x_wconf 73' lang='lat' dir='ltr'>sensus?</span> <span class='ocrx_word' id='word_1_904' title='bbox 1596 2095 1718 2130; x_wconf 84' lang='lat' dir='ltr'>Longum</span> <span class='ocrx_word' id='word_1_905' title='bbox 1739 2098 1792 2124; x_wconf 84' lang='lat' dir='ltr'>est,</span> <span class='ocrx_word' id='word_1_906' title='bbox 1813 2091 1849 2119; x_wconf 85' lang='lat' dir='ltr'>ad</span> 
     </span>
     <span class='ocr_line' id='line_1_126' title="bbox 1050 2131 1848 2169; baseline -0.006 -8"><span class='ocrx_word' id='word_1_907' title='bbox 1050 2135 1154 2167; x_wconf 87' lang='lat' dir='ltr'>omnia;</span> <span class='ocrx_word' id='word_1_908' title='bbox 1167 2142 1237 2169; x_wconf 88' lang='lat' dir='ltr'>quae</span> <span class='ocrx_word' id='word_1_909' title='bbox 1248 2133 1310 2160; x_wconf 89' lang='lat' dir='ltr'>talia</span> <span class='ocrx_word' id='word_1_910' title='bbox 1321 2138 1393 2163; x_wconf 89' lang='lat' dir='ltr'>sunt,</span> <span class='ocrx_word' id='word_1_911' title='bbox 1403 2138 1434 2159; x_wconf 92' lang='lat' dir='ltr'>ut</span> <span class='ocrx_word' id='word_1_912' title='bbox 1443 2137 1532 2167; x_wconf 88' lang='lat' dir='ltr'>optata</span> <span class='ocrx_word' id='word_1_913' title='bbox 1542 2132 1727 2168; x_wconf 83' lang='lat' dir='ltr'>magis,quam</span> <span class='ocrx_word' id='word_1_914' title='bbox 1739 2131 1848 2157; x_wconf 76' lang='lat' dir='ltr'>inventa</span> 
     </span>
     <span class='ocr_line' id='line_1_127' title="bbox 1050 2167 1849 2205; baseline -0.006 -7"><span class='ocrx_word' id='word_1_915' title='bbox 1050 2171 1204 2198; x_wconf 80' lang='lat' dir='ltr'>videantur.</span> <span class='ocrx_word' id='word_1_916' title='bbox 1244 2172 1287 2197; x_wconf 75' lang='lat'>20.</span> <span class='ocrx_word' id='word_1_917' title='bbox 1308 2170 1362 2197; x_wconf 90' lang='lat' dir='ltr'>Sed</span> <span class='ocrx_word' id='word_1_918' title='bbox 1373 2169 1419 2197; x_wconf 93' lang='lat' dir='ltr'>illa</span> <span class='ocrx_word' id='word_1_919' title='bbox 1430 2169 1559 2205; x_wconf 87' lang='lat' dir='ltr'>palmaris</span> <span class='ocrx_word' id='word_1_920' title='bbox 1569 2168 1691 2204; x_wconf 84' lang='lat' dir='ltr'>quidem,</span> <span class='ocrx_word' id='word_1_921' title='bbox 1704 2167 1786 2203; x_wconf 88' lang='lat' dir='ltr'>quod,</span> <span class='ocrx_word' id='word_1_922' title='bbox 1798 2167 1849 2202; x_wconf 89' lang='lat' dir='ltr'>qui</span> 
     </span>
     <span class='ocr_line' id='line_1_128' title="bbox 1051 2205 1849 2237; baseline -0.006 -2"><span class='ocrx_word' id='word_1_923' title='bbox 1051 2217 1103 2235; x_wconf 92' lang='lat' dir='ltr'>non</span> <span class='ocrx_word' id='word_1_924' title='bbox 1115 2208 1194 2235; x_wconf 86' lang='lat' dir='ltr'>modo</span> <span class='ocrx_word' id='word_1_925' title='bbox 1205 2213 1298 2234; x_wconf 90' lang='lat' dir='ltr'>natum</span> <span class='ocrx_word' id='word_1_926' title='bbox 1308 2207 1443 2234; x_wconf 90' lang='lat' dir='ltr'>mundum</span> <span class='ocrx_word' id='word_1_927' title='bbox 1453 2206 1641 2237; x_wconf 80' lang='lat' dir='ltr'>introduxerit.</span> <span class='ocrx_word' id='word_1_928' title='bbox 1649 2205 1783 2232; x_wconf 81' lang='lat' dir='ltr'>sedetiam</span> <span class='ocrx_word' id='word_1_929' title='bbox 1790 2212 1849 2230; x_wconf 80' lang='lat' dir='ltr'>ma-</span> 
     </span>
     <span class='ocr_line' id='line_1_129' title="bbox 1050 2242 1846 2281; baseline -0.006 -9"><span class='ocrx_word' id='word_1_930' title='bbox 1050 2255 1087 2272; x_wconf 93' lang='lat' dir='ltr'>nu</span> <span class='ocrx_word' id='word_1_931' title='bbox 1102 2254 1187 2281; x_wconf 88' lang='lat' dir='ltr'>paene</span> <span class='ocrx_word' id='word_1_932' title='bbox 1206 2245 1320 2275; x_wconf 84' lang='lat' dir='ltr'>factum,</span> <span class='ocrx_word' id='word_1_933' title='bbox 1341 2245 1366 2271; x_wconf 89' lang='lat' dir='ltr'>is</span> <span class='ocrx_word' id='word_1_934' title='bbox 1379 2253 1441 2271; x_wconf 88' lang='lat' dir='ltr'>eum</span> <span class='ocrx_word' id='word_1_935' title='bbox 1457 2244 1557 2270; x_wconf 85' lang='lat' dir='ltr'>dixerit</span> <span class='ocrx_word' id='word_1_936' title='bbox 1571 2242 1625 2269; x_wconf 90' lang='lat' dir='ltr'>fore</span> <span class='ocrx_word' id='word_1_937' title='bbox 1640 2242 1846 2277; x_wconf 85' lang='lat' dir='ltr'>sempiternum.</span> 
     </span>
     <span class='ocr_line' id='line_1_130' title="bbox 1050 2277 1848 2317; baseline -0.006 -8"><span class='ocrx_word' id='word_1_938' title='bbox 1050 2283 1126 2309; x_wconf 79' lang='lat' dir='ltr'>Hunc</span> <span class='ocrx_word' id='word_1_939' title='bbox 1137 2291 1232 2309; x_wconf 85' lang='lat' dir='ltr'>censes</span> <span class='ocrx_word' id='word_1_940' title='bbox 1242 2283 1354 2317; x_wconf 88' lang='lat' dir='ltr'>primis,</span> <span class='ocrx_word' id='word_1_941' title='bbox 1371 2286 1401 2308; x_wconf 90' lang='lat' dir='ltr'>ut</span> <span class='ocrx_word' id='word_1_942' title='bbox 1415 2281 1529 2312; x_wconf 87' lang='lat' dir='ltr'>dicitur,</span> <span class='ocrx_word' id='word_1_943' title='bbox 1546 2280 1630 2307; x_wconf 86' lang='lat' dir='ltr'>labris</span> <span class='ocrx_word' id='word_1_944' title='bbox 1638 2284 1763 2315; x_wconf 82' lang='lat' dir='ltr'>gustasse</span> <span class='ocrx_word' id='word_1_945' title='bbox 1776 2277 1848 2314; x_wconf 80' lang='lat' dir='ltr'>phy-</span> 
     </span>
     <span class='ocr_line' id='line_1_131' title="bbox 1049 2315 1845 2356; baseline -0.006 -10"><span class='ocrx_word' id='word_1_946' title='bbox 1049 2319 1206 2356; x_wconf 89' lang='lat' dir='ltr'>siologiam,</span> <span class='ocrx_word' id='word_1_947' title='bbox 1228 2319 1258 2346; x_wconf 89' lang='lat' dir='ltr'>id</span> <span class='ocrx_word' id='word_1_948' title='bbox 1272 2325 1313 2346; x_wconf 87' lang='lat' dir='ltr'>est</span> <span class='ocrx_word' id='word_1_949' title='bbox 1326 2324 1436 2345; x_wconf 90' lang='lat' dir='ltr'>naturae</span> <span class='ocrx_word' id='word_1_950' title='bbox 1451 2319 1595 2348; x_wconf 85' lang='lat' dir='ltr'>rationem,</span> <span class='ocrx_word' id='word_1_951' title='bbox 1617 2317 1666 2352; x_wconf 86' lang='lat' dir='ltr'>qui</span> <span class='ocrx_word' id='word_1_952' title='bbox 1683 2315 1845 2350; x_wconf 83' lang='lat' dir='ltr'>quidquam,</span> 
     </span>
     <span class='ocr_line' id='line_1_132' title="bbox 1049 2352 1848 2392; baseline -0.008 -8"><span class='ocrx_word' id='word_1_953' title='bbox 1049 2357 1122 2392; x_wconf 89' lang='lat' dir='ltr'>quod</span> <span class='ocrx_word' id='word_1_954' title='bbox 1133 2362 1221 2384; x_wconf 89' lang='lat' dir='ltr'>ortum</span> <span class='ocrx_word' id='word_1_955' title='bbox 1232 2357 1280 2387; x_wconf 85' lang='lat' dir='ltr'>sit,</span> <span class='ocrx_word' id='word_1_956' title='bbox 1296 2361 1373 2391; x_wconf 86' lang='lat' dir='ltr'>putet</span> <span class='ocrx_word' id='word_1_957' title='bbox 1383 2360 1521 2382; x_wconf 85' lang='lat' dir='ltr'>aeternum</span> <span class='ocrx_word' id='word_1_958' title='bbox 1531 2363 1591 2381; x_wconf 58' lang='lat' dir='ltr'>esse</span> <span class='ocrx_word' id='word_1_959' title='bbox 1601 2352 1699 2388; x_wconf 74' lang='lat' dir='ltr'>posse?</span> <span class='ocrx_word' id='word_1_960' title='bbox 1717 2352 1792 2384; x_wconf 84' lang='lat' dir='ltr'>Quae</span> <span class='ocrx_word' id='word_1_961' title='bbox 1806 2357 1848 2379; x_wconf 59' lang='grc' dir='ltr'>σει</span> 
     </span>
     <span class='ocr_line' id='line_1_133' title="bbox 1049 2389 1848 2430; baseline -0.008 -9"><span class='ocrx_word' id='word_1_962' title='bbox 1049 2395 1122 2421; x_wconf 90' lang='lat' dir='ltr'>enim</span> <span class='ocrx_word' id='word_1_963' title='bbox 1133 2395 1328 2430; x_wconf 86' lang='lat' dir='ltr'>coagmentatio</span> <span class='ocrx_word' id='word_1_964' title='bbox 1339 2402 1392 2420; x_wconf 92' lang='lat' dir='ltr'>non</span> <span class='ocrx_word' id='word_1_965' title='bbox 1402 2390 1591 2419; x_wconf 66' lang='lat' dir='ltr'>dissolubilis?</span> <span class='ocrx_word' id='word_1_966' title='bbox 1603 2395 1649 2417; x_wconf 87' lang='lat' dir='ltr'>aut</span> <span class='ocrx_word' id='word_1_967' title='bbox 1658 2389 1726 2425; x_wconf 84' lang='lat' dir='ltr'>quid</span> <span class='ocrx_word' id='word_1_968' title='bbox 1736 2394 1785 2419; x_wconf 83' lang='lat' dir='ltr'>est,</span> <span class='ocrx_word' id='word_1_969' title='bbox 1797 2397 1848 2416; x_wconf 84' lang='lat' dir='ltr'>cu—</span> 
     </span>
     <span class='ocr_line' id='line_1_134' title="bbox 1049 2425 1847 2466; baseline -0.006 -8"><span class='ocrx_word' id='word_1_970' title='bbox 1049 2433 1092 2458; x_wconf 91' lang='lat' dir='ltr'>ius</span> <span class='ocrx_word' id='word_1_971' title='bbox 1107 2432 1272 2466; x_wconf 87' lang='lat' dir='ltr'>principium</span> <span class='ocrx_word' id='word_1_972' title='bbox 1282 2430 1392 2466; x_wconf 86' lang='lat' dir='ltr'>aliquod</span> <span class='ocrx_word' id='word_1_973' title='bbox 1403 2431 1452 2460; x_wconf 88' lang='lat' dir='ltr'>sit,</span> <span class='ocrx_word' id='word_1_974' title='bbox 1468 2428 1536 2455; x_wconf 85' lang='lat' dir='ltr'>nihil</span> <span class='ocrx_word' id='word_1_975' title='bbox 1547 2429 1583 2455; x_wconf 89' lang='lat' dir='ltr'>sit</span> <span class='ocrx_word' id='word_1_976' title='bbox 1593 2425 1763 2454; x_wconf 72' lang='lat' dir='ltr'>extremum?</span> <span class='ocrx_word' id='word_1_977' title='bbox 1781 2426 1847 2453; x_wconf 79' lang='lat' dir='ltr'>Pro-</span> 
     </span>
     <span class='ocr_line' id='line_1_135' title="bbox 1051 2464 1846 2499; baseline -0.008 -4"><span class='ocrx_word' id='word_1_978' title='bbox 1051 2477 1116 2495; x_wconf 90' lang='lat' dir='ltr'>noea</span> <span class='ocrx_word' id='word_1_979' title='bbox 1129 2477 1191 2495; x_wconf 83' lang='lat' dir='ltr'>vero</span> <span class='ocrx_word' id='word_1_980' title='bbox 1201 2469 1225 2494; x_wconf 90' lang='lat' dir='ltr'>si</span> <span class='ocrx_word' id='word_1_981' title='bbox 1235 2473 1323 2494; x_wconf 72' lang='lat' dir='ltr'>vestra</span> <span class='ocrx_word' id='word_1_982' title='bbox 1334 2472 1387 2497; x_wconf 84' lang='lat' dir='ltr'>est,</span> <span class='ocrx_word' id='word_1_983' title='bbox 1399 2466 1500 2496; x_wconf 88' lang='lat' dir='ltr'>Lucili,</span> <span class='ocrx_word' id='word_1_984' title='bbox 1511 2465 1619 2497; x_wconf 88' lang='lat' dir='ltr'>eadem;</span> <span class='ocrx_word' id='word_1_985' title='bbox 1641 2464 1763 2499; x_wconf 81' lang='lat' dir='ltr'>requiro,</span> <span class='ocrx_word' id='word_1_986' title='bbox 1775 2471 1846 2498; x_wconf 85' lang='lat' dir='ltr'>quae</span> 
     </span>
     <span class='ocr_line' id='line_1_136' title="bbox 1048 2501 1846 2540; baseline -0.008 -8"><span class='ocrx_word' id='word_1_987' title='bbox 1048 2505 1140 2540; x_wconf 90' lang='lat' dir='ltr'>paullo</span> <span class='ocrx_word' id='word_1_988' title='bbox 1146 2511 1216 2536; x_wconf 87' lang='lat' dir='ltr'>ante,</span> <span class='ocrx_word' id='word_1_989' title='bbox 1232 2503 1652 2535; x_wconf 80' lang='lat' dir='ltr'>ministros,macl1inas,omnem</span> <span class='ocrx_word' id='word_1_990' title='bbox 1663 2501 1744 2527; x_wconf 86' lang='lat' dir='ltr'>totius</span> <span class='ocrx_word' id='word_1_991' title='bbox 1755 2501 1846 2536; x_wconf 87' lang='lat' dir='ltr'>operis</span> 
     </span>
     <span class='ocr_line' id='line_1_137' title="bbox 1047 2538 1847 2578; baseline -0.008 -9"><span class='ocrx_word' id='word_1_992' title='bbox 1047 2542 1262 2578; x_wconf 84' lang='lat' dir='ltr'>designationem</span> <span class='ocrx_word' id='word_1_993' title='bbox 1274 2547 1355 2577; x_wconf 79' lang='lat' dir='ltr'>atque</span> <span class='ocrx_word' id='word_1_994' title='bbox 1365 2545 1537 2576; x_wconf 82' lang='lat' dir='ltr'>apparatum:</span> <span class='ocrx_word' id='word_1_995' title='bbox 1549 2540 1592 2565; x_wconf 90' lang='lat' dir='ltr'>sin</span> <span class='ocrx_word' id='word_1_996' title='bbox 1603 2538 1654 2565; x_wconf 80' lang='lat' dir='ltr'>alia</span> <span class='ocrx_word' id='word_1_997' title='bbox 1661 2543 1709 2567; x_wconf 76' lang='lat' dir='ltr'>est.</span> <span class='ocrx_word' id='word_1_998' title='bbox 1718 2545 1847 2564; x_wconf 82' lang='lat' dir='ltr'>cur-mor-</span> 
     </span>
     <span class='ocr_line' id='line_1_138' title="bbox 1047 2575 1844 2612; baseline -0.008 -6"><span class='ocrx_word' id='word_1_999' title='bbox 1047 2579 1129 2606; x_wconf 89' lang='lat' dir='ltr'>talem</span> <span class='ocrx_word' id='word_1_1000' title='bbox 1136 2579 1229 2606; x_wconf 85' lang='lat' dir='ltr'>feoerit</span> <span class='ocrx_word' id='word_1_1001' title='bbox 1239 2579 1382 2609; x_wconf 89' lang='lat' dir='ltr'>mundum,</span> <span class='ocrx_word' id='word_1_1002' title='bbox 1391 2575 1844 2612; x_wconf 82' lang='lat' dir='ltr'>non,quemadmodumPlatoniens</span> 
     </span>
     <span class='ocr_line' id='line_1_139' title="bbox 1047 2612 1846 2651; baseline -0.008 -8"><span class='ocrx_word' id='word_1_1003' title='bbox 1047 2617 1124 2648; x_wconf 79' lang='lat' dir='ltr'>deus,</span> <span class='ocrx_word' id='word_1_1004' title='bbox 1140 2617 1347 2651; x_wconf 88' lang='lat' dir='ltr'>sempiternum.</span> <span class='ocrx_word' id='word_1_1005' title='bbox 1385 2614 1434 2641; x_wconf 80' lang='lat' dir='ltr'>lx.</span> <span class='ocrx_word' id='word_1_1006' title='bbox 1454 2615 1498 2641; x_wconf 68' lang='lat'>21.</span> <span class='ocrx_word' id='word_1_1007' title='bbox 1512 2613 1554 2640; x_wconf 76' lang='lat' dir='ltr'>Ab</span> <span class='ocrx_word' id='word_1_1008' title='bbox 1565 2618 1679 2648; x_wconf 86' lang='lat' dir='ltr'>utroque</span> <span class='ocrx_word' id='word_1_1009' title='bbox 1689 2617 1780 2639; x_wconf 84' lang='lat' dir='ltr'>autem</span> <span class='ocrx_word' id='word_1_1010' title='bbox 1789 2612 1846 2638; x_wconf 85' lang='lat' dir='ltr'>sci·</span> 
     </span>
     <span class='ocr_line' id='line_1_140' title="bbox 1046 2649 1845 2687; baseline -0.006 -7"><span class='ocrx_word' id='word_1_1011' title='bbox 1046 2655 1137 2686; x_wconf 81' lang='lat' dir='ltr'>scitor,</span> <span class='ocrx_word' id='word_1_1012' title='bbox 1149 2662 1199 2681; x_wconf 90' lang='lat' dir='ltr'>cur</span> <span class='ocrx_word' id='word_1_1013' title='bbox 1209 2653 1305 2681; x_wconf 86' lang='lat' dir='ltr'>mundi</span> <span class='ocrx_word' id='word_1_1014' title='bbox 1315 2651 1500 2680; x_wconf 59' lang='lat' dir='ltr'>aedificatores</span> <span class='ocrx_word' id='word_1_1015' title='bbox 1508 2655 1618 2687; x_wconf 84' lang='lat' dir='ltr'>repente</span> <span class='ocrx_word' id='word_1_1016' title='bbox 1627 2650 1788 2680; x_wconf 78' lang='lat' dir='ltr'>exstiterint,</span> <span class='ocrx_word' id='word_1_1017' title='bbox 1801 2649 1845 2676; x_wconf 84' lang='lat' dir='ltr'>in—</span> 
     </span>
    </p>
   </div>
  </div>
 </body>
</html>
