1941 3052
209 139 254 162 203
780 137 820 162 22.

206 214 290 234 torum
306 208 420 233 interitio
436 206 500 232 fucta
516 206 587 232 nulla
606 210 655 231 est.
696 206 776 235 Tum,
797 210 915 232 semente
936 214 996 240 pro-

205 246 287 271 liibita
307 250 351 270 ιιιιι
371 254 456 270 riu-sno
474 245 583 273 nnuma,
614 243 714 268 fructus
733 251 838 268 annuus
857 243 993 275 interitum

855 135 889 161 M.
924 135 954 161 T.
985 135 1258 162 CICERONIS

1022 206 1025 245 J
1045 205 1194 232 cebuntur'?
1219 206 1288 238 Quot
1311 211 1460 241 praetorum
1483 207 1630 234 innocentis
1652 208 1837 244 sapientiaque

1023 257 1025 275 ς
1045 252 1113 278 opus
1135 247 1187 273 est,
1213 248 1241 269 ut
1265 242 1309 269 illu
1332 248 1462 271 aratorum
1485 244 1629 272 multitudo
1647 245 1790 280 aliquando
1809 246 1836 273 in

205 288 291 308 tuition
307 282 448 308 incolumis
463 290 590 307 wunnerus
605 280 726 306 mum-bnt
737 280 905 305 ‹lominorum
916 284 995 314 atque
1024 286 1025 300 ¹
1046 281 1103 306 sniis
1117 280 1188 315 agris
1202 289 1231 305 uc
1245 280 1355 306 sedibus
1369 281 1528 308 collocetur?
1566 282 1629 308 LVt.
1654 284 1710 309 ⁴2⁹.
1732 283 1781 313 Ac.
1804 291 1837 310 ne

204 325 345 345 aratorum.
386 320 462 348 'l'um,
479 319 534 352 qui,
553 318 585 343 M.
603 318 716 342 Laevino
729 321 773 342 ιιιιι
788 317 815 342 l'.
833 316 938 351 llupiliu
951 321 996 343 aut
1016 314 1018 338 Ι

206 357 246 382 Μ’.
265 356 382 390 Aquinio
397 355 574 390 prm-toribus,
597 355 623 380 in
638 363 695 379 eam
711 354 873 388 provinciam
889 362 996 379 succes—

204 399 304 422 serunt,
333 398 445 418 aratori-s
465 392 581 425 reliquos
600 399 650 416 non
669 390 839 425 colligebant.
880 391 996 417 ‘suritonc
1017 411 1019 432 ,Ι

205 430 266 464 plus
282 431 373 455 vom-s.
391 439 450 454 vum
467 428 582 462 Apronio
600 428 750 462 provinciae
764 428 870 454 Siciliae
888 427 997 454 calami-

205 468 264 493 tntis
280 467 438 500 importavit,
455 474 534 500 quanm
550 470 595 490 nut
611 465 757 491 Hasdrubal
772 474 832 491 cum
848 465 994 491 Poenorum
1017 471 1018 475 ¹

203 504 332 533 exercitu,
354 508 397 528 nut
412 503 523 528 ΛῑΙιι-ιιιο
540 511 601 528 cum
622 502 795 536 fugitivorum
812 502 937 528 maximis
950 511 995 528 co-

204 542 267 575 piis,
290 545 317 566 ιιι
332 540 496 574 temporibus
511 539 579 570 illis,
596 539 677 565 simul
692 544 771 574 atque
786 539 870 565 bostis
885 548 995 574 supera·
1016 553 1017 559 ι

204 583 246 603 tus
261 582 342 605 esset,
357 586 419 611 ager
432 581 550 602 araretur
563 577 662 607 omnis,
685 585 770 611 neque
784 577 877 603 aratori
893 581 996 611 praetor

204 624 249 649 per
264 614 361 639 litteras
376 614 551 648 supplicaret,
575 622 661 649 neque
680 622 741 640 eum
760 622 886 649 praesens
899 618 992 644 oraret,

204 657 324 685 utquam
341 651 487 685 plurimum
502 656 613 683 sereret,
631 660 700 677 nunc
715 656 803 678 autem
818 660 850 678 ne
865 655 924 686 post
938 651 995 678 abi-

203 693 258 714 tum
273 688 381 722 quidem
397 688 478 714 liuius
492 689 738 723 importunissimae
752 689 835 723 pestis
848 689 995 723 quisquam

202 726 373 759 reperiretur,
399 726 444 760 qui
464 734 512 753 sua
532 725 667 752 voluntate
684 726 786 752 araret‘?
811 726 887 760 pauci
906 730 996 752 essent

202 762 311 797 reliqui,
332 763 378 797 qui
395 763 421 789 L.
438 763 534 789 Metelli
554 764 706 790 auctoritate
725 764 751 789 in
770 772 846 798 agros
865 767 944 798 atque
962 762 994 788 sd

202 808 281 825 suum
298 799 378 826 larem
392 799 548 826 familiarem
563 800 696 827 redirent?
718 802 773 827 126.
790 801 836 827 t-tis
851 805 874 826 te
890 800 992 831 litteris,

202 837 280 863 bomo
291 837 467 863 audacissime
477 842 556 872 atque
566 839 757 868 amentissime,
773 837 924 873 iugulatum
935 845 994 863 esse

202 883 253 900 non
267 873 369 900 sentis?
395 883 445 901 non
461 875 549 906 vides,
570 883 655 910 quum
671 875 706 906 is,
728 875 776 911 qui
792 875 839 902 tibi
853 875 991 906 successit,

201 916 314 938 aratores
329 911 445 947 reliquos
459 912 588 947 appellet,
609 912 658 938 boc
675 921 736 939 eum
756 912 854 938 diserte
867 912 992 942 scribere,

201 949 318 983 reliquos
333 949 380 975 bos
394 957 467 980 esse,
484 958 535 976 non
549 958 582 976 ex
595 949 678 981 bello,
695 958 780 984 neque
794 959 827 976 ex
840 949 928 984 aliqua
944 949 995 975 bu-

201 986 317 1012 iusmodi
329 985 485 1017 calamitate,
501 987 548 1012 sed
559 995 591 1013 ex
603 991 648 1013 tuo
658 986 766 1018 scelere,
783 987 991 1022 importunitate,

200 1024 318 1054 avaritia,
334 1023 507 1050 crudelitate?
528 1024 615 1050 Recita
629 1029 724 1050 cetera.
763 1033 859 1051 uuna
879 1033 930 1050 eno
949 1032 992 1054 eo,

201 1069 234 1089 ur
252 1069 397 1087 remonis
415 1070 610 1088 virricum-As
628 1070 845 1092 Annonuuoes
867 1070 994 1088 rexnam

200 1107 293 1124 τυιιτ.
325 1097 473 1129 Aratorum,
491 1098 586 1133 inquit,
603 1099 722 1133 penuria.
753 1098 782 1125 Si
796 1107 844 1134 ogo
858 1102 994 1124 accusator

200 1135 276 1161 toties
290 1134 323 1161 de
337 1143 364 1161 re
378 1135 469 1162 eadem
484 1135 613 1166 dicerem,
634 1144 751 1166 vererer,
774 1144 807 1162 ne
825 1136 929 1162 animos
948 1143 994 1161 ve—

199 1176 268 1199 stros
282 1172 450 1204 offenderem,
466 1173 582 1205 iudices,
597 1173 693 1199 clamat
707 1172 844 1199 Metellus:
864 1182 920 1199 Ntst
935 1181 994 1199 ιιτ-

199 1218 290 1236 τειιΛε
304 1219 454 1242 Μιειεςειι;
476 1219 526 1237 non
541 1210 913 1237 estsatis:ststrtiA1·:s1·:Ns
925 1219 994 1236 cos*-

199 1255 379 1280 rinuAsscu;
406 1256 437 1274 ne
451 1247 478 1274 id
492 1248 601 1282 quidem
616 1248 680 1274 satis
694 1252 746 1273 est:
771 1256 928 1279 santonos,
951 1247 994 1274 in-

198 1284 267 1319 quit,
284 1293 447 1311 nnn-ones:
464 1284 600 1320 reliquos‘.>
613 1293 694 1320 prope
709 1285 818 1320 lugubri
830 1285 910 1311 verbo
923 1284 993 1311 cala-

198 1322 317 1348 mitatem
332 1322 482 1356 provinciae
497 1322 603 1349 Siciliae
617 1323 762 1357 significat,
783 1322 869 1348 addit:
886 1331 993 1348 ΛιιΛτο-

199 1368 255 1385 ιιωι
271 1368 407 1386 rasurus.
448 1359 500 1386 LV.
524 1361 580 1385 ⁴27.
602 1360 759 1394 Exspectate
772 1360 861 1390 etiam,
877 1358 990 1390 iudices,

199 1400 358 1431 exspectate,
366 1397 388 1423 si
400 1397 520 1431 potestis,
528 1398 709 1423 auctoritatem
720 1397 896 1423 accusationis
907 1404 990 1422 meae.

199 1433 261 1459 Dico
274 1438 388 1459 aratores
402 1434 481 1460 istius
496 1434 604 1460 avaritia
622 1434 733 1461 eiectos:
761 1434 855 1460 scribit
869 1433 992 1459 Metellus

198 1470 316 1505 reliquos
331 1470 363 1496 ab
378 1479 407 1497 se
420 1479 479 1497 esse
493 1471 670 1498 confirmatos.
711 1471 773 1498 Dico
791 1480 867 1507 agros
886 1470 992 1497 relictos

198 1509 382 1543 arationesque
396 1508 513 1535 desertas
527 1517 599 1535 esse:
615 1509 709 1535 scribit
722 1508 845 1535 Metellus
859 1512 991 1534 aratorum

197 1553 258 1571 esse
276 1546 424 1580 penuriam.
465 1546 519 1573 Hoc
536 1555 621 1581 quum
645 1546 750 1577 scribit,
776 1545 844 1572 illud
866 1545 990 1576 ostendit,

198 1582 326 1613 deiectos,
347 1582 460 1610 fortunis
479 1583 605 1610 omnibus
619 1583 746 1618 expulsos
761 1591 820 1609 esse
833 1582 927 1618 populi
941 1583 993 1608 Ro·
1014 1602 1015 1607 ,

198 1620 269 1646 mani
284 1620 369 1646 socios
383 1624 462 1655 atque
475 1621 584 1647 amicos.
625 1620 730 1653 Quibus
744 1621 767 1647 si
785 1629 838 1655 qua
856 1620 992 1646 calamitas

197 1661 305 1692 propter
318 1658 410 1689 istum,
426 1657 509 1684 salvis
523 1657 699 1693 vectigalibus
714 1658 826 1689 nostris,
841 1657 990 1688 accidisset,

197 1694 408 1721 animadvertere
433 1695 461 1721 in
487 1703 549 1721 eum
575 1704 622 1721 vos
648 1695 799 1729 oportebat;
835 1695 991 1729 praesertim

197 1739 282 1765 quum
297 1740 326 1757 ea
342 1731 398 1767 lege
411 1732 573 1763 iudicaretis,
589 1740 657 1767 quae
671 1733 804 1759 sociorum
818 1740 912 1758 caussa
923 1735 993 1758 esset

197 1769 353 1794 constituta:
373 1777 457 1803 quum
473 1778 543 1800 vero,
561 1769 671 1804 perditis
686 1768 886 1804 profligatisque
899 1769 989 1799 sociis,

197 1805 336 1841 vectigalia
351 1806 443 1840 populi
457 1807 567 1833 Romani
581 1807 636 1833 sint
648 1806 799 1837 deminuta,
816 1815 858 1832 res
872 1805 992 1832 frumen-

198 1843 275 1873 taria,
296 1848 475 1875 commeatus,
495 1844 600 1878 copiae,
616 1843 690 1870 salus
704 1843 783 1870 Urbis
797 1847 877 1878 atque
890 1843 992 1870 exerci-

196 1884 274 1906 tuum
285 1884 434 1907 nostrorum
445 1881 472 1907 in
484 1881 663 1915 posteritatem
676 1881 754 1907 istius
765 1881 875 1907 avaritia
884 1880 993 1907 interie-

197 1917 244 1943 rit:
267 1917 360 1943 saltem
375 1917 468 1952 populi
482 1919 591 1945 Romani
606 1918 743 1945 commoda
758 1918 895 1953 respicite,
911 1917 934 1944 si
948 1926 992 1944 so-

196 1954 245 1980 ciis
261 1953 425 1981 fidelissimis
439 1956 590 1990 prospicere
600 1964 652 1982 non
663 1955 797 1981 laboratis.
821 1957 877 1981 128.
892 1955 988 1990 Atque,

197 1996 227 2018 ut
241 1991 404 2027 intelligatis,
421 1992 453 2018 ab
468 1993 519 2019 isto
532 2001 594 2027 prae
609 1993 682 2019 luero
696 1992 847 2028 praedaque
858 1993 990 2028 praesenti

197 2037 244 2054 nec
264 2029 433 2064 vectigalium
452 2039 500 2056 nec
518 2030 679 2064 posteritatis
697 2030 813 2056 habitam
831 2039 890 2056 esse
912 2031 992 2057 ratio-

196 2074 268 2097 nem,
283 2067 442 2102 cognoscite,
457 2067 524 2102 quid
537 2067 571 2094 ad
584 2072 733 2094 extremum
747 2067 846 2094 scribat
856 2067 989 2094 Metellus.

197 2112 225 2129 ικ
238 2112 389 2134 κειιουειι
407 2113 520 2131 returns
539 2113 754 2131 vec-rmsmnns
771 2114 921 2131 PROSPExt.
961 2105 990 2131 In

196 2139 331 2175 reliquum
358 2145 464 2176 tempus
490 2142 527 2168 ait
551 2151 579 2168 se
606 2141 782 2177 vectigalibus
808 2143 988 2177 prospexisse.

196 2177 254 2203 Non
273 2178 399 2204 scriberet
417 2187 446 2205 se
464 2179 641 2215 vectigalibus
659 2179 844 2214 prospexisse,
870 2180 922 2206 nisi
940 2179 991 2206 hoc

196 2214 276 2241 vellet
289 2215 436 2247 ostendere,
453 2221 477 2242 te
491 2216 629 2252 vectigalia
643 2216 803 2251 perdidisse.
834 2216 904 2249 Quid
919 2217 990 2243 enim

196 2256 263 2282 erat,
279 2252 350 2287 quod
364 2253 542 2289 vectigalibus
556 2254 718 2288 prospiceret
731 2253 854 2280 Metellus
867 2255 895 2280 in
909 2254 991 2280 decu-

196 2289 247 2315 mis
267 2294 292 2316 et
310 2290 336 2316 in
356 2295 407 2317 tota
425 2299 453 2316 re
471 2290 656 2322 frumentaria,
677 2291 700 2318 si
719 2292 769 2318 iste
783 2299 835 2318 non
850 2291 990 2327 vectigalia

196 2326 287 2360 populi
302 2327 477 2354 Romani-suo
491 2333 604 2363 quaestu
619 2327 807 2363 pervertisset?
830 2328 919 2364 Atque
931 2329 990 2364 ipse

196 2363 326 2395 Metellus,
342 2365 389 2399 qui
405 2365 580 2401 vectigalibus
595 2366 731 2400 prospicit,
747 2366 794 2400 qui
805 2365 923 2400 reliquos
933 2374 991 2392 ara-

197 2404 264 2426 tores
278 2401 392 2437 colligit,
408 2402 474 2437 quid
488 2403 654 2438 assequitur,
671 2403 724 2429 nisi
739 2403 800 2433 hoc,
820 2407 850 2429 ut
863 2407 950 2434 arent,
965 2404 990 2429 si

195 2437 261 2470 quid
275 2443 396 2472 possunt,
412 2439 513 2474 quibus
527 2445 641 2466 aratrum
657 2439 750 2466 saltem
765 2439 873 2474 aliquod
884 2439 990 2466 satelles

196 2474 274 2500 istius
292 2475 424 2510 Apronius
443 2476 578 2512 reliquum
597 2477 670 2509 fecit3
698 2477 746 2512 qui
764 2481 851 2503 tamen
869 2478 897 2503 in
919 2477 990 2513 agris

197 2519 244 2544 spe
262 2516 339 2546 atque
358 2515 554 2548 exspectatione
572 2514 671 2541 Metelli
692 2514 894 2540 remanserunt?
918 2514 990 2546 Quid

195 2549 274 2573 ceteri
289 2548 390 2575 Siculi‘?
415 2551 480 2585 quid
495 2551 540 2577 ille
553 2552 689 2577 maximus
703 2559 831 2577 numerus
845 2555 986 2582 aratorum,

196 2585 243 2618 qui
258 2594 309 2612 non
324 2586 401 2613 modo
414 2596 447 2613 ex
459 2589 530 2623 agris
545 2589 620 2615 eiecti
636 2592 708 2619 sunt,
724 2587 772 2614 sed
785 2589 865 2614 etiam
879 2596 913 2615 ex
922 2589 990 2615 civi-

197 2622 295 2648 tatibus
309 2624 375 2654 suis,
392 2632 424 2650 ex
438 2626 573 2658 provincia
587 2625 712 2660 denique,
728 2625 805 2651 bonis
820 2625 989 2660 fortunisque

196 2659 321 2686 omnibus
340 2661 450 2695 ereptis,
470 2662 664 2698 profugerunt?
683 2662 740 2694 Qua
758 2662 858 2689 ratione
875 2663 895 2689 ii
913 2671 990 2690 revo—

1047 317 1180 343 miremini
1196 322 1292 343 tanturn
1308 317 1507 345 multitudinem
1526 318 1690 355 profugisse.
1709 324 1836 354 quantam

1047 362 1079 380 ex
1103 353 1194 380 litteris
1219 354 1334 389 publicis
1357 360 1542 391 aratorumque
1565 356 1776 391 professionibus
1793 365 1838 384 co-

1046 391 1191 425 gnovistis:
1219 392 1320 422 scitote,
1337 397 1434 418 tantam
1448 393 1615 420 acerbitatem
1631 394 1718 424 istius,
1735 398 1836 421 tantum

1047 428 1135 454 scelus
1150 428 1176 454 in
1191 434 1305 455 aratores
1320 428 1416 460 fuisse,
1432 430 1597 463 (incredibile
1610 430 1683 457 dictu
1697 435 1750 461 est,
1767 431 1838 458 iudi-

1046 474 1103 496 ces;
1119 466 1165 491 sed
1180 470 1205 492 et
1220 465 1316 492 factum
1331 471 1356 492 et
1370 471 1420 492 tota
1431 466 1520 493 Sicilia
1535 473 1707 504 pervagstum
1717 468 1734 503 z)
1748 473 1777 494 ut
1791 468 1838 495 ho-

1047 503 1132 529 mines
1157 508 1263 538 propter
1286 503 1397 529 iniurias
1421 503 1608 540 licentiamque
1628 504 1836 532 decumanorum

1047 544 1155 566 mortem
1177 540 1228 566 sibi
1252 541 1304 575 ipsi
1326 541 1514 568 consciverint.
1554 541 1758 577 Centuripinum
1777 543 1838 569 Dio-

1045 577 1127 607 clem,
1149 577 1281 604 bominem
1298 577 1470 612 locupletem,
1490 578 1666 614 suspendisse
1683 587 1712 606 se
1725 584 1835 610 constat,

1045 623 1100 649 quo
1117 614 1160 641 die
1178 615 1213 641 sit
1230 615 1254 641 ei
1274 615 1424 641 nuntiatum
1444 615 1591 650 Apronium
1613 615 1740 644 decumas
1762 616 1838 643 rede-

1047 652 1137 678 misse.
1178 652 1384 688 Dyrracbinum,
1405 653 1522 687 primum
1539 654 1668 684 civitatis,
1690 653 1781 680 eadem
1796 661 1838 680 rs-

1047 689 1116 716 tione
1130 694 1239 716 mortem
1254 690 1397 724 oppetisse,
1413 690 1482 716 dixit
1496 690 1567 725 apud
1578 699 1624 717 vos
1637 690 1715 717 bomo
1726 689 1837 717 nobilis·-

1046 727 1140 757 simus,
1157 727 1321 753 Archonidas
1336 726 1470 758 Elorinus,
1485 736 1571 762 quum
1585 727 1717 759 audisset,
1735 732 1836 754 tantum

1045 763 1223 790 decumanum
1243 763 1392 799 professum
1411 773 1470 791 esse
1487 773 1520 792 ex
1534 764 1619 792 edicto
1633 765 1711 792 istius
1725 765 1776 791 sibi
1790 764 1838 792 de-

1046 800 1115 831 beri,
1137 806 1268 836 quantum
1287 801 1331 828 ille
1350 801 1427 828 bonis
1444 803 1502 829 suis
1519 802 1645 830 omnihus
1663 802 1767 829 efficere
1784 810 1837 829 non

1045 842 1143 872 posset.

1101 875 1168 901 llaec
1186 879 1228 906 tu,
1249 875 1352 901 tametsi
1371 876 1491 902 omnium
1506 876 1645 903 bominum
1659 875 1838 902 dissolutissi-

1045 920 1105 938 mus
1128 912 1387 947 crudelissimusque
1408 922 1514 948 semper
1535 913 1623 944 fuisti,
1648 918 1735 940 tamen
1758 921 1838 940 num-

1045 958 1126 984 quam
1145 954 1321 984 perpeterere.
1342 950 1414 985 quod
1432 950 1472 977 illi
1489 951 1606 986 gemitus
1620 950 1762 985 luctusque
1775 958 1838 985 pm-

1047 987 1148 1013 vinciae
1166 987 1199 1013 ad
1218 987 1256 1013 tui
1274 987 1370 1021 capitis
1392 987 1541 1022 periculum
1565 987 1745 1023 pertinebant:
1773 995 1835 1019 non,

1045 1024 1164 1059 inquam,
1181 1028 1359 1058 perpeterere,
1375 1029 1405 1051 ut
1419 1024 1540 1051 homines
1553 1025 1665 1051 iniuriae
1679 1029 1738 1051 tuae
1753 1032 1837 1051 reme-

1044 1061 1119 1087 dium
1138 1066 1221 1087 morte
1238 1069 1268 1087 ac
1285 1062 1432 1096 suspendio
1449 1066 1620 1097 quaererent,
1640 1062 1692 1088 nisi
1705 1070 1734 1088 ea
1749 1070 1790 1088 res
1804 1060 1837 1088 sd

1044 1102 1186 1133 quaestum
1201 1102 1226 1125 et
1239 1098 1271 1124 ad
1283 1099 1406 1133 praedam
1418 1103 1490 1125 tuam
1502 1100 1653 1134 pertineret.
1677 1100 1733 1125 ¹30.
1749 1097 1838 1132 Quid?

1044 1135 1112 1162 illud
1127 1135 1310 1170 perpeterere?
1334 1136 1477 1167 Attendite,
1493 1136 1610 1169 iudices,
1625 1136 1751 1163 omnibus
1764 1136 1836 1163 enim

1044 1172 1134 1199 nervis
1148 1173 1214 1199 mihi
1228 1172 1442 1200 contendendum
1457 1178 1497 1200 est
1509 1178 1588 1209 atque
1602 1174 1629 1200 in
1648 1174 1697 1200 hoc
1716 1173 1837 1200 laboran-

1044 1209 1122 1241 dum,
1143 1214 1173 1236 ut
1185 1218 1277 1236 omnes
1292 1210 1453 1246 intelligant,
1473 1219 1554 1246 quam
1573 1211 1734 1246 improbam,
1754 1219 1836 1246 quam

1044 1246 1226 1278 manifestam,
1246 1256 1327 1282 quam
1346 1247 1496 1274 confessam
1511 1257 1566 1275 rem
1580 1249 1693 1283 pecunia
1707 1247 1837 1274 redimere

1043 1289 1162 1311 conetur.
1202 1284 1289 1312 Grave
1302 1285 1402 1312 crimen
1416 1290 1456 1312 est
1469 1285 1518 1312 hoc
1532 1290 1557 1311 et
1571 1285 1716 1312 vehemens
1733 1289 1759 1311 et
1776 1289 1837 1320 post

1043 1321 1183 1349 hominum
1198 1322 1352 1348 memoriam
1367 1322 1519 1358 iudiciaque
1533 1322 1566 1349 de
1580 1323 1700 1357 pecuniis
1710 1326 1837 1356 repetun-

1044 1359 1085 1385 dis
1095 1359 1237 1386 constituta
1247 1359 1449 1395 gravissimum,
1465 1364 1611 1394 praetorem
1622 1359 1714 1394 populi
1725 1359 1835 1386 Romani

1043 1397 1129 1423 socios
1152 1396 1280 1423 habuisse
1302 1396 1474 1423 decumanos.
1515 1397 1590 1423 LVII.
1612 1397 1669 1423 Non
1693 1396 1742 1423 hoc
1765 1404 1836 1423 nune

1043 1434 1161 1468 primum
1179 1433 1254 1460 audit
1271 1434 1392 1468 privatus
1409 1434 1442 1460 de
1460 1434 1582 1465 inimico,
1603 1442 1664 1461 reus
1682 1433 1714 1460 ab
1728 1441 1836 1460 accusa-

1044 1476 1111 1497 tore:
1128 1471 1180 1497 iam
1194 1475 1269 1497 antea
1283 1471 1311 1498 in
1325 1471 1389 1498 sella
1399 1471 1495 1498 sedens
1505 1476 1616 1506 praetor,
1630 1479 1714 1506 quum
1727 1471 1838 1506 provin-

1043 1509 1111 1535 ciam
1126 1508 1244 1535 Siciliam
1258 1508 1396 1539 obtineret,
1411 1517 1496 1544 quum
1507 1508 1540 1535 ab
1550 1508 1676 1535 omnibus
1686 1517 1737 1535 non
1748 1507 1835 1535 sotum

1043 1546 1080 1581 (id
1093 1545 1166 1581 quod
1179 1554 1322 1572 commune
1335 1545 1396 1581 est‚)
1406 1550 1512 1581 propter
1526 1546 1678 1581 imperium,
1694 1545 1741 1572 sed
1756 1546 1835 1572 etiam

1043 1583 1079 1618 (id
1093 1582 1165 1618 quod
1179 1583 1257 1609 istius
1271 1583 1445 1618 praecipuum
1459 1582 1520 1618 est.)
1534 1588 1640 1618 propter
1652 1582 1835 1609 crudelitatem

1043 1624 1217 1651 metueretur,
1238 1620 1337 1646 millies
1354 1620 1469 1651 audivit,
1489 1628 1574 1655 quum
1592 1621 1651 1646 eius
1668 1620 1788 1646 animum
1802 1619 1836 1646 ad

1043 1656 1258 1692 persequendum
1270 1666 1321 1683 non
1332 1657 1493 1693 negligentia
1504 1657 1626 1688 tardaret,
1641 1657 1688 1684 sed
1697 1657 1836 1684 conscien-

1043 1695 1078 1721 tia
1091 1694 1200 1721 sceleris
1213 1695 1393 1729 avaritiaeque
1406 1703 1470 1721 suae
1484 1694 1636 1721 refrenaret.
1677 1694 1836 1729 Loqueban—

1043 1736 1086 1758 tur
1099 1732 1170 1758 enim
1184 1731 1325 1758 decumani
1339 1731 1441 1767 palam,
1460 1736 1485 1758 et
1498 1736 1602 1766 praeter
1615 1736 1715 1758 ceteros
1729 1732 1765 1762 is,
1787 1731 1835 1766 qui

1043 1768 1114 1803 apud
1128 1769 1210 1795 istum
1225 1768 1373 1803 plurimum
1388 1773 1488 1803 poterat
1501 1769 1687 1804 maximosque
1700 1776 1777 1804 agros
1787 1776 1837 1804 po-

1043 1805 1198 1841 pulabatur,
1215 1806 1363 1841 Apronius,
1383 1814 1545 1841 perparvum
1559 1814 1593 1832 ex
1605 1805 1660 1832 illis
1674 1806 1779 1842 magnis
1793 1805 1836 1832 lu-

1042 1844 1094 1870 cris
1108 1843 1142 1870 ad
1155 1851 1214 1869 sese
1227 1843 1380 1878 pervenire;
1396 1848 1543 1878 praetorem
1557 1851 1615 1870 esse
1627 1843 1741 1870 socium.
1776 1844 1833 1869 ⁴3⁴.

1042 1881 1096 1907 Hoc
1108 1889 1194 1916 quum
1208 1880 1296 1916 palam
1309 1880 1450 1907 decumani
1469 1885 1521 1907 tota
1539 1881 1676 1916 provincia
1694 1879 1836 1915 loqueren-

1042 1922 1086 1944 tur
1099 1922 1230 1953 tuumque
1244 1926 1340 1944 nomen
1353 1918 1381 1944 in
1395 1926 1423 1944 re
1436 1922 1489 1944 tam
1504 1918 1575 1953 turpi
1589 1917 1743 1952 nefariaque
1754 1917 1836 1944 inter—

1042 1959 1183 1990 ponerent:
1207 1954 1310 1981 nihilne
1324 1955 1373 1981 tibi
1387 1955 1461 1981 venit
1473 1955 1501 1982 in
1515 1959 1631 1982 mentem
1645 1954 1835 1982 existimationi

1042 1997 1102 2019 tuae
1119 1991 1276 2019 consulere?
1297 1991 1365 2019 nihil
1383 1991 1499 2028 denique
1516 1992 1597 2028 capiti
1611 2000 1641 2018 ac
1654 1991 1768 2019 fortunis
1781 1991 1836 2018 tuis

1042 2028 1199 2065 providere?
1220 2038 1305 2065 quum
1325 2029 1365 2056 tui
1383 2030 1499 2056 nominis
1517 2033 1599 2056 terror
1612 2029 1639 2056 in
1652 2029 1763 2056 auribus
1777 2028 1835 2055 ani-

1042 2068 1148 2102 misque
1162 2071 1295 2094 aratorum
1309 2071 1472 2099 versaretur;
1496 2075 1582 2102 quum
1595 2066 1737 2093 decumani
1749 2069 1836 2092 arato-

1042 2105 1118 2131 ribus
1132 2104 1164 2131 ad
1178 2105 1313 2139 pactiones
1327 2103 1462 2131 faciendas
1471 2112 1522 2131 non
1533 2112 1610 2130 suam
1621 2104 1685 2134 vim,
1700 2102 1748 2130 sed
1758 2107 1835 2129 tuum

1042 2141 1130 2168 scelus
1144 2150 1174 2168 ac
1187 2150 1284 2168 nomen
1297 2145 1471 2176 opponerent.
1510 2140 1621 2176 quuod
1638 2140 1770 2167 iudicium
1782 2139 1835 2166 Ro-

1042 2187 1100 2206 mae
1114 2183 1166 2205 tam
1177 2178 1348 2209 dissolutum,
1364 2183 1418 2204 tam
1429 2178 1572 2214 perditum,
1589 2182 1642 2205 tam
1652 2177 1834 2204 nummarium

1042 2216 1096 2243 fore
1111 2216 1219 2251 putasti,
1236 2224 1290 2251 quo
1303 2224 1337 2242 ex
1349 2215 1450 2242 iudicio
1463 2220 1489 2242 te
1502 2215 1557 2242 ulla
1567 2215 1646 2242 Salus
1655 2222 1761 2241 servare
1771 2222 1835 2249 pos-

1041 2252 1100 2280 set‘?
1112 2261 1174 2279 cum
1188 2252 1300 2288 planum
1315 2252 1397 2284 fieret,
1413 2252 1534 2279 decumis
1547 2257 1637 2279 contra
1650 2252 1779 2282 instituta,
1796 2250 1835 2278 le-

1040 2299 1088 2326 ges
1101 2289 1378 2325 consuetudinemque
1391 2290 1512 2316 omnium
1522 2289 1648 2319 venditis,
1663 2289 1690 2315 in
1701 2293 1834 2315 aratorum

1040 2328 1118 2354 bonis
1137 2327 1304 2362 fortunisque
1322 2327 1482 2362 diripiendis
1504 2326 1664 2353 decumanos
1686 2325 1831 2357 dictitasse,

1041 2369 1100 2391 tuas
1114 2373 1172 2391 esse
1186 2369 1283 2400 partes,
1300 2369 1373 2391 tuam
1387 2372 1456 2395 rem,
1471 2369 1544 2390 tuam
1557 2362 1697 2398 praedam,
1712 2362 1796 2398 idque
1809 2367 1834 2390 te

1039 2402 1169 2433 tacuisse,
1185 2406 1223 2433 et,
1238 2410 1323 2436 quum
1337 2400 1507 2428 dissimulare
1521 2409 1572 2427 non
1586 2408 1692 2435 posses,
1714 2400 1833 2435 potuisse

1041 2444 1128 2466 tamen
1143 2439 1244 2474 perpeti
1258 2443 1284 2465 et
1296 2438 1426 2474 perferre,
1445 2437 1518 2472 quod
1536 2437 1692 2472 magnitudo
1706 2436 1772 2463 lucri
1784 2436 1833 2464 ob·

1041 2481 1159 2502 scuraret
1176 2475 1289 2511 periculi
1309 2474 1533 2511 magnitudinem,
1558 2474 1676 2509 plusque
1696 2473 1832 2509 aliquanto

1040 2513 1112 2548 apud
1126 2518 1150 2539 te
1163 2513 1292 2548 pecuniae
1305 2512 1450 2547 cupiditas.
1465 2520 1547 2546 quam
1561 2511 1655 2538 iudicii
1669 2515 1756 2538 metus
1769 2519 1833 2546 pos-

1040 2550 1098 2577 set?
1137 2552 1194 2577 ¹32.
1215 2550 1292 2576 Esto:
1314 2554 1400 2576 cetera
1414 2546 1513 2584 ‘negare
1530 2557 1582 2575 non
1600 2553 1688 2583 potes:
1713 2556 1746 2575 ne
1762 2547 1832 2574 illud

1039 2588 1150 2623 quidem
1169 2588 1218 2614 tibi
1235 2587 1371 2622 reliquum
1389 2585 1488 2616 fecisti,
1508 2590 1538 2612 ut
1556 2586 1605 2612 hoc
1686 2594 1714 2612 es
1731 2584 1828 2616 dicere,

1040 2624 1108 2651 nihil
1122 2633 1214 2652 eorum
1228 2628 1254 2650 te
1266 2623 1383 2654 audisse,
1400 2623 1467 2649 nihil
1477 2623 1510 2649 ad
1522 2627 1581 2649 tuas
1590 2631 1669 2649 aures
1678 2622 1711 2649 de
1720 2621 1839 2649 infamia⁴

1041 2666 1084 2688 tua
1102 2662 1266 2697 pervenisse.
1306 2660 1490 2693 Querebantur
1506 2669 1568 2688 cum
1586 2659 1662 2687 luctu
1681 2663 1708 2686 et
1726 2659 1841 2695 gemitu,
