1941 3052
369 157 555 185 ORATIO
586 157 676 185 PRO
708 158 743 184 M.
778 156 1056 184 MARCELLO.

43 231 122 258 etiam
132 230 223 257 otiosis
234 229 413 260 minabantur,
427 238 483 260 nec,
496 228 685 264 quidquisque
696 229 833 259 sensisset,

43 269 91 295 sed
109 268 156 295 ubi
178 267 287 298 fuisset,
304 267 475 302 cogitandum
491 275 549 292 esse
564 267 700 293 dicebant:
724 270 754 292 ut
769 266 836 292 mihi

42 305 152 341 quidem
174 305 314 331 videantur
334 304 370 330 dii
392 303 569 334 immortales,
587 304 692 330 etiamsi
708 312 806 338 poenas
822 312 834 329 a

43 342 141 378 populo
156 342 273 369 Romano
287 342 321 368 ob
332 341 441 377 aliquod
452 341 579 368 delictum
591 341 775 376 expetiverint,
788 341 836 376 qui

42 380 121 407 civile
135 379 236 406 bellum
253 383 355 405 tantum
371 383 396 405 et
411 384 464 405 tam
482 379 634 405 luctuosum
652 379 833 408 excitaverint,

43 417 84 444 vel
106 416 201 451 placati
221 417 288 447 iam,
306 416 347 442 vel
363 417 450 442 satiati
465 415 621 451 aliquando,
639 424 746 442 omnem
760 424 835 450 spem

42 454 136 481 salutis
147 453 179 480 ad
190 453 358 480 clementiam
365 454 472 480 victoris
483 453 671 488 etsapientiam
678 452 834 480 contulisse.

97 492 138 517 ⁴9.
159 490 246 523 Quare
261 491 349 526 gaude
365 496 410 517 tuo
425 491 476 517 isto
491 495 544 517 tam
555 490 694 517 excellenti
705 490 789 517 bono:
811 494 837 516 et

43 528 130 556 fruere
148 537 234 563 quum
256 528 359 555 fortuna
378 533 404 555 et
423 528 518 563 gloria,
536 532 594 554 tum
609 528 687 554 etiam
703 532 796 554 natura
811 532 836 553 et

42 566 162 593 moribus
173 566 226 592 tuis
237 575 241 592 :
259 574 291 592 ex
301 574 356 601 quo
365 566 476 601 quidem
487 565 622 591 maximus
633 564 782 591 estfructus
793 565 836 591 iu-

41 603 219 638 cunditasque
235 603 358 638 sapienti.
399 603 489 630 Cetera
500 611 585 637 quum
597 607 642 628 tua
653 602 833 632 recordabere,

42 641 93 667 etsi
106 648 234 675 persaepe
248 641 354 672 virtuti,
373 645 459 667 tamen
474 639 634 675 plerumque
645 639 764 665 felicitati
775 643 835 665 tuae

41 677 270 714 congratulabere.
309 678 345 703 De
363 677 453 708 nobis,
470 685 539 712 quos
554 677 582 703 in
598 676 735 711 republica
747 681 834 702 tecum

41 714 124 742 simul
140 715 229 742 salvos
244 723 303 741 esse
314 714 431 746 voluisti,
445 714 550 749 quoties
561 714 700 749 cogitabis=
714 714 791 740 toties
802 713 835 739 de

40 753 167 779 maximis
178 753 232 778 tuis
243 752 388 783 beneficiis,
397 752 472 778 toties
483 751 516 777 de
528 750 678 777 incredibili
691 751 836 777 liberalita—

41 793 80 821 te.
103 790 179 817 toties
199 789 232 816 de
250 789 380 824 singulari
397 789 526 824 sapientia
541 792 586 814 tua
600 788 745 824 cogitabis:
767 796 835 823 quae

42 835 93 854 non
118 826 196 853 modo
219 835 325 853 summa
348 826 429 858 bona,
452 825 500 852 sed
520 826 648 852 nimirum
668 825 772 852 audebo
793 825 834 851 vel

40 864 96 891 sola
111 864 208 891 dicere.
249 864 348 890 Tantus
363 867 404 890 est
415 864 486 890 enim
497 863 623 898 splendor
634 863 661 890 in
674 863 750 890 laude
763 871 832 894 vera,

41 905 111 929 tanta
122 902 150 928 in
163 901 348 937 magnitudine
360 901 442 927 animi
453 905 479 927 et
489 901 593 927 consilii
601 900 726 936 dignitas,
736 901 835 927 uthaec

41 947 55 966 a
70 939 167 965 virtute
182 938 289 970 donata,
307 942 391 965 cetera
408 947 422 964 a
434 938 538 964 fortuna
549 938 714 965 commodata
724 947 783 964 esse
794 938 835 964 vi-

40 976 162 1003 deantur.
193 977 236 1002 20.
253 975 312 1002 Noli
333 976 415 1011 igitur
430 976 457 1002 in
472 975 660 1002 conservandis
675 976 753 1002 bonis
769 976 834 1002 viris

41 1013 188 1049 defatigari,
205 1022 257 1040 non
267 1013 413 1048 cupiditate
424 1013 578 1048 praesertim
590 1017 635 1040 aut
646 1013 775 1048 pravitate
786 1013 836 1039 ali-

40 1059 93 1086 qua
110 1051 205 1086 lapsiS,
224 1050 271 1077 sed
285 1051 410 1085 opinione
424 1050 518 1082 officii,
536 1050 616 1077 stulta
633 1050 752 1082 fortasse,
765 1054 835 1077 certe

41 1097 93 1116 non
104 1088 234 1123 improba,
247 1088 366 1123 etspecie
372 1088 488 1123 quadam
499 1088 675 1123 reipublicae;
699 1097 751 1115 non
762 1088 834 1114 enim

40 1130 85 1153 tua
100 1125 154 1152 ulla
169 1125 248 1160 culpa
264 1130 316 1157 est,
334 1125 357 1152 si
376 1130 401 1152 te
416 1125 500 1160 aliqui
515 1126 675 1157 timuerunt,
691 1130 835 1160 contraque

40 1172 146 1190 summa
158 1163 225 1195 laus,
233 1163 305 1198 quod
311 1163 423 1189 minime
429 1162 670 1190 timendumfuisse
681 1167 833 1190 senserunt.

94 1201 149 1228 VH.
171 1202 212 1228 2l.
231 1201 308 1227 Nunc
322 1209 385 1227 vero
403 1201 480 1227 venio
494 1200 528 1227 ad
538 1201 727 1237 gravissimam
738 1209 835 1236 quere-

41 1237 92 1265 lam
104 1242 129 1265 et
139 1238 331 1265 atrocissimam
343 1238 526 1273 suspicionem
537 1243 625 1264 tuam:
640 1247 709 1273 quae
720 1247 772 1265 non
785 1238 834 1264 tibi

40 1275 92 1311 ipsi
104 1276 198 1311 magis,
211 1284 383 1311 quamquum
393 1275 519 1302 omnibus
526 1275 641 1307 civibus,
650 1280 705 1301 tum
718 1275 835 1302 maxime

39 1313 131 1344 nobis,
154 1313 202 1348 qui
221 1322 235 1339 a
256 1316 281 1339 te
301 1313 448 1339 conservati
468 1321 577 1344 sumus,
595 1313 760 1348 providenda
779 1317 832 1339 est:

38 1359 120 1386 quam
138 1351 186 1376 etsi
202 1358 280 1385 spero
295 1349 389 1376 falsam
401 1358 468 1381 esse,
482 1359 629 1385 numquam
645 1354 733 1376 tamen
745 1350 834 1376 verbis

39 1388 199 1415 extenuabo.
240 1388 295 1414 Tua
305 1388 377 1414 enim
387 1388 475 1414 cautio
487 1391 574 1414 nostra
585 1387 672 1414 cautio
683 1392 736 1414 est:
758 1392 796 1419 ut,
810 1387 832 1413 si

38 1425 66 1452 in
84 1424 210 1452 alterutro
224 1424 389 1460 peccandum
404 1425 452 1456 sit,
469 1424 561 1451 malim
574 1425 658 1451 videri
670 1425 750 1451 nimis
762 1425 834 1451 timi-

38 1462 100 1494 dus,
113 1471 194 1498 quam
206 1471 299 1497 parum
311 1462 440 1497 prudens.
467 1461 519 1488 Sed
530 1463 656 1497 quisnam
667 1467 708 1489 est
719 1463 769 1489 iste
781 1467 833 1488 tam

38 1499 168 1527 demens?
188 1500 223 1526 De
239 1499 346 1526 tuisne?
364 1514 400 1519 —
410 1500 527 1526 Tametsi
541 1500 588 1535 qui
604 1500 691 1536 magis
706 1504 770 1526 sunt
784 1500 832 1531 tui,

38 1545 120 1573 quam
131 1537 231 1572 quibus
242 1542 270 1564 tu
281 1537 394 1564 salutem
407 1537 607 1572 insperantibus
622 1536 781 1564 reddidisti?
793 1537 834 1563 An

39 1582 72 1601 ex
83 1583 113 1601 co
125 1583 243 1606 numero,
259 1575 307 1610 qui
318 1583 370 1601 una
382 1578 469 1601 tecum
482 1573 608 1601 fuerunt?
627 1575 683 1601 Non
695 1579 735 1601 est
748 1574 834 1601 credi-

38 1611 102 1639 bilis
119 1616 207 1639 tantus
222 1613 249 1639 in
265 1611 320 1639 ullo
334 1612 419 1644 furor,
432 1615 471 1643 ut,
484 1620 538 1647 quo
549 1611 617 1638 duce
628 1612 717 1640 omnia
728 1621 835 1640 summa

38 1650 73 1676 sit
87 1649 212 1684 adeptus,
230 1650 311 1676 huius
327 1650 409 1676 vitam
425 1658 477 1677 non
491 1653 633 1686 anteponat
643 1660 718 1678 suae.
757 1651 798 1678 An
810 1651 834 1678 si

38 1687 77 1715 tui
93 1687 160 1714 nihil
180 1688 297 1724 cogitant
307 1686 424 1720 sceleris,
436 1688 586 1715 cavendum
598 1693 646 1720 est,
660 1698 692 1716 ne
703 1689 769 1724 quid
782 1689 834 1715 ini-

38 1724 119 1752 mici?
133 1724 202 1758 Qui?
217 1725 316 1752 Omnes
328 1725 399 1752 enim
412 1727 459 1761 qui
471 1725 588 1757 suerunt,
602 1731 647 1753 aut
658 1735 706 1753 sua
717 1727 834 1761 pertina-

39 1763 79 1789 cia
90 1763 171 1789 vitam
183 1763 339 1794 amiserunt,
348 1768 393 1790 aut
404 1767 448 1790 tua
460 1763 643 1790 misericordia
655 1764 831 1795 retinuerunt,

38 1804 69 1827 ut
82 1804 127 1826 aut
142 1800 209 1827 nulli
225 1801 362 1835 supersint
376 1800 410 1827 de
425 1801 552 1833 inimicis,
565 1806 619 1833 aut,
632 1802 680 1837 qui
692 1801 834 1836 supersue-

38 1842 108 1869 runt,
122 1838 176 1864 sint
187 1838 354 1864 amicissimi.
376 1839 418 1865 22.
430 1838 482 1864 Sed
495 1843 685 1874 tamen,quum
697 1839 724 1865 in
736 1839 833 1865 animis

38 1873 176 1901 hominum
189 1879 274 1901 tantae
286 1875 400 1902 latebrae
411 1876 465 1902 sint
475 1880 501 1902 et
511 1876 577 1903 tanti
589 1885 720 1908 recessuS,
734 1885 834 1912 augea-

38 1920 99 1938 mus
114 1920 177 1939 sane
192 1912 373 1948 suspicionem
384 1916 472 1939 tuam:
495 1913 577 1940 simul
589 1914 660 1940 enim
673 1914 833 1950 augebimus

37 1948 215 1985 diligentiam.
255 1950 322 1975 Nam
336 1950 398 1984 quis
417 1954 458 1976 est
472 1951 593 1977 omnium
607 1955 658 1977 tam
670 1951 779 1987 ignarus
792 1959 834 1978 re-

38 1995 111 2017 rum,
129 1991 182 2013 tam
198 1986 272 2013 rudis
288 1987 315 2013 in
331 1986 481 2021 republica,
500 1992 552 2013 tam
565 1987 632 2014 nihil
644 1997 773 2023 umquam
785 1997 834 2015 nec

37 2023 71 2050 de
81 2032 129 2050 sua
145 2032 193 2050 nec
203 2023 236 2050 de
246 2024 383 2050 communi
394 2023 480 2050 salute
491 2025 619 2060 cogitans,
632 2025 679 2060 qui
691 2034 743 2052 non
754 2025 833 2052 intel-

38 2059 114 2096 ligat,
132 2065 176 2088 tua
191 2060 277 2087 salute
291 2061 419 2087 contineri
430 2061 526 2088 suam‘?
548 2066 573 2089 et
586 2071 619 2089 ex
631 2063 712 2089 unius
724 2067 767 2089 tua
779 2064 833 2089 vita

38 2098 153 2134 pendere
168 2097 307 2124 omnium‘?
325 2097 459 2133 Equidem
474 2098 508 2125 de
523 2103 548 2125 te
563 2099 621 2125 dies
638 2104 790 2135 noctesque¹
803 2105 833 2127 ut

38 2135 130 2166 debeo,
144 2136 277 2171 cogitans),
290 2143 368 2162 casus
378 2135 519 2162 dumtaxat
529 2136 669 2167 humanos.
683 2141 709 2163 et
719 2137 833 2164 incertos

39 2177 150 2200 eventus
162 2172 325 2199 valetudinis
340 2176 366 2199 ct
375 2176 484 2199 naturae
494 2174 645 2200 communis
662 2173 832 2210 fragilitatem

38 2210 190 2241 extimesco.
203 2210 343 2245 doleoque,
351 2218 436 2245 quum
447 2209 598 2245 respublica
609 2211 768 2238 immortalis
774 2221 832 2238 esse

38 2246 140 2278 debeat.
154 2255 212 2274 eam
224 2248 251 2274 in
263 2248 344 2273 unius
356 2247 474 2274 mortalis
486 2248 574 2274 anima
585 2249 739 2275 consistere.
755 2250 796 2276 23.
805 2249 832 2276 Si

38 2292 100 2311 vero
110 2284 142 2311 ad
155 2284 286 2311 humanos
299 2284 553 2320 casusincertosque
564 2290 652 2312 motus
659 2286 830 2318 valetudinis,

39 2321 144 2349 sceleris
155 2322 234 2349 etiam
246 2321 352 2348 accedat
362 2321 574 2357 insidiarumque
585 2323 738 2349 consensio:
751 2333 832 2359 quem

39 2357 132 2391 deum,
154 2360 178 2386 ai
198 2360 298 2394 cupiat,
318 2359 443 2394 opitulari
465 2367 543 2393 posse
563 2359 727 2394 reipublicae
741 2361 833 2387 ereda-

38 2395 118 2422 mus‘?
145 2397 212 2423 vlu.
237 2396 333 2424 Omnia
353 2401 418 2423 sunt
437 2396 575 2422 excitanda
598 2397 659 2428 tibi,
677 2397 706 2424 C.
724 2398 828 2429 Caesar.

38 2433 98 2464 uni.
114 2442 183 2468 quae
198 2435 282 2460 iacere
292 2434 376 2460 sentis
385 2454 391 2465 ,
406 2433 469 2460 balli
482 2433 567 2468 ipsius
578 2434 689 2469 impetu,
702 2435 774 2469 quod
787 2444 833 2461 ne-

38 2477 112 2497 cesse
127 2469 190 2502 ruit,
203 2470 325 2506 perculsa
339 2475 418 2506 atquo
429 2475 571 2506 prostrata:
593 2471 778 2498 constituenda
791 2473 833 2498 iu-

38 2506 120 2539 dicia.
137 2508 282 2535 revocanda
303 2508 382 2540 fides,
395 2508 611 2543 comprimendae
623 2508 757 2540 libidines,
772 2517 833 2543 pro-

38 2543 160 2580 paganda
170 2545 287 2577 suboles.
300 2546 388 2572 omnia
397 2566 403 2576 ,
414 2553 484 2581 quae
498 2545 602 2580 dilapsa
618 2546 670 2572 iam
686 2545 829 2577 fluxerunt.

39 2581 140 2607 severis
155 2581 260 2618 legibus
275 2582 414 2609 vincienda
426 2586 498 2610 sunt.
520 2584 562 2610 24.
576 2583 632 2609 Non
645 2582 696 2609 fuit
707 2592 832 2609 recusan-

39 2616 105 2644 dum
119 2618 147 2644 in
158 2622 228 2646 tanto
238 2620 312 2647 civili
326 2619 397 2647 bello
407 2624 533 2655 tantoque
543 2620 692 2646 animorum
705 2620 797 2647 ardore
806 2625 832 2647 ot

0 2658 5 2682 l
40 2661 173 2682 armorum
181 2675 187 2687 ,
204 2657 271 2691 quin
281 2661 406 2692 quassata
417 2657 578 2692 respublica,
590 2658 756 2693 quicumque
767 2657 831 2685 belli

0 2686 2 2714 1
40 2695 151 2719 eventus
166 2691 274 2727 fuisset,
287 2694 371 2722 multa
382 2694 504 2731 perderet
515 2699 540 2722 et
550 2699 704 2722 ornamenta
715 2695 832 2732 dignita-

1106 157 1202 184 CAP.
1238 158 1353 183 3—9.
1630 159 1678 184 589

888 229 921 254 tis
942 232 968 254 et
987 227 1119 263 praesidia
1140 227 1292 254 stabilitatis
1314 235 1390 259 suae,
1414 226 1553 262 multaque
1569 232 1682 263 uterque

888 265 944 291 dux
955 265 1050 292 faceret
1064 269 1193 296 armatus,
1207 274 1275 300 quae
1286 265 1357 291 idem
1369 269 1473 300 togatus
1485 264 1540 290 fieri
1552 265 1683 299 prohibu-

887 303 962 328 isset.
1002 302 1075 335 Quae
1095 302 1205 337 quidem
1226 303 1275 329 tibi
1296 311 1368 328 nunc
1387 303 1475 328 omnia
1491 301 1554 328 belli
1571 302 1681 328 vulnera

887 339 1002 366 curanda
1018 344 1093 366 sunt:
1115 340 1216 374 quibus
1232 344 1335 375 praeter
1350 344 1374 365 te
1385 339 1484 366 mederi
1497 347 1574 365 nemo
1585 344 1680 374 potest.

888 378 929 403 25.
947 378 1037 412 Itaque
1053 376 1126 403 illam
1142 381 1215 403 tuam
1227 377 1466 411 praeclarissimam
1479 381 1504 402 et
1514 377 1683 411 sapientissi—

887 423 957 440 mam
975 423 1067 440 vocem
1078 415 1179 440 invitus
1190 415 1296 440 audivi:
1318 415 1383 440 satis
1394 414 1440 440 diu
1453 413 1493 440 vel
1507 418 1614 440 naturae
1625 414 1682 440 vixi

887 451 929 477 vel
949 451 1058 487 gloriae.
1098 451 1180 482 Satis,
1198 453 1221 478 si
1236 453 1271 477 ita
1287 451 1342 483 vis,
1360 456 1468 477 naturae
1480 451 1599 482 fortasse,
1613 451 1683 478 addo

887 489 981 519 etiam,
1003 489 1026 514 si
1047 488 1145 523 placet,
1167 488 1281 524 gloriae:
1307 493 1345 519 at,
1367 489 1440 524 quod
1462 489 1609 515 maximum
1631 493 1680 519 est,

887 526 986 560 patriae
1005 530 1075 552 certe
1096 534 1201 560 parum.
1241 525 1328 558 Quare
1348 527 1439 552 omitte
1459 527 1553 557 istam,
1570 534 1680 561 quaeso,

887 563 1024 589 doctorum
1046 563 1185 589 hominum
1205 563 1233 589 in
1253 563 1445 589 contemnenda
1467 568 1549 590 morte
1564 563 1683 598 pruden—

887 601 965 626 tiam:
988 600 1042 626 noli
1062 604 1150 626 nostro
1164 600 1283 635 periculo
1299 609 1356 626 esse
1371 601 1488 635 sapiens.
1510 600 1594 635 Saepe
1610 601 1682 627 enim

888 638 960 664 venit
984 637 1017 664 ad
1042 646 1119 664 aures
1148 646 1236 668 meaS,
1259 641 1283 663 te
1303 638 1375 664 idem
1396 637 1468 664 istud
1489 639 1570 664 nimis
1590 638 1682 664 crebro

886 675 988 706 dicere,
1001 675 1065 700 satis
1082 678 1105 701 te
1117 674 1165 701 tibi
1179 675 1290 701 vixisse.
1321 675 1418 702 Credo:
1441 675 1487 701 sed
1500 680 1556 701 tum
1569 675 1595 701 id
1606 675 1683 701 audi-

887 720 956 744 rem,
979 712 1002 738 si
1018 712 1066 738 tibi
1081 711 1131 738 soli
1146 712 1264 743 viveres,
1282 716 1327 738 aut
1342 713 1365 738 si
1382 712 1430 738 tibi
1444 713 1523 738 etiam
1539 712 1588 738 soli
1604 718 1682 739 natus

887 758 969 775 esses.
988 749 1072 780 Nunc,
1081 757 1167 784 quum
1177 749 1299 776 omnium
1310 749 1424 775 salutem
1434 750 1534 776 civium
1546 755 1683 776 cunctam·

886 795 940 821 que
965 786 1159 820 rempublicam
1184 795 1226 813 res
1250 791 1311 813 tuae
1334 791 1424 822 gestae
1443 786 1597 821 complexae
1617 788 1680 818 sint,

887 828 989 851 tantum
1014 824 1077 850 abes
1097 832 1112 850 a
1131 823 1292 858 perfectione
1312 825 1491 850 maximorum
1506 832 1632 859 operum,
1653 829 1683 850 ut

888 861 1074 892 fundamenta,
1097 869 1166 896 quae
1185 862 1298 897 cogitas,
1320 861 1439 888 nondum
1455 862 1558 887 ieceris.
1590 862 1637 887 Hic
1653 866 1683 888 tu

887 899 997 925 modum
1013 899 1082 925 vitae
1099 903 1158 925 tuae
1174 907 1227 925 non
1242 898 1328 925 salute
1343 898 1518 933 reipublicae,
1532 898 1579 924 sed
1590 899 1683 933 aequi-

887 940 938 962 tate
958 936 1041 962 animi
1061 935 1192 962 definies?
1210 936 1296 968 Quid,
1319 936 1342 962 si
1362 935 1436 962 istud
1454 945 1487 962 ne
1506 936 1606 972 gloriae
1623 941 1684 962 tuae

886 973 997 1008 quidem
1008 973 1072 1000 satis
1083 974 1141 1000 est'?
1155 974 1234 1000 cuius
1245 978 1270 1000 te
1281 982 1339 1000 esse
1350 973 1548 1005 avidissimum,
1557 974 1682 1008 quamvis

886 1011 925 1037 sis
936 1011 1053 1046 sapiens.
1062 1019 1114 1037 non
1126 1011 1246 1047 negabis.
1268 1013 1310 1038 26.
1322 1011 1453 1038 Parumne
1465 1011 1555 1047 igitur,
1564 1011 1681 1046 inquies.

886 1048 998 1084 gloriam
1027 1057 1151 1083 magnam
1181 1048 1386 1083 relinquemus?
1415 1049 1499 1075 Immo
1524 1057 1586 1075 vero
1611 1048 1681 1079 aliis,

886 1086 1012 1121 quamvis
1023 1086 1125 1117 multis,
1139 1086 1212 1117 satis.
1225 1086 1274 1112 tibi
1290 1087 1338 1113 uni
1354 1095 1458 1121 parum.
1490 1085 1628 1121 Quidquid
1643 1090 1683 1112 est

886 1124 972 1155 enim,
986 1124 1111 1158 quamvis
1125 1123 1246 1158 amplum
1262 1124 1309 1155 sit,
1327 1124 1354 1150 id
1368 1128 1438 1150 certe
1454 1132 1548 1158 parum
1564 1128 1604 1150 est
1615 1128 1682 1154 tum.

886 1169 972 1196 quum
992 1165 1032 1187 est
1052 1160 1155 1196 aliquid
1171 1160 1299 1196 amplius.
1340 1161 1416 1193 Quod
1432 1161 1455 1187 si
1472 1169 1561 1187 rerurn
1577 1165 1684 1187 tuarum

886 1198 1092 1230 immortalium,
1114 1198 1142 1225 C.
1160 1198 1269 1230 Caesar,
1287 1199 1331 1225 hic
1346 1199 1434 1225 exitus
1447 1198 1554 1225 futurus
1566 1198 1628 1229 fuit,
1642 1203 1681 1229 ut,

886 1236 999 1262 devictis
1011 1236 1180 1267 adversariis,
1190 1236 1417 1271 rempublicamin
1424 1244 1455 1262 eo
1465 1240 1534 1262 statu
1548 1235 1684 1271 relinque*

887 1282 941 1305 reS,
959 1274 986 1299 in
998 1282 1052 1308 quo
1064 1282 1135 1300 nunc
1146 1278 1198 1300 est:
1221 1273 1292 1304 vide,
1305 1282 1414 1308 quaeso,
1428 1282 1461 1300 ne
1472 1277 1516 1300 tua
1528 1273 1618 1299 divina
1629 1273 1684 1299 vir-

886 1315 929 1336 tus
946 1310 1129 1337 admirationis
1145 1310 1207 1345 plus
1222 1311 1256 1337 sit
1268 1311 1404 1342 habitura,
1418 1320 1498 1346 quam
1510 1311 1623 1346 gloriae:
1646 1311 1683 1336 si-

885 1347 996 1383 quidem
1010 1347 1094 1384 gloria
1109 1353 1149 1374 est
1166 1348 1280 1374 illustris
1295 1357 1325 1375 ac
1340 1352 1481 1383 pervagata
1496 1348 1642 1374 multorum
1658 1352 1684 1374 et

886 1394 1058 1421 magnorum,
1076 1385 1118 1412 vel
1135 1386 1162 1412 in
1178 1394 1255 1417 suos,
1272 1385 1314 1411 vel
1330 1387 1357 1412 in
1374 1386 1497 1421 patriam.
1512 1385 1552 1411 vel
1567 1386 1592 1411 in
1604 1393 1683 1411 omne

885 1431 971 1459 genus
984 1422 1138 1454 hominum,
1152 1422 1221 1449 sama
1233 1424 1397 1449 meritorum.
1430 1423 1475 1448 lx.
1498 1424 1539 1449 27.
1552 1423 1621 1449 llaec
1631 1423 1683 1457 igi-

887 1465 930 1486 tur
946 1460 993 1486 tibi
1010 1460 1113 1495 reliqua
1129 1469 1190 1495 pars
1206 1464 1259 1487 est:
1282 1460 1326 1486 hic
1341 1464 1421 1487 restat
1432 1465 1516 1491 actus,
1530 1461 1556 1486 111
1569 1459 1617 1486 hoc
1629 1460 1683 1486 ela-

886 1497 1035 1524 borandum
1051 1502 1103 1529 est,
1123 1502 1152 1524 ut
1167 1497 1362 1534 rempublicam
1377 1498 1537 1529 constituas,
1553 1505 1637 1533 eaque
1654 1502 1682 1524 tu

886 1535 912 1561 in
928 1536 1024 1570 primis
1035 1544 1097 1563 cum
1109 1544 1215 1563 summa
1226 1536 1417 1572 tranquillitate
1429 1541 1454 1563 et
1465 1537 1518 1563 otio
1531 1535 1680 1571 perfruare:

885 1577 942 1600 tum
955 1577 988 1606 te,
1001 1574 1024 1600 si
1036 1574 1118 1605 voles,
1127 1583 1212 1610 quum
1224 1575 1362 1609 etpatriae,
1371 1574 1443 1609 quod
1454 1574 1545 1604 debes,
1559 1573 1680 1603 solveris.

885 1615 911 1638 et
931 1616 1052 1638 naturam
1073 1613 1159 1646 ipsam
1176 1611 1326 1646 expleveris
1342 1612 1461 1638 satietate
1478 1611 1599 1641 vivendi,
1618 1611 1683 1636 satis

885 1649 933 1676 diu
950 1650 1050 1676 vixisse
1065 1649 1154 1676 dicito.
1186 1648 1257 1681 Quid
1273 1654 1313 1675 cst
1329 1650 1400 1675 enirn
1412 1649 1520 1675 omnino
1532 1648 1580 1674 hoc
1592 1649 1682 1683 ipsum

886 1686 943 1718 diu,
957 1687 984 1713 in
997 1695 1051 1722 quo
1062 1691 1101 1713 est
1112 1686 1215 1722 aliquid
1227 1685 1397 1713 extremum?
1416 1686 1489 1721 quod
1500 1694 1585 1721 quum
1598 1686 1680 1716 venit,

885 1725 973 1751 omnis
989 1724 1113 1759 voluptas
1129 1724 1267 1759 praeterita
1284 1732 1331 1759 pro
1348 1723 1432 1750 nihilo
1447 1728 1500 1754 est,
1517 1723 1579 1758 quia
1592 1727 1682 1757 postea

886 1762 960 1788 nulla
975 1766 1016 1788 est
1027 1761 1126 1788 futura.
1167 1761 1336 1796 Quamquam
1348 1762 1397 1787 iste
1410 1765 1472 1787 tuus
1485 1761 1590 1787 animus
1603 1768 1683 1786 num-

885 1808 967 1834 quam
988 1799 1030 1825 his
1046 1799 1192 1835 angustiis,
1209 1808 1277 1834 quas
1294 1803 1386 1825 natura
1404 1799 1480 1825 nobis
1492 1798 1524 1824 ad
1536 1797 1682 1824 vivendum

885 1836 972 1868 dedit,
994 1841 1134 1864 contentus
1155 1836 1218 1867 fuit.
1242 1844 1349 1871 semper
1369 1835 1574 1862 immortalitatis
1595 1842 1683 1861 amore

885 1874 1015 1910 flagravit.
1038 1876 1080 1901 28.
1094 1875 1148 1901 Nec
1159 1882 1221 1900 vero
1228 1874 1292 1900 haec
1303 1878 1347 1900 tua
1360 1874 1412 1900 vita
1424 1873 1545 1899 ducenda
1557 1877 1605 1904 est,
1614 1880 1683 1907 quae

885 1920 993 1947 corpore
1011 1916 1036 1938 et
1046 1911 1143 1947 spiritu
1157 1912 1317 1938 continetur.
1358 1910 1413 1941 11111,
1427 1910 1482 1941 illa,
1495 1911 1615 1945 inquam,
1629 1910 1683 1935 vita

885 1954 926 1976 est
940 1954 998 1981 tua.
1016 1958 1085 1985 quae
1101 1949 1203 1985 vigebit
1218 1949 1345 1976 memoria
1360 1947 1528 1975 saeculorum
1545 1948 1680 1974 omnium:

885 1996 965 2022 quam
978 1987 1118 2023 posteritas
1129 1986 1189 2018 alet,
1203 1994 1283 2021 quam
1292 1986 1348 2021 ipsa
1360 1986 1501 2012 aeternitas
1513 1989 1683 2020 sempertue-

886 2025 967 2051 bitur.
1009 2025 1076 2051 lluic
1096 2029 1124 2050 tu
1141 2024 1285 2055 inservias,
1304 2024 1367 2050 liuic
1383 2028 1407 2049 te
1422 2027 1551 2053 ostentes.
1565 2027 1680 2057 oportet:

884 2070 954 2097 quae
965 2062 1085 2097 quidem,
1098 2070 1167 2096 quae
1179 2061 1298 2092 miretur,
1312 2061 1364 2087 iam
1376 2060 1479 2095 pridem
1492 2060 1575 2086 multa
1588 2059 1680 2086 habet:

885 2108 957 2126 nunc
976 2100 1069 2130 etiam,
1091 2107 1160 2134 quae
1181 2098 1283 2129 laudet,
1301 2102 1446 2133 exspectat.
1487 2097 1683 2132 obstupescent

885 2137 982 2172 posteri
998 2141 1068 2163 certe
1079 2136 1199 2171 imperia,
1214 2136 1374 2171 provincias,
1387 2135 1520 2165 Rhenum,
1534 2134 1679 2163 Oceanum,

885 2174 990 2205 Nilum,
1009 2182 1113 2209 pugnas
1130 2172 1349 2202 innumerabiles,
1363 2171 1534 2198 incredibiles
1547 2172 1680 2199 victorias.

885 2215 1056 2238 monumenta
1073 2211 1226 2241 innumera,
1241 2209 1392 2244 triumphos
1406 2209 1544 2235 audientes
1556 2213 1580 2234 et
1593 2208 1682 2243 legen-

885 2253 923 2274 tes
940 2253 1009 2275 tuos.
1041 2249 1084 2274 29.
1102 2247 1167 2279 Sed,
1186 2248 1237 2273 nisi
1250 2247 1314 2273 haec
1326 2246 1389 2273 urbs
1401 2246 1517 2272 stabilita
1529 2247 1582 2272 tuis
1593 2245 1682 2271 consi-

886 2286 929 2312 liis
950 2289 975 2311 et
995 2285 1126 2311 institutis
1145 2284 1207 2314 erit.
1231 2284 1372 2320 vagabitur
1391 2283 1470 2310 modo
1490 2292 1586 2309 nomen
1603 2287 1680 2308 tuum

886 2323 962 2358 longe
978 2327 1057 2357 atque
1076 2321 1140 2348 late:
1163 2321 1254 2347 sedem
1271 2320 1381 2356 quidem
1398 2320 1521 2346 stabilem
1534 2325 1557 2345 et
1569 2319 1682 2345 domici-

886 2359 951 2386 lium
967 2364 1069 2386 certum
1086 2368 1137 2385 non
1153 2358 1270 2384 babebit.
1311 2358 1368 2383 Erit
1383 2358 1451 2383 inter
1466 2365 1511 2383 eos
1527 2357 1620 2386 etiam,
1633 2356 1680 2391 qui

885 2401 1036 2427 nascentur,
1050 2397 1119 2422 sieut
1131 2397 1199 2422 inter
1211 2404 1257 2421 nos
1267 2394 1325 2425 ruit.
1335 2403 1431 2430 magna
1441 2394 1583 2422 dissensio,
1593 2401 1680 2428 quum

884 2435 929 2460 11111
952 2433 1078 2460 laudibus
1093 2433 1125 2459 1111
1140 2432 1244 2459 eaelum
1261 2441 1302 2458 res
1318 2436 1377 2458 tuns
1392 2436 1480 2467 gestas
1497 2431 1617 2461 efferent,
1635 2430 1680 2456 11111

885 2471 994 2498 sortasse
1010 2470 1112 2506 aliquid
1130 2470 1278 2505 requirent,
1296 2468 1377 2504 idque
1394 2468 1434 2495 vel
1451 2469 1613 2499 maximum,
1628 2468 1679 2494 nisi

884 2508 946 2535 belli
967 2508 1055 2535 civilis
1073 2507 1226 2534 incendium
1241 2506 1328 2533 salute
1344 2507 1443 2541 patriae
1459 2506 1627 2533 res-unxeris:
1651 2510 1680 2531 ut

883 2545 952 2572 illud
973 2545 1018 2572 11111
1035 2545 1118 2572 fuisso
1134 2545 1269 2575 videntur.
1288 2543 1337 2570 boc
1353 2543 1467 2570 consilii.
1508 2542 1583 2569 Servi
1596 2541 1680 2577 igitur

882 2584 916 2609 iis
931 2583 1009 2610 etiam
1026 2582 1175 2613 iudicibus,
1193 2582 1240 2617 qui
1256 2580 1348 2607 multis
1365 2586 1423 2615 post
1434 2580 1549 2607 saeculis
1560 2580 1592 2606 de
1603 2584 1626 2606 te
1637 2580 1679 2606 iu-

882 2620 1018 2651 dicabunt.
1032 2625 1057 2647 et
1070 2619 1180 2655 quidem
1193 2619 1263 2645 11111111
1275 2618 1338 2648 scio.
1351 2627 1383 2645 1111
1394 2618 1584 2653 incorruptius,
1596 2625 1678 2652 quam

883 2667 939 2684 nos.
978 2658 1045 2684 Nam
1061 2662 1087 2684 et
1100 2658 1158 2684 sino
1173 2665 1261 2683 auioro
1277 2660 1301 2682 et
1312 2656 1369 2682 sine
1379 2655 1534 2691 cupiditate.
1548 2659 1573 2681 et
1585 2662 1678 2681 rursus

860 2701 864 2721 ’1
882 2696 941 2721 siue
963 2695 1025 2722 odio
1044 2700 1070 2722 et
1089 2696 1147 2722 sine
1163 2694 1263 2721 invidia
1280 2692 1446 2720 iudicabunt.
1478 2694 1520 2719 30.
1541 2691 1569 2719 ld
1589 2696 1678 2719 autem
