1941 3052
560 132 857 160 PHILIPPICA
889 133 931 160 IV.
972 133 1208 161 CAP.l-5.
1663 140 1706 164 62¹

71 203 214 231 Brundisio
225 204 261 230 M.
272 203 380 230 Antonii
390 203 507 231 reditum
518 204 675 231 timeremus
683 225 689 236 ,
711 204 761 231 hoc
775 204 866 239 inspe-

72 246 159 269 ratum
169 241 295 268 omnibus
306 241 463 273 consilium,
480 242 646 278 incognitum
657 246 739 273 certe,
756 242 864 276 ceperit,

72 284 102 306 ut
112 279 258 306 exercitum
271 279 402 305 invictum
413 288 447 306 ex
457 280 574 314 paternis
585 279 718 305 militibus
729 279 867 305 conficeret

71 317 234 351 Antoniique
245 316 370 347 furorem,
379 316 574 343 crudelissimis
585 316 705 343 consiliis
716 317 864 347 incitatum,

72 363 87 381 a
97 354 214 389 pernicie
227 353 390 389 reipublicae
401 359 538 380 averteret.
567 355 598 380 II.
616 355 638 380 4.
655 354 721 386 Quis
733 358 773 380 est
784 355 864 384 enim,

71 392 119 427 qui
130 391 180 418 hoc
191 399 243 417 non
254 391 399 427 intelligat,
421 392 474 418 nisi
485 392 580 418 Caesar
591 393 736 418 exercitum
747 392 868 426 paravis-

72 433 124 459 set,
146 437 198 455 non
215 429 273 455 sine
292 429 374 455 exitio
389 433 478 455 nostro
494 429 614 456 futurum
631 429 738 456 Antonii
752 428 866 455 reditum

72 465 176 492 fuisse?
202 466 239 492 lta
263 467 335 492 enim
361 475 390 492 se
413 467 558 502 recipiebat
577 466 672 493 ardens
693 466 754 493 odio
774 466 864 497 vestri,

72 507 199 530 cruentus
211 504 341 539 sanguine
352 505 466 535 civium,
479 513 548 539 quos
560 503 687 534 Suessae,
703 512 771 539 quos
782 504 868 529 Brun-

71 540 135 567 disii
151 540 294 572 occiderat,
317 545 347 568 ut
359 541 441 573 nihil,
459 542 511 568 nisi
527 541 560 568 de
574 541 736 576 reipublicae
750 541 867 575 pernicie

72 579 208 614 cogitaret.
248 578 325 611 Quod
336 583 423 605 autem
438 579 602 614 praesidium
614 583 668 605 erat
680 578 774 604 salutis
787 578 867 604 liber-

73 616 189 651 tatisque
205 620 320 647 vestrae,
338 617 361 642 si
374 616 400 642 C.
413 616 532 643 Caesaris
548 616 755 642 fortissimorum
767 616 809 641 sui
821 624 869 650 pa·-

72 653 120 679 tris
136 652 253 679 militum
268 654 400 680 exercitus
412 662 463 680 non
476 653 589 680 fuisset?
608 654 685 679 cuius
697 653 729 679 de
741 652 867 679 laudibus

72 694 98 717 et
108 691 268 722 honoribus,
281 691 329 725 qui
340 691 362 717 ei
375 699 422 725 pro
432 691 532 717 divinis
543 695 569 717 et
579 690 776 717 immortalibus
788 691 868 716 meri-

72 728 107 754 tis
122 727 207 754 divini
222 728 439 763 immortalesque
455 727 600 759 debentur,
622 728 689 754 mihi
705 732 814 754 senatus
825 736 868 753 as-

73 773 169 792 sensus
180 765 270 800 paullo
280 770 340 791 ante
351 765 477 796 decrevit,
494 770 524 792 ut
534 766 621 800 primo
631 773 738 800 quoque
750 770 867 800 tempore

72 802 223 829 referretur.
263 804 289 829 5.
310 802 368 835 Quo
382 803 500 833 decreto,
517 803 580 837 quis
591 811 643 828 non
654 803 795 837 perspicit,
813 802 868 828 An-

72 841 175 866 tonium
186 839 290 866 hostem
300 848 358 866 esse
368 839 535 866 iudicatum?
554 839 638 872 Quem
651 841 722 866 enim
734 839 867 874 appellare

71 885 217 912 possumus
228 876 299 908 eum,
314 881 403 904 contra
414 886 495 912 quem
506 877 553 912 qui
564 877 697 904 exercitus
708 877 820 908 ducunt,
834 877 867 903 iis

71 919 180 940 senatus
201 914 343 941 arbitratur
362 914 512 950 singulares
533 914 713 949 exquirendos
736 914 868 941 honores‘?

71 950 161 983 Quid?
176 951 244 988 legio
255 952 360 983 Martia,
373 961 442 987 quae
453 952 521 978 mibi
532 952 639 978 videtur
650 952 781 978 divinitus
793 952 825 978 ab
837 960 867 978 eo

71 988 121 1015 deo
135 990 248 1015 traxisse
263 998 373 1021 nomen,
394 998 407 1015 a
418 998 472 1024 quo
484 989 614 1024 populum
627 990 775 1016 Romanum
787 998 869 1025 gene-

70 1030 158 1053 ratum
169 1026 335 1061 accepimus,
353 1036 405 1054 non
416 1028 474 1062 ipsa
485 1028 543 1053 suis
554 1027 666 1053 decretis
678 1027 767 1061 prius,
785 1036 867 1062 quam

71 1068 189 1095 senatus,
203 1064 306 1090 hostem
317 1064 446 1091 iudicavit
455 1063 620 1091 Antonium?
634 1065 710 1096 Nam,
723 1065 746 1090 si
757 1064 803 1090 ille
815 1073 867 1091 non

70 1100 169 1132 hostis,
190 1101 237 1136 qui
251 1102 390 1128 consulem
405 1101 584 1137 reliquerunt,
606 1101 696 1128 hostes
708 1110 817 1128 necesse
828 1106 868 1128 est

70 1138 232 1165 iudicemus.
271 1139 407 1166 Praeclare
417 1144 442 1166 et
455 1139 519 1171 loco,
533 1139 663 1172 Quirites,
681 1139 867 1166 reclamatione

70 1180 159 1203 vestra
178 1176 278 1203 factum
299 1177 512 1212 pulcherrimum
528 1177 690 1203 Martialium
711 1176 868 1212 comproba-

71 1214 135 1240 stis:
157 1214 206 1249 qui
225 1223 254 1240 se
273 1214 306 1241 ad
327 1219 435 1241 senatus
451 1215 646 1245 auctoritatem,
668 1214 701 1241 ad
719 1214 866 1241 libertatem

70 1255 200 1282 vestram,
227 1251 260 1278 ad
285 1253 439 1278 universam
463 1252 658 1287 rempublicam
682 1252 864 1278 contulerunt:

70 1288 175 1315 hostem
195 1288 273 1315 illum
289 1294 314 1316 et
330 1289 457 1316 latronem
473 1294 498 1316 et
513 1289 671 1324 parricidam
691 1290 789 1324 patriae
804 1289 868 1315 reli—

71 1330 197 1361 querunt.
238 1328 262 1352 6.
284 1327 338 1353 Nec
357 1327 445 1353 solum
465 1327 492 1353 id
508 1328 627 1354 animose
643 1331 668 1353 et
683 1326 797 1358 sortiter,
819 1326 866 1353 sed

71 1363 234 1390 considerate
245 1364 337 1396 etiam,
353 1365 540 1399 sapienterque
552 1364 680 1391 fecerunt.
711 1364 793 1391 Albae
804 1373 868 1391 con—

71 1401 209 1432 stiterunt,
228 1401 254 1428 in
267 1401 332 1428 urbe
343 1406 500 1436 opportuna,
514 1403 627 1434 munita,
640 1402 800 1437 propinqua,
814 1401 868 1428 sor-

71 1438 237 1465 tissimorum
261 1439 393 1470 virorum,
421 1439 639 1466 fidelissimorum
663 1440 765 1466 civium
787 1444 866 1474 atque

71 1476 244 1510 optimorum.
275 1476 361 1503 Huius
372 1477 479 1503 Martiae
492 1476 604 1513 legionis
617 1477 686 1513 legio
696 1476 793 1509 Quarta
805 1478 868 1503 imi-

71 1516 123 1539 tata
134 1514 274 1545 virtutem,
296 1513 364 1540 duce
375 1514 405 1540 L.
418 1514 584 1550 Egnatuleio=
597 1523 679 1550 quem
691 1519 800 1541 senatus
812 1523 868 1540 me—

71 1550 122 1577 rito
137 1550 229 1585 paullo
243 1555 303 1578 ante
318 1551 449 1584 laudavit,
467 1551 496 1579 C.
509 1551 630 1579 Caesaris
645 1553 792 1579 exercitum
807 1561 868 1587 per-

71 1592 161 1614 secuta
172 1592 220 1614 est.

126 1626 169 1652 111.
191 1625 264 1658 Quae
275 1630 426 1661 exspectas,
443 1626 479 1652 M.
492 1625 602 1658 Antoni,
620 1626 719 1653 iudicia
729 1625 869 1662 graviora?

71 1661 166 1690 Caesar
177 1662 260 1690 fertur
270 1663 297 1690 in
308 1663 421 1695 eaelum,
442 1664 489 1698 qui
501 1668 590 1690 contra
602 1668 627 1690 te
638 1664 785 1691 exercitum
795 1672 868 1690 com-

70 1701 184 1735 paravit.
224 1700 378 1727 Laudantur
393 1701 615 1736 exquisitissimis
630 1701 865 1737 verbis-legiones,

71 1746 139 1773 quae
155 1742 180 1764 te
194 1738 373 1773 reliquerunt,
395 1747 463 1773 quae
479 1748 492 1765 a
509 1743 533 1765 te
549 1739 689 1766 arcessitae
703 1744 780 1770 sunt,
798 1748 868 1774 quae

71 1779 169 1806 essent,
186 1776 210 1802 si
221 1780 246 1802 te
256 1775 393 1802 consulem
404 1784 485 1811 quam
497 1776 600 1803 hostem
612 1776 781 1808 maluissent,
795 1782 866 1805 tuae.

72 1811 191 1845 Quarum
207 1812 343 1849 legionum
359 1813 535 1840 fortissimum
552 1814 780 1849 verissimumque
795 1815 868 1842 iudi-

72 1850 145 1877 cium
160 1850 297 1877 confirmat
311 1855 434 1882 senatus,
456 1851 610 1886 comprobat
624 1853 769 1879 universus
781 1861 868 1888 popu-

71 1886 115 1914 lus
124 1887 260 1914 Romanus
269 1909 275 1919 ,
288 1888 341 1914 nisi
353 1887 418 1914 forte
430 1897 490 1920 vos,
503 1889 635 1921 Quirites,
648 1889 801 1922 consulem,
816 1899 867 1917 non

71 1923 185 1956 hostem,
198 1925 322 1952 iudicatis
335 1924 491 1952 Antonium.
531 1927 556 1952 7.
579 1926 623 1953 Sic
634 1927 788 1958 arbitrabar,
802 1928 869 1960 Qui-

71 1962 149 1993 rites,
166 1970 214 1988 vos
225 1962 355 1994 iudicare,
377 1967 407 1989 ut
417 1963 567 1990 ostenditis.
606 1963 696 1996 Quid?
710 1965 866 2000 municipia,

71 1998 202 2031 colonias,
225 1999 403 2034 praefecturas
419 2009 484 2026 num
500 2000 576 2027 aliter
597 2001 714 2028 iudicare
734 2003 868 2029 censetis‘?

72 2035 172 2063 Omnes
187 2036 312 2063 mortales
327 2046 380 2063 una
391 2042 479 2063 mente
490 2038 672 2065 consentiunt:
695 2040 783 2066 omnia
796 2049 867 2067 arma

71 2081 174 2105 eorum,
186 2074 234 2109 qui
246 2074 310 2100 haec
321 2073 394 2100 salva
406 2074 498 2105 velint,
510 2080 599 2101 contra
610 2075 683 2102 illam
696 2081 798 2111 pestem
809 2086 868 2104 esse

71 2111 209 2146 capienda.
249 2110 338 2144 Quid‘?
353 2112 382 2137 D.
400 2112 473 2138 Bruti
485 2112 630 2143 iudicium,
647 2113 778 2145 Quirites,
795 2115 868 2149 quod

71 2156 106 2175 ex
121 2148 249 2175 hodierno
263 2149 321 2175 eius
335 2148 421 2175 edicto
432 2150 581 2184 perspicere
591 2151 728 2185 potuistis,
747 2160 811 2178 num
823 2153 867 2179 cui

70 2186 179 2213 tandem
194 2186 418 2213 contemnendum
435 2186 559 2213 videtur?
578 2187 657 2215 Recte
674 2193 700 2215 et
716 2197 776 2215 vere
788 2198 869 2225 nega-

71 2223 120 2255 tis,
140 2223 267 2256 Quirites.
307 2223 355 2250 Est
370 2224 441 2250 enim
456 2225 533 2259 quasi
549 2224 660 2252 deorum
676 2226 867 2254 immortalium

71 2259 201 2288 beneficio
214 2265 239 2287 et
254 2269 364 2287 munere
379 2261 471 2287 datum
488 2262 650 2296 reipublicae
666 2263 806 2291 Brutorum
822 2274 869 2300 ge-

71 2306 124 2325 nus
140 2303 165 2325 et
181 2307 290 2329 nomen,
313 2298 346 2325 ad
362 2298 509 2325 libertatem
526 2299 618 2334 populi
631 2300 740 2327 Romani
752 2302 793 2328 vel
806 2311 869 2328 eon-

72 2335 234 2363 stituendam
245 2335 287 2363 vel
299 2335 517 2371 recuperandam.
544 2338 569 2363 8.
585 2336 655 2369 Quid
668 2338 749 2373 igitur
759 2339 789 2365 D.
803 2340 869 2366 Bru-

72 2376 116 2400 tus
140 2373 174 2400 de
198 2374 234 2400 M.
259 2373 374 2400 Antonio
394 2373 541 2399 iudicavit‘?
569 2374 696 2401 Excludit
715 2377 866 2410 provincia:

73 2411 190 2437 exercitu
206 2411 325 2438 obsistit:
348 2410 461 2438 Galliam
479 2415 558 2437 totam
576 2411 695 2438 hortatur
710 2413 742 2439 ad
755 2413 866 2445 bellum,

71 2446 159 2482 ipsam
173 2456 222 2474 sua
237 2452 332 2483 sponte
347 2456 449 2483 suoque
465 2448 564 2475 iudicio
575 2449 724 2476 excitatam.
766 2451 794 2477 Si
806 2460 869 2478 con—

73 2484 116 2512 sul
127 2485 268 2517 Antonius,
281 2486 379 2513 Brutus
391 2486 484 2512 hostis.
519 2486 548 2512 Si
559 2492 727 2513 conservator
738 2488 869 2523 reipubli—

73 2529 119 2548 cae
137 2522 248 2554 Brutus,
276 2523 361 2550 hostis
384 2522 526 2550 Antonius.
566 2523 637 2550 Num
658 2525 754 2559 igitur,
777 2530 867 2552 utrum

73 2557 169 2586 horum
180 2561 224 2592 sit,
237 2559 359 2587 dubitare
371 2560 535 2595 possumus?
564 2561 606 2587 lv.
619 2561 705 2596 Atque
717 2566 745 2588 ut
757 2571 804 2589 vos
816 2572 868 2590 unu

74 2601 162 2623 mente
172 2605 279 2633 unaque
290 2606 353 2625 voce
363 2598 486 2624 dubitare
498 2607 544 2624 vos
557 2599 666 2634 negatis,
683 2599 722 2625 sic
734 2600 812 2627 modo
822 2600 869 2627 de—

74 2633 158 2660 crevit
167 2639 283 2667 senatus,
296 2635 444 2662 D.Brutum
456 2635 555 2670 optime
567 2635 600 2662 do
611 2636 747 2670 republica
762 2639 866 2670 mereri,

74 2677 161 2706 quum
171 2675 279 2699 senatus
289 2673 469 2700 auctoritatem
481 2672 629 2709 populique
638 2674 749 2701 Romani
761 2674 869 2703 liberta-

918 208 971 230 tem
992 205 1190 240 imperiumque
1215 204 1377 232 defenderet.
1416 206 1438 233 A
1461 215 1515 241 quo
1543 207 1714 235 defenderet?

918 250 1014 277 nempe
1026 242 1058 268 ab
1070 243 1154 269 hoste.
1194 242 1267 275 Quae
1284 248 1323 270 est
1334 244 1405 270 enim
1416 243 1466 270 alia
1479 244 1610 271 laudanda
1621 245 1713 272 defen-

918 279 976 306 sio‘?
995 281 1020 305 9.
1037 280 1166 315 Deinceps
1183 279 1305 307 laudatur
1320 281 1455 316 provincia
1467 281 1553 308 Gallia
1565 283 1713 317 meritoque

918 321 1026 343 ornatur
1042 317 1131 344 verbis
1146 318 1322 352 amplissimis
1338 318 1370 344 ab
1386 323 1493 350 senatu,
1516 319 1588 354 quod
1609 321 1714 347 resistat

918 354 1042 381 Antonio.
1082 353 1167 387 Quem
1188 356 1211 381 si
1231 355 1368 382 consulem
1388 356 1433 382 illa
1454 357 1589 390 provincia
1608 362 1714 392 putaret

920 400 1006 426 neque
1022 400 1084 418 eum
1099 393 1240 427 reciperet:
1264 402 1360 428 magno
1380 393 1479 419 scelere
1497 402 1526 420 se
1545 395 1712 430 astringeret.

919 428 1018 455 Omnes
1038 430 1110 455 enim
1125 430 1153 456 in
1168 430 1287 456 consulis
1302 431 1360 456 iure
1376 435 1400 456 et
1416 431 1529 466 imperio
1544 431 1641 458 debent
1656 440 1715 458 esse

919 467 1081 500 provinciae.
1121 467 1205 503 Negat
1220 467 1269 493 hoc
1286 468 1314 493 D.
1331 468 1429 494 Brutus
1444 469 1599 503 imperator,
1619 469 1713 496 consul

919 503 1089 539 designatus,
1103 509 1181 530 natus
1193 505 1355 539 reipublicae
1366 506 1448 532 civis:
1466 510 1544 541 negat
1555 506 1654 537 Gallia,
1668 515 1715 533 ne-

918 545 963 575 gat
976 546 1071 567 cuncta
1086 541 1172 572 Italia,
1196 547 1274 577 negat
1290 547 1412 574 senatus,
1435 544 1538 579 negatis
1550 552 1607 570 vos.
1647 543 1714 576 Quis

919 578 1001 613 igitur
1013 578 1089 604 illum
1101 578 1251 609 consulem,
1270 580 1322 605 nisi
1336 580 1463 611 latrones,
1481 581 1593 615 putant?
1615 581 1716 614 Quam·

918 624 999 650 quam
1012 624 1043 641 ne
1055 616 1073 642 ii
1084 616 1193 650 quidem
1205 617 1271 651 ipsi,
1285 617 1357 651 quod
1369 617 1528 652 loquuntur,
1541 618 1569 644 id
1580 620 1712 645 sentiunt:

919 661 967 678 nec
978 661 991 678 a
1003 653 1102 679 iudicio
1113 656 1233 679 omnium
1246 654 1410 686 mortalium,
1434 656 1559 690 quamvis
1575 657 1652 691 impii
1669 665 1715 682 ne-

919 689 1033 724 fariique
1045 691 1107 721 sint,
1121 691 1190 717 sicut
1204 696 1275 722 sunt,
1289 691 1431 718 dissentire
1442 698 1565 727 possunt.
1588 693 1641 719 Sed
1653 702 1714 728 spes

919 727 1040 762 rapiendi
1061 732 1140 762 atque
1166 728 1311 762 praedandi
1335 734 1454 755 occaecat
1479 731 1581 756 animos
1606 739 1712 757 eorum:

918 773 987 799 quos
1003 773 1055 791 non
1072 765 1202 791 bonorum
1218 765 1336 796 donatio,
1360 775 1412 792 non
1424 775 1547 801 agrorum
1559 769 1712 804 assignatio,

919 810 971 828 non
987 801 1033 828 illa
1048 802 1151 828 infinita
1167 802 1241 829 basta
1258 803 1377 829 satiavit:
1400 805 1446 838 qui
1465 804 1517 830 sibi
1533 804 1644 836 Urbem,
1666 806 1714 840 qui

919 839 987 865 bona
1008 844 1033 865 et
1053 839 1172 866 fortunas
1192 840 1293 866 civium
1314 840 1347 866 ad
1362 841 1486 875 praedam
1505 843 1713 877 proposuerunt!

918 877 980 911 qui,
1003 876 1068 903 dum
1080 877 1123 903 hic
1135 878 1253 912 sitquod
1265 878 1380 912 rapiant,
1405 879 1476 913 quod
1492 879 1624 911 auferant,
1648 879 1714 906 nibil

919 913 970 939 sibi
982 913 1138 940 defuturum
1150 915 1324 941 arbitrantur:
1362 917 1401 941 40.
1423 916 1523 951 quibus
1536 917 1571 943 M.
1584 918 1715 943 Antonius

918 951 943 987 (o
954 951 991 977 dii
1003 952 1175 983 immortales,
1189 953 1298 979 avertite
1310 957 1335 979 et
1346 953 1529 985 detestamini,
1545 963 1653 989 quaeso,
1667 955 1716 981 hoc

918 997 996 1015 omen
1006 989 1023 1025 1)
1039 989 1136 1015 Urbem
1148 998 1177 1015 se
1188 989 1341 1017 divisurum
1353 999 1411 1017 esse
1423 992 1554 1026 promisit.
1595 993 1631 1018 Ita
1643 1000 1713 1023 vero,

919 1025 1046 1058 Quirites,
1061 1031 1089 1053 ut
1100 1028 1255 1062 precamini,
1269 1029 1386 1058 eveniat,
1401 1033 1479 1063 atque
1491 1029 1573 1055 huius
1585 1030 1716 1055 amentiae

918 1072 1003 1099 poena
1014 1064 1042 1090 in
1053 1065 1144 1099 ipsum
1155 1064 1339 1100 familiamque
1350 1066 1408 1091 eius
1419 1066 1526 1097 recidat,
1544 1067 1616 1102 quod
1627 1067 1661 1093 ita
1675 1066 1717 1093 fu-

919 1106 1010 1128 turum
1025 1110 1084 1128 esse
1100 1102 1213 1129 confido.
1253 1103 1307 1129 Iam
1323 1103 1394 1129 enim
1411 1112 1462 1130 non
1478 1104 1566 1130 solum
1582 1104 1714 1135 homines,

918 1139 966 1166 sed
986 1140 1065 1166 etiam
1085 1139 1148 1166 deos
1169 1140 1331 1167 immortales
1350 1140 1382 1166 ad
1399 1141 1593 1176 rempublicam
1609 1150 1717 1168 conser-

918 1177 1033 1203 vandam
1045 1177 1157 1203 arbitror
1168 1178 1344 1204 consensisse.
1380 1178 1441 1205 Sive
1453 1180 1524 1205 enim
1536 1179 1666 1214 prodigiis
1678 1184 1717 1206 at-

918 1223 971 1249 que
987 1215 1117 1249 portentis
1128 1215 1167 1241 dii
1178 1215 1341 1242 immortales
1353 1216 1430 1242 nobis
1442 1215 1531 1243 futura
1545 1217 1714 1252 praedicunt,

918 1253 954 1278 ita
965 1257 1029 1279 sunt
1039 1257 1128 1287 aperte
1138 1252 1307 1284 denuntiata,
1321 1258 1350 1279 ut
1361 1258 1386 1280 et
1396 1253 1436 1280 illi
1448 1263 1545 1288 poena,
1559 1259 1584 1281 et
1595 1254 1671 1281 nobis
1684 1254 1717 1281 li-

918 1289 1006 1316 bertas
1022 1290 1232 1325 appropinquet:
1254 1291 1311 1317 sive
1328 1295 1416 1317 tantus
1432 1300 1580 1318 consensus
1595 1293 1716 1318 omnium

918 1327 976 1354 sine
987 1327 1109 1362 impulsu
1120 1327 1231 1354 deorum
1243 1337 1301 1354 esse
1313 1337 1364 1355 non
1378 1329 1475 1363 potuit·⁷
1497 1329 1562 1364 quid
1575 1334 1627 1360 est,
1644 1329 1716 1364 quod

918 1364 952 1391 de
962 1364 1098 1391 voluntate
1107 1365 1262 1391 caelestium
1273 1365 1395 1392 dubitare
1407 1366 1562 1401 possimus?

973 1402 1004 1428 V.
1029 1404 1068 1428 Η.
1085 1402 1229 1437 Reliquum
1242 1407 1294 1433 est,
1308 1402 1438 1435 Quirites.
1457 1408 1486 1430 ut
1498 1413 1544 1430 vos
1556 1404 1583 1430 in
1594 1404 1643 1430 ista
1655 1411 1717 1430 sen-

918 1440 1013 1471 tentia,
1026 1448 1107 1475 quam
1120 1449 1181 1474 prae
1193 1440 1269 1466 vobis
1281 1440 1367 1471 fertis,
1385 1442 1570 1475 perseveretis.
1611 1442 1716 1467 Faciam

918 1477 1014 1513 igitur,
1038 1482 1067 1504 ut
1082 1478 1255 1512 imperatores
1271 1478 1399 1504 instructa
1420 1479 1475 1504 acie
1496 1478 1595 1505 solent:
1620 1487 1717 1513 quam-

918 1523 999 1549 quam
1012 1516 1194 1549 paratissimos
1206 1515 1305 1541 milites
1317 1515 1350 1541 ad
1362 1515 1545 1550 praeliandum
1558 1515 1673 1546 videant,
1688 1520 1718 1542 ut

919 1560 963 1578 eos
984 1557 1070 1578 tamen
1087 1552 1272 1579 adhortentur:
1296 1554 1334 1579 sic
1350 1561 1399 1588 ego
1415 1562 1462 1579 vos
1481 1553 1602 1579 ardentes
1617 1558 1642 1579 et
1660 1561 1717 1579 cre-

918 1594 973 1616 ctos
996 1589 1028 1615 ad
1050 1589 1197 1616 libertatem
1219 1590 1427 1624 recuperandam
1453 1590 1617 1617 cohortabor.
1659 1591 1716 1617 Non

919 1631 971 1658 est,
990 1636 1042 1653 non
1058 1632 1098 1653 est
1114 1627 1203 1659 vobis,
1221 1627 1352 1660 Quirites,
1369 1636 1431 1654 cum
1444 1636 1474 1654 eo
1485 1628 1559 1654 hoste
1571 1632 1714 1659 certamen,

918 1673 1036 1699 quocum
1062 1664 1151 1700 aliqua
1173 1666 1246 1700 pacis
1267 1665 1384 1691 conditio
1405 1674 1463 1691 esse
1484 1666 1577 1700 possit.
1624 1666 1717 1700 Neque

919 1703 990 1728 enim
1002 1702 1046 1728 ille
1058 1703 1214 1729 servitutem
1228 1708 1356 1733 vestram,
1373 1707 1401 1729 ut
1412 1708 1496 1733 antea,
1511 1702 1557 1728 sed
1570 1703 1621 1729 iam
1633 1703 1717 1729 iratus

919 1740 1078 1775 sanguinem
1090 1741 1264 1775 concupiscit.
1305 1740 1402 1766 Nullus
1413 1741 1436 1766 ei
1450 1740 1530 1766 ludus
1542 1740 1647 1766 videtur
1658 1748 1717 1767 esse

919 1777 1070 1809 iucundior,
1086 1786 1167 1812 quam
1178 1786 1264 1809 cruor,
1278 1786 1359 1813 quam
1372 1777 1475 1809 caedes,
1489 1786 1570 1812 quam
1584 1782 1642 1804 ame
1654 1786 1718 1804 oeu-

920 1814 958 1841 los
975 1815 1115 1841 trucidatio
1130 1816 1242 1842 civium.
1284 1817 1324 1842 ⁴9..
1347 1816 1405 1841 Non
1421 1820 1461 1841 est
1479 1816 1569 1846 vobis,
1588 1814 1714 1847 Quirites,

919 1861 960 1878 res
971 1861 1033 1878 cum
1045 1853 1172 1880 scelerato
1184 1853 1290 1879 homine
1304 1857 1384 1888 atque
1396 1852 1508 1883 nefario,
1530 1852 1578 1879 sed
1593 1861 1654 1879 cum
1666 1853 1718 1878 im-

920 1891 991 1916 mani
1003 1895 1138 1925 taetraque
1149 1890 1252 1917 bellua:
1274 1899 1343 1925 quae
1356 1891 1483 1925 quoniam
1495 1891 1523 1916 in
1536 1889 1638 1916 foveam
1650 1890 1717 1916 inci-

919 1927 966 1958 dit.
979 1928 1117 1954 obruatur.
1159 1928 1186 1955 Si
1197 1929 1268 1954 enim
1283 1928 1358 1954 illinc
1369 1928 1519 1958 emerserit,
1538 1927 1640 1954 nullius
1652 1936 1718 1962 sup-

919 1964 992 2000 plicii
1008 1965 1151 1992 crudelitas
1163 1967 1212 1992 erit
1223 1965 1379 1992 recusanda.
1420 1965 1472 1991 Sed
1484 1970 1600 1996 tenetur,
1619 1966 1718 2000 premi-

920 2008 976 2035 tur,
991 2008 1100 2039 urgetur
1112 2012 1182 2030 nunc
1195 2004 1227 2030 iis
1239 2004 1336 2038 copiis,
1350 2012 1417 2038 quas
1429 2003 1481 2029 iam
1495 2003 1638 2029 habemus:
1656 2011 1717 2029 mox

920 2041 966 2072 iis,
989 2050 1056 2076 quas
1074 2042 1165 2076 paucis
1181 2041 1277 2067 (liebus
1295 2041 1355 2067 novi
1371 2040 1495 2066 eonsules
1515 2040 1715 2074 comparabunt.

920 2079 1069 2105 Incumbito
1081 2079 1108 2105 in
1119 2087 1252 2109 caussam,
1265 2078 1392 2110 Quirites,
1406 2082 1434 2104 ut
1446 2077 1542 2103 facitis.
1562 2078 1716 2112 Numquam

920 2117 1003 2143 maior
1015 2121 1102 2142 vester
1112 2125 1259 2142 consensus
1272 2116 1298 2142 in
1310 2115 1365 2142 ulla
1376 2124 1469 2141 caussa
1483 2114 1545 2141 suit:
1569 2124 1716 2150 mimquam

920 2157 972 2179 tam
990 2153 1161 2180 veliementer
1176 2162 1237 2179 cum
1254 2158 1347 2179 senatu
1363 2153 1506 2179 consociati
1524 2152 1622 2178 fuistis.
1665 2153 1717 2178 Nec-

920 2191 1031 2217 mirum.
1071 2191 1167 2226 Agitur
1182 2191 1267 2221 enim,
1285 2199 1351 2217 non.
1373 2199 1425 2224 qua
1441 2189 1591 2215 conditione
1609 2189 1714 2217 victuri.

920 2227 980 2258 sed,
995 2228 1127 2254 victurine
1138 2228 1239 2259 simus,
1253 2237 1285 2253 an
1297 2236 1358 2254 eum
1371 2227 1505 2261 supplicio
1517 2227 1716 2261 ignominiaque

921 2265 1041 2299 perituri.
1086 2267 1124 2291 ⁴3.
1145 2264 1314 2299 Quamquam
1331 2269 1441 2290 mortem
1463 2264 1572 2298 quidem
1591 2264 1716 2289 omnibus

921 2306 1012 2328 natura
1026 2302 1176 2337 proposuit:
1199 2302 1382 2328 crudelitatem
1395 2303 1487 2327 mortis
1499 2306 1523 2327 et
1534 2301 1650 2326 dedecus
1664 2301 1718 2326 vir-

921 2344 964 2366 tus
977 2339 1132 2374 propulsare
1143 2339 1223 2370 solet:
1241 2348 1309 2374 quae
1322 2339 1426 2373 propria
1439 2343 1478 2364 est
1490 2339 1598 2364 Romani
1610 2338 1716 2373 generis

921 2382 945 2403 et
961 2377 1082 2403 seminis.
1122 2377 1194 2402 llunc
1210 2377 1334 2406 retinete,
1357 2384 1470 2411 quaeso,
1487 2375 1617 2407 Quirites,
1634 2384 1715 2409 quam

921 2414 997 2440 vobis
1019 2419 1153 2449 tamquam
1175 2414 1348 2440 hereditatem
1369 2413 1481 2439 {naiores
1504 2413 1583 2438 vestri
1600 2412 1716 2447 relique-

921 2456 991 2477 runt.
1032 2451 1201 2486 Quamquam
1223 2451 1272 2477 alia
1287 2451 1375 2477 omnia
1393 2451 1490 2476 ineerta
1506 2454 1582 2480 sunt,
1605 2449 1713 2480 caduca.

921 2488 1042 2515 mobilia:
1067 2489 1152 2515 virtus
1168 2493 1207 2515 est
1229 2498 1280 2514 una
1301 2488 1440 2514 altissimis
1461 2487 1547 2513 delixa
1564 2487 1713 2513 radicibus:

920 2535 988 2561 quae
1001 2535 1149 2561 numquam
1166 2526 1219 2552 ulla
1236 2527 1261 2552 vi
1279 2525 1428 2551 labefactari
1446 2529 1544 2559 potest,
1568 2533 1714 2559 numquam

920 2564 1055 2590 demoveri
1073 2563 1137 2590 loco.
1179 2564 1231 2589 llac
1248 2564 1345 2589 virtute
1362 2563 1473 2588 uiaiores
1495 2563 1576 2588 vestri
1599 2563 1715 2596 prinium

920 2601 1074 2627 universam
1095 2601 1196 2627 ltaliam
1218 2601 1386 2630 devicerunt,
1409 2599 1505 2626 deinde
1527 2599 1714 2635 Karthaginem

920 2638 1099 2669 oxsciderunt,
1109 2639 1279 2665 Numantiam
1291 2642 1451 2667 everterunt,
1465 2637 1663 2672 potentissimos
1676 2645 1716 2662 re-

919 2684 967 2712 ges
975 2696 981 2708 ,
1004 2675 1224 2703 bellicosissimus
1234 2681 1328 2712 gentes
1339 2676 1366 2703 in
1377 2674 1504 2702 ditionem
1517 2674 1598 2701 huius
1610 2674 1714 2709 imperii
