1941 3052
378 148 563 175 ORATIO
596 149 639 175 Ill.

62 221 161 258 signis,
185 220 349 255 praetoribus
369 220 523 247 traduntur.
546 220 599 255 ipsi
619 219 806 255 comprehensi
826 218 881 247 ad
880 218 882 230 '

63 267 115 290 010,
128 266 213 293 quum
225 258 277 284 iam
289 257 478 289 dilucesceret
491 257 671 284 deducuntur.
712 258 800 292 Atque
812 257 860 283 ho-
880 274 882 289 ,

63 304 121 323 rum
143 296 264 322 omnium
285 294 416 321 scelerum
438 295 671 337 improbissimum
695 295 860 321 machinato-

62 342 132 364 rem,
155 333 294 360 Cimbrum
306 332 468 363 Gabinium,
490 333 580 359 statim
596 332 629 358 ad
644 340 700 363 me,
723 331 859 358 nihildum

63 371 255 406 suspicantem,
270 370 372 396 vocavi.
394 370 495 396 Deinde
506 370 569 396 item
581 370 726 396 arcessitur
735 370 765 396 P.
779 369 861 396 Stati-

64 408 116 435 lius
127 413 153 434 et
163 412 223 443 post
234 416 295 434 eum
307 407 336 434 C.
350 407 494 443 Cethegus.
517 407 680 433 Tardissime
691 411 779 433 autern
791 407 860 433 Len-

63 445 137 473 tulus
148 445 230 476 venit‚
244 445 323 472 eredo
333 445 406 480 quod
419 444 513 471 litteris
524 445 620 471 dandis
633 449 735 479 praeter
745 452 860 471 00115110-

62 483 184 510 tudinem
196 483 317 518 proxima
329 487 404 509 nocte
416 482 548 517 vigilarat.
571 483 596 508 7.
609 482 698 514 Quum
710 490 773 508 vero
783 490 860 508 sum-

63 521 114 548 mis
125 529 155 547 ac
166 520 325 547 clarissimis
337 520 419 546 huius
430 521 547 546 civitatis
559 520 634 550 viris,
647 519 704 554 qui,
719 519 809 545 audita
820 527 857 549 re,

62 558 216 593 frequentes
237 557 270 584 ad
290 566 333 584 me
353 566 431 584 mane
451 561 637 587 convenerant,
661 556 762 582 litteras
782 565 796 582 a
817 564 860 582 me

62 596 138 631 prius
149 596 260 630 aperiri,
274 604 356 630 quam
367 595 400 621 ad
412 599 534 621 senatum
547 594 658 625 deferri,
672 593 800 628 placeret
815 602 857 624 ne,

61 634 86 660 si
97 633 164 660 nihil
177 637 248 659 esset
258 633 412 664 inventum,
431 637 529 658 temere
544 641 558 658 a
570 640 612 658 me
624 635 713 658 tantus
725 630 859 657 tumultus

61 671 176 698 iniectus
187 670 288 697 civitati
300 670 449 696 videretur:
473 669 569 705 negavi
585 677 627 695 me
642 677 702 695 esse
714 668 857 699 facturum,

62 713 92 735 ut
111 708 144 734 de
165 707 284 743 periculo
304 707 413 742 publico
433 716 485 733 non
506 690 538 733 ad
559 706 702 733 consilium
718 705 858 740 publicum

62 754 118 772 rem
130 746 259 781 integram
271 744 412 771 deferrem.
435 745 549 775 Etenim,
563 743 689 776 Quirites,
703 744 725 769 si
738 752 776 775 ea,
790 751 859 778 quae

61 787 136 810 erant
147 783 179 809 ad
191 791 233 808 me
244 782 343 813 delata,
357 786 459 816 reperta
472 790 522 808 non
535 785 632 812 essent,
646 785 734 807 tamen
746 789 795 816 ego
806 789 859 807 non

61 820 210 847 arbitrabar
221 820 248 846 in
260 820 340 846 tantis
351 819 515 854 reipublicae
527 818 656 854 periculis
667 818 735 844 mihi
747 827 806 844 esse
817 818 859 844 ni-

62 859 143 884 miam
168 857 337 892 diligentiam
362 856 613 892 pertimescendam.
654 856 781 882 Senatum
807 855 860 881 110-

61 899 187 931 quentem
199 894 328 926 celeriter,
342 899 371 921 ut
382 894 498 925 vidistis,
511 894 596 929 coegi.
623 895 647 919 8.
660 894 748 928 Atque
759 894 859 919 interea

61 933 164 963 statim.
179 932 317 959 admonitu
329 931 517 967 Allobrogum,
532 932 560 958 C.
574 931 741 966 Sulpicium,
756 934 859 966 praeto—

61 978 130 1001 rem,
145 969 240 996 fortem
251 970 354 1001 virum,
371 969 447 1000 misi,
464 969 513 1004 qui
525 978 557 996 ex
568 969 681 995 aedibus
694 968 817 1003 Cethegi,
836 968 860 994 si

61 1007 128 1043 quid
139 1007 252 1034 telorum
264 1011 347 1039 esset,
362 1007 477 1033 efferret:
495 1016 528 1033 ex
539 1007 640 1042 quibus
652 1006 698 1032 ille
709 1006 858 1032 maximum

61 1046 176 1072 sicarum
190 1053 332 1071 numerum
345 1049 370 1070 et
380 1044 531 1080 gladiorum
543 1044 648 1071 extulit.
671 1044 711 1070 lv.
721 1043 859 1070 introduxi

61 1082 231 1110 Vulturcium
243 1083 302 1109 sine
314 1082 414 1109 Gallis:
437 1082 516 1108 fidem
533 1082 556 1108 ei
573 1081 709 1117 publicam
727 1082 860 1108 111551150-

61 1125 139 1147 natus
151 1120 228 1146 dedi:
242 1120 361 1146 hortatus
373 1128 443 1151 sum,
458 1124 487 1146 ut
498 1128 537 1150 ea,
550 1128 619 1155 quae
630 1120 719 1150 sciret,
733 1119 791 1145 sine
803 1127 860 1144 me-

61 1161 90 1185 tu
101 1157 239 1184 indicaret.
270 1158 338 1183 Tum
349 1157 404 1188 ille,
417 1166 504 1192 quum
516 1158 562 1184 vix
572 1166 601 1183 se
612 1165 645 1183 ex
658 1165 754 1192 magno
767 1157 859 1182 timore

61 1199 218 1226 recreasset,
240 1194 309 1221 dixit
325 1203 339 1221 a
350 1195 379 1221 P.
393 1194 507 1221 Lentulo
522 1203 551 1221 se
564 1195 661 1221 habere
672 1195 705 1221 ad
717 1194 859 1221 Catilinam

61 1232 185 1259 mandata
196 1237 221 1259 et
237 1232 350 1264 litteras,
369 1237 398 1259 ut
409 1241 547 1259 servorum
559 1232 693 1267 praesidio
705 1236 824 1258 uteretur
835 1235 860 1257 et

60 1270 94 1296 ad
105 1270 204 1297 Urbem
219 1279 300 1305 quam
313 1270 431 1305 primum
447 1279 509 1297 cuni
526 1271 644 1296 exercitu
661 1269 809 1296 accederet:
833 1268 860 1295 id

61 1312 150 1334 autem
162 1316 193 1334 eo
203 1307 323 1339 consilio,
338 1312 375 1339 ut,
389 1316 474 1342 quum
487 1308 584 1334 Urbem
596 1307 722 1334 omnibus
734 1316 767 1334 ex
778 1307 861 1342 parti—

60 1345 122 1376 bus,
135 1344 365 1380 quemadmodum
376 1345 540 1380 descriptum
552 1345 784 1380 distributumque
795 1349 858 1375 erat,

60 1382 257 1413 incendissent,
280 1382 443 1418 caedemque
459 1383 590 1409 infinitam
606 1383 707 1409 civium
724 1382 858 1413 fecissent,

61 1425 167 1455 praesto
177 1424 248 1446 esset
258 1419 312 1451 ille,
325 1420 374 1455 qui
385 1425 411 1446 01
422 1420 556 1456 fugientes
567 1421 708 1455 exciperet,
723 1425 748 1446 et
758 1429 787 1446 se
797 1428 860 1446 cum

60 1458 103 1484 1115
116 1457 227 1484 urbanis
239 1457 355 1484 ducibus
367 1458 550 1493 coniungeret.
576 1459 601 1484 9.
615 1458 759 1484 10110110οῑ1
771 1462 859 1484 autem

61 1494 131 1522 Galli
144 1495 332 1521 iusiurandum
344 1495 397 1521 51111
409 1500 434 1522 et
446 1495 545 1522 litteras
561 1504 574 1521 a
587 1495 713 1526 Lentulo,
732 1495 857 1530 Cethego.

60 1532 164 1559 Statilio
175 1532 207 1559 ad
218 1541 294 1558 suam
306 1537 412 1568 gentem
425 1533 499 1559 datas
511 1541 571 1559 esse
581 1533 720 1564 dixerunt,
735 1537 815 1568 atque
825 1533 860 1558 ita

59 1570 113 1596 sibi
125 1570 158 1596 ab
169 1570 212 1596 his
223 1574 272 1596 eta
285 1571 314 1596 L.
323 1570 416 1597 Cassio
426 1579 485 1597 esse
496 1571 701 1605 praescriptum,
716 1575 745 1596 ut
755 1570 860 1605 equita-

60 1611 117 1634 tum
130 1608 157 1634 in
169 1607 270 1634 Italiam
282 1616 363 1643 quam
376 1608 494 1643 primum
507 1609 656 1634 mitterent:
674 1607 810 1643 pedestres
822 1608 861 1633 si—

60 1644 88 1672 bi
99 1645 189 1680 copias
201 1653 253 1672 non
265 1644 418 1672 defuturas:
443 1645 586 1672 Lentulum
599 1650 687 1672 autem
699 1645 751 1671 sibi
763 1644 860 1671 contir—

59 1691 148 1709 masse
159 1691 193 1709 ex
205 1682 264 1709 satis
276 1682 418 1719 Sibyllinis
430 1683 660 1718 haruspicumque
673 1683 818 1718 responsis,
831 1691 859 1708 se

60 1728 119 1747 esse
130 1720 239 1747 tertium
250 1720 329 1746 illum
336 1720 499 1752 Cornelium,
513 1720 545 1747 ad
557 1729 638 1756 quem
651 1729 763 1757 regnum
777 1720 858 1746 buius

60 1757 135 1784 urbis
151 1762 231 1793 atque
245 1758 390 1793 imperium
407 1759 547 1793 pervenire
562 1763 633 1784 esset
649 1766 772 1785 necesse:
796 1758 860 1784 Cin-

61 1803 122 1822 nam
143 1799 203 1822 ante
223 1803 252 1822 se
267 1800 293 1822 et
307 1795 411 1822 Sullam
427 1795 525 1822 fuisse:
548 1796 730 1831 eumdemque
745 1796 856 1826 dixisse,

60 1831 167 1859 fatalem
179 1832 251 1859 hunc
262 1841 321 1859 esse
332 1841 433 1859 annum
445 1833 477 1859 ad
488 1833 626 1860 interitum
639 1833 721 1860 huius
732 1833 808 1860 urbis
819 1837 859 1859 at—

59 1877 113 1906 que
127 1870 248 1905 imperii,
265 1871 313 1906 qui
328 1875 399 1897 esset
413 1870 535 1897 decimus
551 1879 638 1897 annus
649 1875 710 1906 post
721 1871 857 1907 virginum

60 1907 270 1939 absolutionem,
284 1912 344 1942 post
355 1908 478 1943 Capitolii
491 1913 580 1935 autern
592 1908 774 1935 incensionem
786 1909 859 1934 vice-

60 1945 157 1971 simus.
200 1946 241 1971 10.
263 1945 335 1972 Hanc
346 1950 435 1972 autem
447 1945 564 1982 Cethego
574 1954 636 1972 cum
648 1946 743 1972 ceteris
754 1950 859 1972 contro-

60 1983 175 2009 versiam
188 1982 272 2009 fuisse
283 1982 419 2014 dixerunt,
433 1983 505 2017 quod
518 1983 630 2009 Lentulo
641 1987 667 2010 et
677 1983 738 2010 aliis
749 1983 857 2009 caedem

59 2019 249 2046 Saturnalibus
261 2019 318 2046 11011
332 2024 414 2054 atque
425 2020 523 2047 Urbem
539 2020 645 2047 incendi
662 2020 790 2055 placeret,
809 2020 859 2047 Ce-

59 2057 140 2092 thego
151 2057 265 2083 nimium
277 2056 304 2083 id
317 2057 427 2093 longum
439 2057 534 2084 videri.
556 2057 585 2084 V.
598 2057 635 2084 Ac
647 2066 679 2084 ne
691 2057 799 2093 longum
812 2058 856 2089 sit,

59 2093 187 2127 Quirites,
197 2094 308 2121 tabellas
320 2094 430 2129 proferri
443 2095 661 2130 iussimus.quae
672 2104 685 2121 a
697 2103 805 2130 quoquc
817 2095 859 2122 di-

59 2131 189 2159 cebantur
216 2131 301 2158 datae.
343 2132 462 2158 Primum
488 2132 657 2159 ostendimus
681 2132 798 2169 Cethego
821 2133 859 2159 51-

79 2177 159 2196 num:
186 2169 321 2205 cognovit.
362 2169 415 2196 Nos
437 2169 522 2196 linum
545 2169 705 2196 incidimus:
730 2169 856 2206 legimus.

83 2211 122 2233 rat
133 2207 264 2242 scriptum
276 2206 364 2242 ipsius
377 2215 458 2233 manu
470 2207 644 2243 Allobrogum
656 2208 760 2234 senatui
772 2212 797 2234 et
811 2216 859 2243 po-

60 2243 137 2280 pulo,
151 2252 225 2275 5050,
242 2252 311 2279 quae
322 2253 414 2270 eornm
428 2244 522 2280 legatis
534 2245 730 2276 confirmasset,
748 2253 807 2271 esse
820 2245 859 2271 11-

59 2285 180 2308 cturum:
203 2290 290 2313 orare,
310 2286 338 2308 ut
354 2282 416 2308 item
433 2271 473 2308 illi
490 2281 616 2314 facerent,
634 2290 703 2317 quae
714 2282 766 2308 sibi
780 2282 857 2318 legati

60 2326 152 2346 eorum
168 2319 341 2354 recepissent.
382 2319 451 2345 Tum
463 2319 610 2362 Cethegus,
627 2320 675 2355 qui
693 2319 783 2363 paullo
798 2325 858 2346 ante

60 2355 163 2392 aliquid
179 2361 267 2383 tamen
283 2356 316 2383 de
331 2356 430 2393 gladiis
445 2365 475 2383 nc
490 2357 567 2387 sicis,
590 2365 659 2391 quae
675 2357 746 2392 apud
766 2358 857 2392 ipsum

61 2397 136 2420 erant
145 2393 341 2429 deprebensae,
356 2377 732 2429 respondissetdixissetque,
746 2403 775 2420 50
786 2403 858 2420 5001-

60 2437 108 2466 per
116 2430 248 2458 bonorum
260 2431 480 2458 ferramentorum
492 2431 644 2458 studiosum
657 2431 750 2462 fuisse,
764 2432 858 2458 recitu-

61 2468 96 2495 tis
107 2467 202 2496 litteris
213 2469 370 2496 debilitatus
381 2474 461 2512 atque
472 2469 606 2495 abiectus.
622 2469 783 2495 conscientia
795 2477 859 2495 con-

61 2505 161 2538 victus,
178 2511 287 2542 repente
302 2507 439 2533 conticuit.
481 2506 650 2532 introductus
666 2511 707 2532 est
718 2506 854 2533 Statilius:

60 2543 184 2579 cognovit
199 2548 224 2571 et
239 2544 347 2580 signum
364 2549 389 2570 et
401 2552 510 2570 manum
523 2552 609 2570 suam
651 2544 782 2570 Recitatae
794 2548 859 2570 sunt

61 2579 194 2607 tabellae
188 2590 214 2608 in
231 2581 352 2608 eamdem
375 2581 428 2608 1010
449 2580 785 2608 50111001101οεοο111055115
806 2585 856 2608 est

61 2616 129 2644 Tum
139 2618 245 2645 ostendi
256 2618 367 2645 tabellas
379 2618 504 2649 Lentulo.
523 2623 548 2645 et
558 2618 695 2653 quaesivi,
713 2627 859 2654 cognosce-

60 2658 133 2682 retne
143 2655 262 2692 signum.
284 2656 395 2683 Annuit.
417 2656 465 2683 Est
476 2655 675 2691 vero,inquam,
689 2656 798 2692 signum
811 2665 859 2683 no-

61 2695 131 2725 tum,
148 2693 237 2730 imago
247 2693 290 2720 avi
301 2694 355 2725 tui,
372 2693 515 2721 clarissimi
527 2693 592 2725 viri,
609 2693 657 2729 qui
669 2693 768 2720 amavit
779 2693 858 2720 unice

673 149 721 175 IN
753 149 783 175 L.
817 146 1111 175 CATILINAM.
1146 146 1243 173 CAP.

1281 148 1288 172 l
1313 161 1350 165 —
1371 148 1394 172 Ο.
1657 148 1705 173 4253

911 219 1024 254 patriam
1036 222 1060 245 et
1071 218 1144 244 cives
1155 226 1233 244 suos:
1255 226 1325 253 quae
1340 216 1450 253 quidem
1463 221 1487 243 te
1499 225 1511 242 a
1525 221 1596 243 tanto
1607 216 1707 243 scelere

911 257 990 282 etiam
1002 260 1075 282 muta
1088 264 1210 282 revocare
1221 255 1325 282 debuit.
1359 256 1399 281 Η.
1412 255 1551 290 Leguntur
1561 254 1653 280 eadem
1667 264 1708 280 ra-

911 295 981 320 tione
992 293 1024 319 ad
1036 298 1158 319 senatum
1170 293 1344 328 Allobrogum
1357 291 1544 327 populumque
1556 291 1670 318 litterae:
1685 293 1707 318 si

911 331 976 366 quid
988 331 1021 356 de
1033 331 1075 356 1115
1087 330 1167 356 rebus
1178 331 1266 356 dicere
1277 329 1370 361 vellet,
1392 329 1442 356 feci
1453 333 1621 364 potestatem.
1661 330 1709 355 At-

911 377 964 403 que
976 368 1021 394 ille
1032 368 1120 403 primo
1130 367 1240 403 quidem
1253 367 1374 403 negavit:
1388 371 1448 402 post
1458 371 1547 393 autem
1559 366 1706 402 aliquanto,

911 411 964 432 toto
977 406 1029 431 iam
1041 405 1140 432 indicio
1152 406 1272 440 exposito
1284 409 1363 440 atque
1375 405 1458 436 edito,
1472 405 1603 431 surrexit:
1626 413 1710 439 quae-

911 444 976 469 sivit
986 452 1000 468 a
1012 442 1106 473 Gallis,
1115 442 1182 477 quid
1193 443 1246 469 sibi
1258 447 1329 469 esset
1339 451 1401 468 cum
1414 443 1461 468 iis:
1474 442 1650 477 quamobrem
1661 442 1710 468 do-

912 489 986 506 mum
998 489 1075 506 suam
1087 480 1232 510 venissent,
1242 480 1359 515 itemque
1370 479 1538 506 aVulturcio.
1560 479 1612 512 Qui
1623 488 1709 514 quum

911 518 951 544 illi
963 518 1079 544 breviter
1089 522 1294 552 constanterque
1306 517 1515 552 respondissent.
1526 526 1572 551 per
1582 525 1663 552 quem
1677 516 1709 543 ad

911 564 982 586 01101,
995 555 1156 590 quotiesque
1167 555 1317 585 venissent,
1331 555 1555 589 quaesissentque
1566 555 1600 581 ab
1611 563 1653 585 eo,
1668 554 1711 580 ni-

912 592 985 619 hilne
996 601 1088 619 secum
1101 597 1172 618 esset
1182 592 1215 618 de
1228 592 1288 618 satis
1300 592 1441 628 Sibyllinis
1454 592 1573 618 locutus:
1596 596 1652 618 tum
1664 592 1709 617 ille

911 630 1015 661 subito,
1029 629 1128 656 scelere
1139 630 1260 659 demens,
1274 634 1373 664 quanta
1385 630 1563 656 conscientiae
1574 630 1616 655 vis
1627 634 1706 659 esset,

911 667 1036 694 ostendit.
1059 668 1135 698 Nam,
1149 676 1234 702 quum
1246 667 1274 693 id
1285 672 1375 702 posset
1387 667 1504 698 infitiari,
1514 671 1621 701 repente
1633 675 1710 702 prae-

912 710 950 731 ter
970 705 1123 739 opinionem
1144 705 1265 730 omnium
1285 704 1425 731 confessus
1447 709 1499 730 est:
1523 705 1558 730 ita
1578 713 1641 730 eum
1657 713 1709 730 non

912 742 990 768 modo
1001 742 1141 777 ingenium
1154 741 1222 768 illud
1233 746 1259 768 et
1269 742 1377 768 dicendi
1388 742 1554 772 exercitatio,
1573 751 1626 776 qua
1638 750 1710 767 sem—

912 788 958 815 per
970 779 1067 810 valuit,
1085 779 1133 805 sed
1145 779 1238 810 etiam,
1257 784 1363 814 propter
1379 780 1433 805 vim
1450 779 1558 805 sceleris
1574 779 1709 805 manifesti

911 822 991 852 atque
1003 817 1176 852 deprehensi,
1191 817 1372 851 impudentia,
1386 825 1438 851 qua
1450 817 1594 851 superabat
1605 825 1707 847 omnes,

911 855 1123 890 improbitasque
1144 853 1250 880 defecit.
1295 856 1334 880 12.
1357 854 1514 881 Vulturcius
1537 862 1599 880 vero
1620 854 1711 880 subito

911 892 1023 927 proferri
1036 892 1135 918 litteras
1147 897 1227 927 atque
1238 892 1336 927 aperiri
1352 892 1445 923 iussit,
1463 900 1531 926 quas
1548 891 1601 917 sibi
1617 900 1630 917 a
1642 891 1711 917 Len-

911 929 967 956 tulo
978 930 1011 956 ad
1023 929 1163 956 Catilinam
1175 929 1249 956 datas
1261 938 1320 956 esse
1331 929 1446 956 dicebat.
1481 929 1568 964 Atque
1579 929 1617 955 ibi
1629 928 1712 955 vehe-

911 968 1080 994 mentissime
1101 967 1272 1002 perturbatus
1289 967 1432 998 Lentulus,
1457 971 1545 993 tamen
1561 971 1586 992 et
1601 967 1710 1002 signum

912 1014 992 1031 suum
1005 1009 1030 1031 et
1041 1014 1151 1031 manum
1163 1005 1296 1040 cognovit.
1328 1005 1410 1031 Erant
1425 1009 1514 1031 autem
1527 1004 1641 1039 scriptae
1652 1004 1711 1030 sine

912 1043 1032 1074 nomine,
1050 1042 1097 1069 sed
1109 1043 1159 1069 ita:
1185 1044 1235 1075 Qui
1245 1046 1305 1074 sim,
1323 1052 1355 1068 em
1367 1052 1407 1072 eo,
1421 1044 1539 1076 quemad
1550 1046 1573 1068 ee
1583 1044 1654 1073 misi,
1669 1050 1712 1068 co-

910 1089 1022 1114 gnosces.
1056 1080 1134 1111 Cura,
1149 1085 1176 1106 ut
1188 1083 1229 1106 vir
1239 1083 1282 1110 sis,
1295 1085 1318 1106 et
1329 1089 1402 1114 quem
1414 1082 1440 1106 in
1453 1082 1535 1106 locum
1545 1082 1582 1105 sis
1589 1088 1712 1113 11109105-

910 1127 954 1144 sus
966 1121 1062 1152 cogita,
1079 1123 1102 1144 et
1113 1120 1182 1147 vide,
1199 1120 1262 1152 quid
1273 1121 1325 1144 iam
1336 1120 1382 1144 tibi
1392 1120 1425 1143 sit
1437 1126 1543 1143 necesse.
1588 1117 1666 1145 Cura,
1684 1121 1711 1142 ul

911 1158 1022 1182 omnium
1035 1157 1081 1182 n'bi
1090 1157 1196 1182 auxilia
1206 1158 1342 1189 adiunyus,
1356 1157 1431 1181 eliam
1443 1157 1598 1188 infimorum.
1629 1154 1712 1181 Gabi-

912 1193 974 1220 nius
984 1193 1082 1220 deinde
1093 1193 1276 1225 introductuS,
1290 1201 1376 1228 quum
1389 1193 1476 1227 primo
1487 1192 1659 1227 impudenter
1670 1200 1712 1218 re-

912 1231 1043 1266 spondere
1058 1231 1204 1265 coepisset,
1228 1230 1261 1257 ad
1276 1236 1427 1257 extremum
1444 1229 1511 1257 nihil
1524 1239 1557 1256 ex
1573 1230 1618 1260 iis.
1642 1238 1711 1264 quae

912 1269 982 1296 Galli
1003 1269 1210 1299 insimulabant,
1234 1269 1350 1304 negavit.
1395 1270 1434 1294 13.
1457 1268 1495 1294 Ac
1510 1268 1577 1294 mibi
1588 1267 1709 1302 quidem.

911 1306 1044 1339 Quirites,
1067 1315 1153 1341 quum
1170 1306 1214 1332 illa
1231 1306 1380 1332 certissima
1397 1310 1461 1332 sunt
1476 1306 1532 1332 visa
1554 1309 1711 1340 argumenta

911 1349 991 1379 atque
1002 1344 1101 1370 indicia
1113 1344 1230 1374 sceleris,
1244 1343 1366 1374 tabellae,
1379 1344 1420 1370 51-
1415 1352 1466 1374 na,
1481 1351 1585 1373 manus,
1583 1333 1711 1377 denique

913 1382 994 1408 unius
1006 1382 1140 1416 cuiusque
1150 1381 1296 1412 confessio,
1310 1386 1368 1407 tum
1381 1381 1466 1407 multo
1477 1380 1522 1407 illa
1534 1380 1653 1409 certiora,
1667 1388 1712 1406 co-

912 1419 964 1450 lor,
977 1419 1062 1450 oculi,
1080 1419 1186 1450 vultus,
1205 1419 1382 1445 taciturnitas
1423 1418 1468 1445 Sic
1480 1418 1551 1444 enim
1563 1417 1712 1452 obstupue-

912 1462 979 1488 rant,
993 1457 1031 1483 510
1043 1461 1138 1483 terram
1151 1457 1334 1487 intuebantur,
1350 1457 1390 1482 510
1401 1455 1494 1482 furtim
1507 1464 1710 1490 nonnumquam

912 1495 981 1521 inter
991 1503 1020 1520 se
1031 1494 1210 1529 aspiciebant,
1229 1499 1258 1520 ut
1270 1502 1322 1520 non
1334 1494 1386 1520 iam
1398 1494 1431 1520 ab
1443 1493 1503 1519 aliis
1515 1492 1641 1524 indicari,
1663 1492 1711 1518 scd

912 1532 1030 1558 indicare
1041 1540 1069 1558 se
1081 1532 1133 1567 ipsi
1147 1532 1310 1558 viderentur.

968 1570 1011 1596 VI.
1034 1569 1144 1596 Indiciis
1155 1570 1285 1604 expositis
1297 1574 1376 1604 atque
1387 1568 1480 1598 editis,
1494 1567 1620 1600 Quirites,
1634 1575 1711 1593 sena-

912 1612 968 1634 tum
980 1606 1114 1638 consului,
1123 1607 1156 1633 de
1168 1616 1275 1633 summa
1288 1606 1425 1641 republica
1437 1605 1503 1640 quid
1516 1605 1571 1631 lieri
1585 1605 1709 1640 placeret.

911 1645 1000 1671 Dictae
1020 1649 1084 1671 sunt
1104 1653 1117 1670 a
1140 1645 1309 1679 principibus
1330 1644 1474 1670 acerrimae
1495 1651 1524 1669 ac
1550 1642 1711 1669 fortissimae

911 1683 1072 1713 sententiae,
1089 1691 1158 1718 quas
1170 1687 1280 1708 senatus
1292 1682 1350 1708 sine
1363 1681 1415 1708 ulla
1429 1681 1555 1707 varietate
1567 1685 1711 1706 051001150-

911 1724 1000 1746 cutus.
1041 1720 1074 1746 Et
1084 1720 1211 1755 quoniam
1225 1719 1344 1746 nondum
1356 1724 1395 1745 est
1408 1719 1586 1753 perscriptum
1601 1722 1711 1743 senatus

910 1757 1078 1789 consultum,
1092 1766 1125 1784 ex
1137 1758 1263 1784 memoria
1276 1757 1366 1787 vobis,
1380 1756 1510 1788 Quirites,
1524 1755 1590 1790 quid
1602 1760 1711 1781 senatus

910 1795 1053 1826 censuerit,
1067 1804 1210 1830 exponam.
1245 1796 1283 1821 ti.
1297 1795 1416 1821 Primum
1430 1793 1496 1819 011111
1508 1793 1608 1828 gratiae
1622 1793 1711 1818 verbis

910 1832 1087 1868 amplissimis
1099 1837 1224 1868 aguntur,
1237 1832 1310 1867 quod
1322 1832 1429 1862 virtute,
1438 1830 1557 1861 consilio,
1567 1830 1712 1865 providen-

911 1870 946 1897 tia
972 1879 1030 1896 mea
1056 1870 1208 1905 respublica
1231 1869 1359 1904 periculis
1380 1870 1415 1895 sit
1436 1869 1561 1895 maximis
1585 1868 1708 1894 liberata:

910 1908 1008 1934 deinde
1024 1908 1053 1934 L.
1068 1908 1178 1934 Flaccus
1194 1912 1219 1934 et
1235 1908 1264 1934 C.
1283 1907 1454 1942 Pomptinus,
1473 1911 1619 1941 praetores,
1637 1905 1710 1940 110011

910 1954 1002 1971 00111111
1014 1954 1092 1980 opera
1106 1945 1165 1972 10111
1179 1944 1305 1988 fidelique
1317 1953 1384 1971 usus
1395 1953 1492 1974 essem,
1506 1943 1600 1969 merito
1611 1952 1640 1969 ac
1653 1943 1711 1968 iure.

911 1982 1067 2009 laudantur:
1090 1988 1172 2018 etque
1184 1983 1264 2009 etiam
1277 1983 1334 2009 viro
1346 1982 1419 2011 10111,
1433 1981 1550 2016 collegae
1562 1989 1634 2011 meo,
1653 1980 1711 2006 laus

910 2021 1075 2056 impertitur,
1088 2021 1161 2056 quod
1173 2029 1232 2051 005,
1245 2020 1292 2055 qui
1305 2020 1388 2046 11111115
1399 2019 1590 2045 coniurationis
1603 2018 1711 2053 partici-

911 2066 957 2093 pes
974 2057 1102 2089 l'uissent,
1125 2067 1139 2084 a
1155 2058 1213 2084 suis
1229 2063 1255 2084 et
1270 2057 1402 2092 1011101111(
1404 2066 1433 2083 «10
1448 2056 1569 2083 0011511115
1580 2055 1711 2082 1010ον15-

910 2099 960 2122 501.
1001 2096 1088 2130 Atque
1101 2096 1135 2121 ita
1147 2100 1324 2125 censuerunt,
1343 2100 1371 2121 ut
1383 2095 1411 2120 P.
1426 2093 1570 2124 Lentulus,
1584 2102 1669 2128 quum
1682 2102 1710 2118 se

911 2137 1031 2167 praetura
1053 2133 1217 2163 abdicasset,
1250 2138 1307 2159 tum
1329 2133 1355 2158 in
1376 2131 1525 2158 custodiam
1548 2131 1708 2157 traderetur:

910 2170 1029 2205 itemque
1045 2171 1084 2196 uti
1100 2170 1129 2197 C.
1147 2170 1296 2205 Cethegus,
1320 2170 1349 2196 L.
1363 2169 1499 2198 Statilius,
1524 2169 1552 2194 Ρ.
1566 2168 1707 2196 Gabinius.

910 2208 957 2242 qui
969 2216 1062 2234 omnes
1075 2212 1228 2242 praesentes
1240 2212 1322 2237 erant.
1332 2208 1358 2233 in
1370 2206 1518 2233 custodiam
1532 2206 1707 2232 traderentur:

910 2250 990 2280 atque
1003 2245 1073 2271 idem
1087 2245 1135 2271 boc
1147 2245 1283 2271 decretum
1299 2250 1339 2270 est
1356 2245 1380 2270 in
1395 2245 1423 2270 l..
1437 2243 1574 2271 Cassium,
1592 2244 1639 2278 qui
1656 2242 1708 2268 sibi

911 2283 1124 2317 procurationem
1147 2282 1328 2308 incendendae
1351 2281 1428 2307 Urbis
1449 2281 1653 2315 depoposcerat:
1682 2280 1708 2305 in

912 2320 946 2345 M.
960 2319 1118 2354 Caeparium
1129 2339 1134 2349 ,
1151 2320 1194 2345 cui
1212 2319 1244 2345 nd
1256 2318 1439 2345 sollicitandos
1451 2323 1570 2352 pastores
1583 2317 1708 2352 Apuliam

910 2365 969 2383 esse
981 2357 1145 2387 attributam,
1159 2361 1213 2382 erat
1226 2356 1385 2382 indicatum:
1400 2356 1426 2381 in
1438 2356 1465 2381 l¹⁴
1476 2355 1596 2383 Furium,
1610 2355 1657 2389 qui
1669 2360 1708 2380 est

910 2403 943 2420 ex
956 2394 997 2420 1115
1009 2394 1124 2423 colonis,
1137 2402 1206 2428 quos
1219 2393 1345 2420 Faesulas
1359 2393 1387 2419 1..
1401 2393 1475 2418 Sulla
1487 2393 1613 2418 deduxit:
1638 2393 1663 2418 in
1675 2392 1706 2424 Q.

911 2431 1040 2457 Manlium
1058 2431 1212 2461 Chilonem,
1230 2432 1277 2465 qui
1296 2439 1346 2457 una
1363 2439 1423 2456 cum
1442 2430 1490 2455 hoc
1508 2430 1587 2455 Furio
1602 2438 1709 2464 semper

910 2472 965 2494 erat
982 2469 1007 2494 in
1025 2469 1074 2494 hac
1085 2468 1259 2503 Allobrogum
1277 2468 1462 2494 sollicitatione
1480 2472 1614 2493 versatus:
1639 2467 1665 2493 in
1679 2467 1705 2493 Ρ.

910 2505 1084 2536 Umbrenum,
1100 2505 1254 2532 libertinum
1268 2505 1412 2534 hominem.
1427 2514 1439 2530 n
1450 2513 1504 2539 qun
1515 2505 1631 2539 111-11110111
1644 2504 1705 2531 Gal—

910 2543 949 2569 los
960 2543 992 2569 ad
1005 2543 1151 2569 Gabinium
1164 2543 1306 2578 perductos
1318 2551 1377 2568 esse
1392 2542 1538 2568 constabat.
1580 2543 1666 2576 Atque
1678 2551 1706 2567 ea

910 2580 1016 2606 lenitate
1027 2585 1136 2607 senatus
1149 2589 1215 2607 usus
1226 2585 1274 2610 est.
1282 2580 1409 2612 Quirites,
1419 2585 1447 2606 ut
1458 2588 1489 2605 ex
1503 2584 1572 2605 tanta
1583 2580 1707 2606 coniura—

909 2618 980 2644 tione
1001 2622 1126 2653 tantaque
1148 2619 1174 2645 vi
1195 2627 1224 2644 nc
1245 2617 1419 2644 multitudine
1435 2617 1642 2644 domesticorum
1660 2617 1707 2643 ho-

909 2655 1005 2686 stium,
1029 2664 1124 2682 novem
1144 2656 1284 2682 hominum
1302 2654 1544 2690 perditissimorum
1562 2663 1644 2690 poena
1666 2663 1707 2681 re-

909 2692 1017 2728 publica
1033 2698 1200 2725 conservata,
1224 2692 1390 2728 reliquorum
1408 2697 1510 2719 mentes
1525 2693 1612 2719 sanari
1629 2700 1707 2727 posse

1469 2742 1499 2766 Μ
