1941 3052
797 142 852 166 tiz.
888 139 922 165 M.
956 139 987 165 T.

241 147 300 170 lotz

1021 138 1295 165 eicitnoxts

292 216 331 241 Η.
355 215 421 239 Ἰ“ιυιι
435 212 491 239 ille:
506 212 551 237 llis
565 212 646 244 igitur
658 211 690 236 ita
703 210 811 244 positis,
825 210 921 243 inquit,
935 210 1027 243 sequi-
1047 210 1057 237 Η
1079 219 1119 236 ra:
1132 209 1166 235 oh
1177 217 1291 244 eamque
1301 209 1526 236 caussumswicis
1537 218 1588 237 non
1601 210 1708 237 videtur
1716 209 1868 246 optabilior.

238 258 280 278 tur
297 260 391 284 inagna
407 250 551 275 eontentio:
569 257 649 282 qutun
667 252 801 273 tractatam
818 256 831 271 a
845 246 1027 280 Peripateticis
1048 258 1050 301 ι

238 288 344 315 mollin».
366 292 405 312 est
415 288 485 311 enini
497 294 589 310 eorum
601 284 767 310 consuetiulo
778 283 885 309 dicendi
898 292 948 309 non
961 284 1027 309 satis

236 331 311 351 uruta
338 329 443 358 propter
468 323 657 355 ignorationem
683 321 853 354 dialecticae)
877 320 1027 346 Carneades
1048 316 1049 322 ¹

237 407 332 433 umque
347 397 497 431 eloquentia
515 404 569 421 reni
589 396 613 421 in
630 404 768 421 summurn
783 395 928 421 discrimen
941 394 1028 420 uddu-

238 437 287 461 xit:
302 439 438 469 propterea
450 432 521 467 quod
535 441 654 467 pugnare
666 441 717 458 non
729 432 839 460 destitit,
854 433 880 458 in
891 432 964 458 omni
980 432 1028 457 liac

235 472 399 507 ‹piat-stione,
412 479 480 504 quac
491 470 524 495 de
537 470 614 495 lionis
625 475 650 495 et
662 469 739 495 malis
751 469 908 504 appelletur,
923 477 973 495 non
985 477 1028 494 es-

234 519 262 535 se
275 517 362 534 rei-uin
376 508 472 533 ¹<tuit-is
483 516 544 532 cuni
557 507 739 541 Peripateticis
749 506 967 535 controversiam,
981 505 1027 531 scd

236 547 384 572 nominum.
425 544 490 570 Mihi
506 549 594 570 auteni
612 543 678 570 niliil
696 549 748 570 tani
764 544 937 578 perspicuum
953 543 1029 569 vide-

235 588 289 612 tur,
302 591 382 617 quani
397 581 443 607 luis
453 582 598 607 sententias
609 590 701 607 corum
714 581 935 616 philosophorum
949 588 974 606 re
987 580 1029 606 in·
1049 589 1057 615 ,ζ

235 625 273 646 ter
284 628 311 645 se
324 619 423 653 inagis,
444 627 525 653 quam
539 619 628 644 verbis
640 618 785 644 dissidere:
805 619 931 644 maiorem
944 617 1028 643 multo

236 658 303 683 inter
318 657 419 682 Stoicos
435 661 460 682 et
477 656 664 690 Peripateticos
686 664 774 682 rerum
790 664 848 681 esse
864 656 906 681 aio
926 654 1027 680 discre-

235 694 366 728 pantiam,
383 702 465 727 quam
479 693 634 719 verborum:
651 694 753 727 quippe
763 701 847 727 quum
861 692 1028 726 Peripatetici
1049 685 1057 714 ’ἃ

233 731 336 760 onmia,
355 739 424 765 quae
441 731 492 765 ipsi
508 730 574 756 bona
586 730 734 765 appellant,
751 730 884 764 pertinere
894 729 985 755 dicant
995 728 1027 754 ad
1048 730 1051 758 i
1078 739 1143 764 gum
1155 740 1223 761 esse,
1237 739 1318 766 quam
1330 731 1450 757 brevem.

235 768 310 794 beate
323 767 485 793 vivendum:
499 768 580 793 nostri
589 776 658 797 vcro.
667 767 738 802 quod
747 767 929 793 aestimatione
940 767 1028 792 omni-

235 814 268 831 no
279 805 369 839 aliqua
381 805 494 840 dignum
505 805 548 834 sit,
562 804 690 839 compleri
703 805 784 830 vitam
797 804 901 830 beatam
913 812 964 830 uon
976 812 1028 838 pu·
1048 777 1051 836 i

233 847 298 869 tent.
340 841 408 868 xui.
432 843 472 867 «52.
495 842 533 867 An
547 851 608 867 vcro
619 842 717 867 certius
728 841 878 876 quidquam
889 845 975 876 potest
985 849 1028 866 es·
1048 837 1050 864 l,

234 888 276 910 se.
293 887 374 914 quain
392 878 498 904 illorum
515 879 627 909 ratione,
649 879 697 913 qui
713 878 831 904 dolorem
848 879 874 904 in
891 878 968 904 malis
980 885 1028 912 po-
1048 866 1050 899 Ῑ

234 921 310 946 nunt,
325 925 375 942 non
389 925 466 950 posse
477 917 623 950 sapientem
636 915 743 941 beatum
755 924 827 945 esse,
843 924 928 950 quum
940 923 1028 950 equu-
1048 901 1057 962 ἐκ

235 953 276 983 leo
292 953 463 988 torqueatur?
484 954 579 978 l-Iorum
596 957 698 982 autem,
715 953 764 987 qui
779 952 898 978 dolorem
910 953 937 978 in
949 952 1027 978 malis

234 999 286 1017 non
299 990 406 1020 liabent,
415 991 480 1016 ratio
491 995 560 1016 certe
570 990 649 1025 cogit,
663 990 702 1016 uti
714 990 740 1016 in
751 990 878 1016 omnibus
889 990 1027 1016 tormentis
1048 982 1057 1009 i

233 1032 407 1054 conservetur
427 1027 501 1053 beata
524 1028 576 1053 vita
597 1027 720 1061 sapienti.
760 1027 866 1053 Etenim
881 1028 905 1053 si
922 1026 1027 1053 dolores
1056 1035 1057 1063 i

234 1064 342 1091 eosdem
354 1064 519 1091 tolerabilius
535 1065 685 1098 patiuntur,
703 1064 751 1098 qui
765 1065 905 1098 excipiunt
919 1073 964 1090 eos
980 1071 1028 1098 pro
1048 1060 1057 1094 ζ’

234 1102 332 1137 patria,
350 1110 430 1136 quam
443 1102 489 1136 qui
502 1101 599 1127 leviore
610 1101 643 1127 de
654 1109 763 1127 caussa:
780 1102 872 1136 opinio
883 1101 958 1133 facit,
974 1109 1027 1127 non
1056 1088 1057 1136 i

985 1139 1025 1164 43.
1056 1140 1057 1164 i

1049 1165 1057 1180 *i

235 1144 340 1169 natura,
364 1139 418 1165 vim
434 1138 533 1165 doloris
548 1143 593 1164 aut
608 1139 736 1164 maiorem
747 1143 793 1165 aut
803 1140 944 1164 minorem.

233 1176 271 1202 Ne
284 1175 351 1202 illud
362 1175 472 1210 quidem
484 1181 523 1202 cst
534 1180 757 1206 consentaneum,
771 1181 812 1207 ut,
825 1177 863 1205 si,
881 1184 966 1210 quum
979 1177 1027 1201 tria

233 1222 330 1249 genera
343 1213 472 1239 bonorum
484 1213 550 1243 sint,
567 1221 636 1247 quae
646 1213 776 1239 sententia
789 1218 828 1239 est
839 1213 1028 1247 Peripatetico·
1049 1213 1057 1223 '¹

234 1259 302 1281 rum,
311 1259 341 1276 eo
355 1250 456 1276 beatior
466 1251 583 1284 quisque
594 1251 637 1281 sit,
646 1259 700 1285 quo
711 1251 745 1276 sit
755 1251 873 1285 corporis
885 1255 931 1276 aut
940 1255 1028 1276 exter-

233 1288 275 1313 nis
287 1287 364 1313 bonis
377 1287 487 1321 plenior,
497 1292 526 1313 ut
537 1287 586 1313 hoc
598 1287 669 1313 idem
681 1287 885 1322 approbandum
897 1287 1025 1318 sitnobis,
1049 1279 1051 1314 :¹

1049 1321 1058 1342 ³³
1080 1326 1181 1363 telligo.
1213 1326 1266 1353 Sed
1277 1335 1362 1362 quum
1374 1331 1444 1353 certe
1456 1327 1594 1361 superiora
1607 1326 1681 1352 firma
1692 1334 1723 1352 ac
1734 1333 1796 1351 vera
1807 1325 1871 1355 sint,

233 1329 274 1355 ut,
290 1325 337 1359 qui
350 1324 425 1358 plura
439 1324 533 1350 habeat
543 1333 586 1355 ea,
604 1333 673 1359 quae
685 1325 711 1350 in
722 1333 832 1359 corpore
845 1325 936 1360 magni
947 1325 1028 1350 aesti-

233 1367 347 1390 mantur.
356 1362 389 1387 sit
397 1362 506 1388 beatior.
529 1361 570 1388 Illi
581 1363 654 1388 euim
665 1363 784 1396 corporis
794 1362 943 1388 commodis
953 1370 1028 1388 com—

233 1398 299 1433 pleri
312 1399 393 1424 vitam
406 1398 509 1425 beatam
520 1404 628 1433 putant:
642 1400 724 1426 nostri
737 1399 804 1425 nihil
818 1400 919 1426 minus.
960 1400 1027 1426 Nam

231 1444 316 1470 quum
332 1436 366 1461 ita
383 1435 498 1470 placeat,
517 1445 548 1462 ne
564 1445 656 1463 eorum
672 1436 784 1471 quidem
796 1437 940 1467 bonorum,
958 1444 1027 1471 quae

233 1481 280 1498 nos
294 1472 362 1499 bona
379 1478 487 1499 naturae
509 1473 690 1508 appellemuS,
713 1473 863 1508 frequentia
881 1474 1026 1500 beatiorem

233 1510 314 1536 vitam
331 1509 401 1541 fieri,
427 1515 472 1537 aut
488 1511 574 1546 magis
590 1511 767 1545 expetendam
783 1517 829 1538 aut
843 1511 930 1546 pluris
946 1511 1027 1537 aesti-
1048 1515 1057 1538 ζ’

232 1547 370 1573 mandam:
388 1553 458 1574 certe
473 1548 563 1574 minus
573 1548 606 1574 ad
618 1548 722 1574 beatam
734 1549 816 1575 vitam
828 1549 944 1583 pertinet
955 1547 1026 1574 mul-

233 1584 317 1610 titudo
332 1585 450 1619 corporis
466 1585 678 1612 commodorum.
719 1587 760 1612 44.
781 1586 888 1612 Etenim
904 1586 928 1612 si
942 1590 968 1612 et
982 1593 1026 1611 sa-

231 1630 294 1656 pere
304 1622 485 1656 expetendum
496 1623 531 1649 sit
542 1627 568 1649 et
579 1622 681 1649 valere:
695 1623 869 1650 coniunctum
879 1627 1025 1658 utrumque

231 1659 318 1694 magis
329 1659 509 1694 expetendum
520 1660 564 1690 sit,
580 1668 661 1695 quam
673 1668 766 1695 sapere
777 1660 876 1691 solum,
889 1668 976 1695 neque
988 1664 1027 1686 ta-

232 1704 306 1726 men,
329 1697 353 1722 si
373 1701 518 1731 utrumque
537 1697 721 1724 aestimatione
739 1697 867 1733 dignum,
889 1697 976 1732 pluris
992 1698 1027 1723 sit

231 1733 417 1764 coniunctum,
440 1742 521 1768 quam
536 1743 630 1769 sapere
645 1735 736 1770 ipsum
755 1740 918 1769 separatum.
959 1735 1026 1760 Nam

231 1770 279 1804 qui
294 1770 476 1797 valetudinem
492 1773 675 1798 aestimatione
691 1772 782 1807 aliqua
797 1772 908 1808 dignam
920 1771 1026 1798 iudica-

232 1815 301 1838 mus,
315 1816 401 1843 neque
413 1817 471 1834 eam
484 1813 571 1835 tamen
583 1810 610 1836 in
622 1809 700 1836 bonis
711 1810 848 1844 ponimus,
867 1809 950 1835 iidem
962 1817 1026 1835 cen-

232 1853 322 1870 semus
334 1845 436 1871 nullam
447 1854 506 1872 esse
518 1851 617 1873 tantam
628 1847 850 1877 aestimationem,
858 1851 927 1873 ntea
939 1847 1026 1873 virtu-

232 1882 252 1907 ti
263 1886 445 1916 anteponatur.
486 1883 563 1915 Quod
580 1883 652 1910 idem
667 1884 836 1918 Peripatetici
851 1892 904 1910 non
920 1888 1023 1910 tenent:

232 1918 333 1953 quibus
345 1919 489 1946 dicendum
499 1926 548 1952 est,
562 1929 631 1956 quae
642 1925 667 1947 et
680 1921 790 1947 honesta
801 1921 869 1947 actio
880 1921 923 1952 sit,
931 1926 957 1947 et
967 1921 1025 1947 sine

232 1955 335 1986 dolore,
352 1965 410 1982 eam
427 1959 513 1993 magis
528 1967 587 1984 esse
605 1958 796 1992 expetendam,
819 1966 900 1993 quam
915 1959 940 1984 si
955 1963 1026 1984 esset

232 1992 326 2018 eadem
342 1994 408 2020 actio
423 2002 484 2020 cum
496 1995 596 2022 dolore.
636 1995 720 2022 Nobis
731 1995 808 2022 aliter
819 1995 938 2022 videtur:
955 2000 1024 2021 recte

232 2038 358 2060 secusne,
376 2036 479 2064 postea:
497 2032 544 2059 sed
560 2037 681 2067 potestne
696 2041 786 2059 rerum
802 2033 887 2058 maior
897 2041 956 2058 esse
967 2032 1025 2058 dis-

232 2066 339 2093 sensio?
366 2067 436 2094 xlv.
458 2070 498 2096 45,
521 2070 553 2096 Ut
573 2070 646 2096 enim
665 2069 825 2096 obscuratur
837 2074 864 2096 et
877 2069 1026 2096 offunditur

234 2104 292 2130 luce
307 2104 371 2130 solis
389 2105 477 2132 lumen
495 2107 630 2140 lucernae;
647 2111 673 2134 et
690 2112 720 2134 ut
735 2107 823 2134 interit
838 2107 1024 2142 magnitudine

233 2142 314 2167 maris
324 2142 421 2177 Aegaei
433 2143 503 2170 stilla
514 2145 630 2177 muriae;
644 2149 670 2171 et
679 2149 709 2171 ut
720 2145 747 2170 in
758 2144 863 2170 divitiis
869 2144 961 2171 Croesi
971 2149 1025 2170 ter-
1054 2173 1055 2176 Ἴ

231 2179 306 2204 uncii
318 2180 447 2212 aceessi03
461 2185 487 2206 et
496 2181 596 2216 gradus
607 2190 678 2208 unus
689 2182 717 2208 in
728 2189 758 2208 ea
769 2182 822 2211 via,
831 2189 899 2216 quae
911 2186 951 2208 est
961 2181 1024 2207 hinc

232 2216 259 2241 in
271 2215 387 2242 Indiam:
401 2217 448 2246 sic.
462 2226 546 2252 quum
557 2219 593 2245 sit
603 2219 626 2245 is
637 2219 769 2245 honorum
780 2218 850 2249 finis,
863 2227 945 2253 quem
955 2218 1026 2245 Stoi-

231 2253 256 2278 ci
268 2252 373 2283 dicunt,
391 2255 478 2280 omnis
495 2256 543 2282 ista
559 2264 649 2282 rerum
662 2256 689 2282 in
700 2264 810 2290 corpore
820 2257 933 2282 sitarum
944 2256 1025 2282 aesti-
1054 2277 1055 2284 ,

232 2290 312 2316 matio
323 2290 464 2325 splendore
477 2293 583 2319 virtutis
594 2298 620 2319 et
631 2293 817 2328 magnitudine
830 2293 990 2320 obscuretur
999 2297 1025 2319 et

231 2326 359 2353 obruatur
373 2332 452 2362 atque
468 2330 579 2356 intereat
592 2339 701 2356 necesse
715 2335 764 2356 est.
803 2330 837 2357 Et
847 2330 1025 2366 quemadmo-

231 2363 296 2405 dum
307 2366 546 2401 opportunitas(sic
557 2367 630 2393 enim
641 2367 809 2402 appellemus
820 2367 961 2403 εὐκαιρίαν)
972 2375 1024 2393 non

233 2401 260 2426 ht
280 2402 363 2427 maior
383 2402 557 2436 productione
572 2405 714 2439 temporis,
732 2405 841 2439 (habent
855 2405 928 2431 enim
943 2413 1024 2431 suum

233 2437 342 2464 modum
352 2447 539 2475 quaecumque
549 2446 698 2475 opportuna
704 2441 832 2468 dicuntur
839 2442 856 2477 :)
865 2447 979 2468 sicrecta
985 2441 1026 2468 ef-

234 2472 310 2500 fectio
320 2476 496 2511 (κατόρθωσιν
505 2479 578 2504 enim
588 2479 623 2504 ita
639 2477 757 2512 appello,
778 2479 906 2513 quoniam
922 2484 1024 2505 rectum

234 2508 332 2552 sactum
347 2512 519 2549 κατόρθωμα)
535 2520 604 2541 recta
619 2516 702 2550 igitur
717 2515 833 2546 effectio,
850 2517 914 2542 item
925 2523 1025 2542 couve-

234 2552 346 2578 nientia,
362 2548 477 2584 denique
494 2552 584 2586 ipsum
599 2552 714 2583 bonum,
733 2552 805 2586 quod
821 2553 848 2578 in
863 2561 894 2579 eo
904 2553 1024 2588 positum

233 2588 281 2613 est,
295 2589 324 2609 ut
334 2589 441 2611 naturae
453 2590 608 2619 consentiat,
621 2589 758 2615 crescendi
770 2590 951 2616 accessionem
961 2589 1024 2616 nul-

235 2619 287 2645 lam
301 2620 389 2661 habet.
429 2623 470 2649 46.
492 2625 523 2650 Ut
537 2627 610 2651 enim
623 2627 808 2660 opportunitas
819 2626 878 2657 illa,
895 2628 935 2653 sic
947 2627 1020 2657 haec,

233 2656 266 2682 «le
277 2657 378 2691 quibus
389 2657 458 2690 dixi,
473 2669 524 2687 non
537 2662 603 2688 fiunt
614 2663 741 2698 temporis
751 2663 926 2698 productione
937 2665 1023 2691 maio-

1079 256 1127 273 ncc
1139 247 1225 281 magis
1236 246 1384 280 expetenda
1397 246 1471 273 beata
1484 248 1550 277 vita,
1567 250 1590 275 si
1602 250 1636 275 sit
1649 248 1738 283 longa,
1755 248 1870 282 quamsi

1080 284 1184 309 brevis:
1203 287 1368 318 utunturque
1379 284 1474 310 simili.
1515 285 1560 315 Ut,
1577 286 1600 311 si
1615 286 1738 312 cothurni
1756 285 1813 311 laus
1825 284 1871 311 illa

1048 326 1057 350 J
1079 326 1158 350 essct,
1172 320 1204 347 ad
1235 320 1311 346 edem
1324 330 1337 346 a
1350 325 1383 346 ιω
1394 322 1547 351 convenire,
1561 331 1576 348 n
1615 331 1646 348 ue
1657 322 1734 349 multi
1746 322 1872 349 cothurni

237 368 298 389 tuns
310 362 415 394 egri-,uia
426 359 541 393 ‹pindain
554 359 742 384 exercitatione
755 358 780 383 in
792 357 941 383 dialecticis
952 366 1028 383 sum·
1056 347 1057 364 ¹
1217 329 1234 355 p
1341 329 1350 355 ¹
1579 331 1612 358 eq

1080 359 1173 392 paucis
1188 362 1424 392 anteponerentur,
1446 366 1494 384 nec
1509 360 1623 386 maiores
1639 360 1802 386 minoribns:
1821 361 1870 389 sic.

1079 404 1194 430 quornm
1205 403 1284 421 omne
1296 395 1395 421 bonum
1405 396 1591 423 convenientia
1603 398 1873 432 atqueopportunita-

1080 438 1103 459 te
1120 433 1224 462 linitur,
1247 441 1295 458 nec
1315 432 1391 467 plura
1412 433 1598 467 paucioribus,
1621 442 1669 460 nec
1685 434 1873 470 longinquiora

1080 470 1250 496 brevioribus
1265 474 1468 504 anteponentur.
1510 471 1550 497 Π.
1573 471 1626 497 Nec
1640 479 1703 497 vero
1717 474 1782 498 satis
1796 476 1874 498 acuto

1079 507 1186 534 dicunt:
1204 507 1231 533 Si
1247 506 1314 533 bona
1331 506 1455 533 valetudo
1465 507 1552 542 pluris
1563 508 1727 534 aestimanda
1737 510 1772 535 nit
1784 508 1870 543 longa.

1079 553 1160 579 qnam
1183 545 1286 574 brevis.
1309 545 1456 579 sapientiae
1475 553 1584 579 quoquc
1606 554 1672 571 usus
1697 545 1873 579 longissimus

1079 582 1196 616 quisque
1220 582 1255 607 sit
1275 581 1396 616 plurimi.
1441 582 1498 608 Non
1518 582 1686 617 intelligunt,
1710 575 1873 609 valetudinis

1080 620 1291 645 aestimationem
1308 620 1394 654 spatio
1409 618 1538 645 iudicari:
1565 620 1672 645 virtutis
1687 620 1873 654 opportunita-

1056 675 1057 678 ,
1080 661 1116 682 te:
1136 662 1164 683 ut
1176 656 1330 686 videantur,
1348 657 1395 691 qui
1408 655 1475 682 illud
1487 656 1590 686 dicant,
1606 656 1686 683 iidem
1700 657 1749 683 hoc
1760 665 1819 683 esse
1829 656 1874 683 di-

1079 695 1156 723 cturi,
1171 694 1266 720 bonam
1279 698 1389 719 mortem
1401 698 1426 719 et
1437 693 1537 720 bonum
1548 698 1653 728 partum
1666 694 1803 720 meliorem
1816 693 1873 720 lon-

1084 764 1089 766 *
1491 731 1547 757 Non
1560 731 1666 762 vident,
1679 731 1731 757 alia
1743 731 1874 757 brevitate

1079 767 1166 802 pluris
1181 769 1330 798 aestimari,
1347 768 1398 794 alia
1414 767 1600 794 diuturnitate.
1641 769 1682 794 48.
1705 769 1795 803 ltaque
1809 776 1873 794 con-

1078 810 1234 832 sentaneum
1247 810 1286 831 est
1302 805 1356 834 liis,
1374 813 1443 840 quae
1457 805 1527 831 dicta
1544 810 1619 836 sunt,
1637 806 1738 832 ratione
1754 805 1870 836 illorum.

1078 843 1126 877 qui
1143 843 1219 869 illum
1236 843 1365 869 bonorum
1386 842 1480 872 linem,
1503 842 1576 878 quod
1596 843 1764 877 appellamus
1784 847 1873 868 extre-

1080 888 1167 911 mum,
1185 880 1256 915 quod
1268 879 1408 909 ultimum,
1426 888 1545 906 crescere
1557 885 1651 915 putent
1665 889 1756 915 posse,
1775 879 1872 906 iisdem

1079 917 1192 952 placere,
1206 926 1264 943 esse
1275 917 1358 943 alium
1370 916 1422 942 alio
1430 916 1530 953 [etiam]
1541 918 1740 951 sapientiorem,
1755 918 1873 951 itemque

1056 970 1057 974 =
1079 955 1162 981 alium
1179 955 1264 990 magis
1280 954 1332 981 alio
1349 954 1389 981 vel
1405 963 1514 989 peccare
1526 955 1567 981 vel
1580 959 1648 980 recte
1661 954 1756 980 facere.
1795 952 1873 986 Quod

1079 992 1157 1019 nobis
1173 1000 1224 1018 non
1242 992 1303 1018 licet
1317 991 1420 1018 dicere:
1445 992 1493 1027 qui
1509 999 1628 1018 crescere
1644 992 1774 1018 bonorum
1792 991 1872 1017 finem

1079 1038 1130 1056 non
1148 1034 1284 1064 putamus.
1324 1029 1357 1055 Ut
1371 1030 1458 1059 enim,
1474 1029 1522 1063 qui
1538 1028 1654 1055 demersi
1670 1034 1733 1055 sunt
1750 1029 1775 1054 in
1792 1036 1871 1063 aqua,

1079 1067 1164 1093 nihilo
1176 1066 1262 1101 magis
1274 1067 1404 1100 respirare
1416 1071 1540 1101 possunt,
1559 1066 1582 1092 si
1597 1075 1648 1092 non
1662 1065 1738 1101 longe
1749 1065 1849 1091 absunt
1858 1073 1873 1090 a

1078 1112 1198 1134 summo,
1221 1108 1251 1130 ut
1266 1103 1318 1129 iam
1336 1104 1443 1138 iamque
1459 1104 1562 1138 possint
1579 1111 1729 1139 emergere,
1751 1111 1833 1137 quam
1849 1102 1874 1128 si

1079 1142 1158 1167 etiam
1174 1145 1231 1167 tum
1246 1145 1336 1166 essent
1351 1141 1378 1167 in
1394 1140 1540 1175 profundo:
1559 1148 1608 1166 nec
1623 1140 1728 1166 catulus
1742 1140 1801 1169 ille,
1824 1139 1872 1174 qui

1056 1183 1057 1186 ’
1080 1180 1132 1204 iam
1143 1178 1349 1213 appropinquat,
1364 1182 1393 1204 ut
1404 1177 1502 1207 videat,
1519 1177 1581 1212 plus
1591 1178 1684 1207 cernit,
1696 1185 1778 1211 quam
1790 1177 1813 1202 is
1824 1176 1873 1211 qui

1080 1215 1158 1242 modo
1169 1220 1209 1241 est
1219 1220 1310 1241 natus:
1327 1215 1400 1245 item.
1413 1214 1771 1249 quiprocessitaliquantum
1779 1214 1811 1239 ad
1819 1214 1874 1239 vir·

1056 1252 1057 1256 ’
1079 1254 1143 1279 tutis
1158 1252 1274 1282 aditum,
1292 1251 1470 1278 nihilominus
1485 1253 1512 1278 in
1528 1252 1635 1278 miseria
1651 1256 1703 1281 est,
1719 1259 1802 1286 quam
1816 1250 1871 1281 ille,

1079 1291 1126 1325 qui
1143 1289 1210 1316 nibil
1228 1290 1368 1324 processit.
1407 1289 1466 1315 XV.
1488 1289 1557 1315 llaec
1573 1288 1706 1314 mirabilia
1723 1288 1810 1314 videri
1831 1288 1874 1314 in-

1080 1365 1122 1390 his
1138 1369 1226 1390 autem
1243 1372 1272 1390 ea
1288 1368 1465 1390 consentanea
1480 1368 1505 1390 et
1519 1363 1724 1398 consequentia;
1741 1371 1774 1389 ne
1785 1362 1874 1388 deeo-

1079 1410 1138 1428 rum
1157 1401 1268 1436 quidem
1287 1402 1397 1427 veritate
1413 1406 1453 1427 est
1473 1400 1664 1427 dubitandum.
1704 1399 1758 1426 Sed
1777 1407 1874 1434 quam-

1078 1448 1160 1474 quam
1175 1444 1272 1474 negant
1283 1447 1332 1465 nec
1343 1439 1456 1464 virtutes
1468 1446 1517 1464 nec
1528 1438 1592 1464 vitia
1607 1445 1740 1464 crescere:
1757 1442 1872 1463 attamen

1078 1482 1223 1511 utrumque
1233 1484 1326 1502 eorum
1339 1475 1415 1501 fundi
1427 1475 1544 1510 quodam
1556 1473 1873 1509 modo,etquasidilatari

1078 1518 1182 1548 putant.
1223 1515 1264 1539 49.
1280 1514 1394 1539 Divitias
1405 1518 1494 1539 autem
1506 1513 1637 1548 Diogenes
1647 1517 1738 1538 censet
1750 1519 1802 1537 non
1813 1519 1873 1536 eam

1079 1551 1158 1577 modo
1173 1551 1229 1577 vim
1245 1550 1357 1580 habere,
1374 1554 1403 1576 ut
1413 1550 1492 1585 quasi
1503 1549 1587 1576 duces
1597 1550 1652 1575 sint
1663 1549 1697 1575 ad
1709 1548 1872 1583 voluptatem

1078 1593 1102 1614 et
1112 1588 1145 1614 ad
1156 1587 1341 1614 valetudinem
1351 1587 1458 1617 bonam,
1466 1586 1515 1613 sed
1526 1587 1616 1617 etiam,
1624 1591 1654 1613 ut
1664 1594 1694 1612 ea
1703 1586 1871 1612 contineant:

1078 1634 1130 1652 non
1147 1625 1218 1651 idem
1233 1624 1320 1651 facere
1335 1633 1380 1651 eas
1396 1625 1424 1651 in
1439 1625 1538 1650 virtute
1553 1632 1641 1658 neque
1657 1624 1685 1650 in
1700 1623 1796 1649 ceteris
1809 1622 1874 1648 arti·

1056 1687 1057 1690 ,
1078 1662 1143 1693 bus,
1161 1662 1194 1688 ad
1207 1670 1276 1697 quas
1290 1670 1349 1688 esse
1365 1661 1422 1688 dux
1436 1661 1551 1696 pecunia
1563 1665 1662 1695 potest,
1677 1661 1814 1686 continere
1824 1667 1873 1685 au-

1055 1713 1056 1724 }
1078 1705 1130 1726 tem
1148 1708 1199 1725 non
1215 1704 1310 1734 potest.
1349 1699 1440 1733 Itaque
1456 1699 1478 1724 si
1494 1697 1617 1732 voluptas
1629 1702 1674 1723 aut
1684 1698 1708 1723 si
1719 1697 1787 1723 bona
1799 1695 1873 1722 vale-

1077 1736 1142 1763 tudo
1157 1737 1191 1763 sit
1207 1737 1234 1763 in
1250 1736 1342 1766 bonis,
1362 1735 1472 1762 divitias
1486 1743 1594 1769 quoque
1610 1735 1638 1760 in
1654 1734 1734 1760 bonis
1749 1741 1809 1759 esse
1825 1741 1873 1768 po-

1078 1773 1193 1800 nendas:
1207 1778 1241 1804 at,
1250 1774 1274 1799 si
1285 1773 1415 1807 sapientia
1427 1772 1528 1798 bonum
1539 1772 1583 1802 sit,
1592 1780 1644 1798 non
1651 1771 1738 1805 sequi,
1752 1775 1781 1797 ut
1791 1771 1872 1796 etiam

1077 1810 1187 1837 divitias
1202 1810 1303 1836 bonum
1319 1818 1377 1836 esse
1393 1809 1528 1841 dicamus3
1552 1817 1601 1835 nec
1616 1808 1650 1834 ab
1663 1808 1718 1834 ulla
1739 1815 1780 1837 re,
1803 1815 1873 1842 quae

1078 1855 1130 1874 non
1141 1849 1177 1874 sit
1187 1848 1215 1874 in
1227 1847 1319 1878 bonis,
1337 1846 1379 1877 id,
1396 1846 1469 1881 quod
1480 1847 1515 1872 sit
1526 1846 1554 1872 in
1567 1846 1658 1876 bonis,
1676 1845 1809 1871 contineri
1824 1853 1872 1879 po-

1078 1890 1141 1912 test:
1159 1884 1194 1911 ob
1209 1892 1321 1919 eamque
1337 1892 1474 1914 caussam,
1492 1883 1556 1918 quia
1571 1883 1739 1918 cognitiones
1749 1889 1873 1916 compre—

1055 1941 1057 1946 .
1077 1922 1277 1957 hensiouesque
1289 1929 1386 1951 rerum,
1398 1929 1412 1947 e
1423 1920 1525 1956 quibus
1536 1919 1692 1946 efficiuntur
1703 1924 1780 1949 artes,
1789 1927 1872 1953 appe-

1054 1965 1056 1980 ἲ
1077 1959 1184 1986 titiones
1196 1963 1318 1985 movent:
1331 1966 1417 1993 quum
1427 1958 1540 1984 divitiae
1550 1965 1602 1984 non
1614 1957 1669 1983 sint
1679 1956 1801 1986 inbonis,
1809 1955 1873 1982 nul—

1054 1999 1056 2012 ’
1078 1996 1101 2022 la
1117 2005 1159 2023 ars
1174 1996 1280 2022 divitiis
1295 1995 1426 2022 contineri
1442 1999 1538 2030 potest.
1577 1995 1619 2021 50.
1640 1993 1718 2025 Quod
1729 1994 1752 2019 si
1763 1992 1796 2019 de
1807 1993 1872 2019 arti-

1054 2050 1055 2053 =
1077 2034 1128 2060 bus
1139 2033 1332 2064 concedamus,
1349 2033 1457 2059 virtutis
1473 2037 1561 2058 tamen
1576 2039 1629 2058 non
1643 2031 1679 2056 sit
1688 2030 1782 2056 eadem
1793 2030 1869 2060 ratio,

1076 2076 1215 2106 propterea
1239 2070 1313 2105 quod
1337 2070 1402 2096 haec
1429 2069 1562 2104 plurimae
1585 2067 1818 2095 commentationis
1846 2072 1872 2093 et

1054 2120 1055 2126 κ
1076 2108 1274 2134 exercitationis
1285 2107 1417 2143 indigeat:
1433 2106 1506 2141 quod
1517 2106 1588 2132 idem
1601 2106 1629 2132 in
1642 2104 1745 2131 artibus
1756 2112 1810 2130 non
1820 2104 1869 2130 sit:

1076 2150 1101 2171 et
1115 2145 1188 2180 quod
1203 2146 1290 2171 virtus
1305 2144 1477 2170 stabilitatem
1487 2164 1493 2174 ,
1510 2143 1674 2173 firmitatem,
1693 2141 1869 2168 constantiam

1054 2185 1055 2188 ’
1076 2183 1157 2209 totius
1172 2183 1243 2208 vitae
1258 2181 1462 2216 complectatur,
1479 2189 1528 2207 nec
1543 2180 1609 2206 haec
1623 2179 1717 2206 eadem
1728 2179 1756 2205 in
1766 2177 1870 2205 artibus

1076 2227 1135 2246 esse
1146 2219 1299 2245 videamus.

1054 2286 1055 2291 ¹
1130 2257 1262 2291 Deinceps
1277 2255 1428 2290 explicatur
1447 2254 1597 2281 differentia
1616 2261 1720 2280 rerum:
1742 2259 1823 2286 quam
1844 2253 1868 2278 si

1054 2294 1055 2310 ³
1076 2301 1129 2320 non
1141 2293 1224 2320 ullam
1240 2301 1299 2319 esse
1310 2293 1461 2319 diceremus
1472 2297 1497 2318 et
1508 2290 1717 2318 confunderetur
1726 2289 1815 2315 omnis
1825 2289 1868 2314 vi-

1076 2336 1110 2361 ta,
1123 2335 1153 2357 ut
1163 2330 1197 2357 ab
1203 2331 1340 2357 Aristone:
1357 2337 1444 2365 neque
1456 2329 1543 2355 ullum
1554 2327 1701 2363 sapientiae
1712 2334 1812 2352 munus
1822 2331 1868 2352 aut

1075 2376 1144 2402 opus
1155 2368 1335 2398 inveniretur,
1352 2375 1438 2402 quum
1448 2367 1518 2393 inter
1528 2374 1570 2392 res
1579 2373 1637 2395 eaS,
1652 2371 1722 2398 quae
1735 2362 1769 2388 ad
1784 2363 1866 2388 vitam

1075 2404 1227 2440 degendam
1236 2404 1409 2439 pertinerent,
1422 2403 1491 2430 nihil
1502 2403 1612 2430 omnino
1623 2401 1770 2429 interesset.
1779 2407 1867 2434 neque

1076 2441 1163 2468 ullum
1174 2441 1308 2468 delectum
1319 2441 1442 2467 adhiberi
1453 2444 1593 2475 oporteret.
1625 2438 1716 2472 ltaque
1727 2445 1813 2471 quum
1823 2445 1868 2462 es-

1076 2484 1115 2505 set
1125 2480 1190 2505 satis
1200 2479 1388 2508 constitutum,
1402 2477 1430 2504 id
1441 2477 1529 2504 solum
1539 2484 1598 2502 esse
1608 2474 1709 2501 bonum
1717 2494 1723 2504 ,
1741 2473 1814 2508 quod
1823 2481 1867 2499 es-

1075 2521 1115 2542 set
1126 2516 1281 2546 honestum,
1303 2521 1329 2542 et
1339 2514 1368 2541 id
1378 2514 1481 2541 malum
1494 2513 1596 2543 solum,
1612 2511 1684 2546 quod
1701 2516 1791 2545 turpe:
1808 2515 1866 2537 tum

1053 2549 1054 2557 ¹
1075 2554 1144 2579 inter
1160 2553 1218 2584 illa,
1234 2561 1304 2587 quae
1319 2551 1388 2578 nihil
1403 2550 1521 2577 valerem
1536 2549 1570 2576 ad
1585 2549 1661 2575 beate
1676 2549 1808 2574 misereve
1823 2548 1867 2573 vi—

1074 2590 1207 2620 vendum,
1225 2589 1330 2624 aliquid
1345 2594 1447 2618 tamen,
1463 2595 1518 2622 quo
1530 2586 1680 2614 differrent,
1697 2593 1757 2611 esse
1772 2583 1866 2611 volue-

1052 2644 1053 2649 η
1074 2632 1149 2657 runt,
1165 2632 1195 2653 ut
1209 2631 1298 2652 essent
1312 2634 1405 2652 eorum
1420 2624 1470 2650 alia
1486 2623 1678 2652 aestimabilia,
1695 2622 1748 2648 alia
1762 2627 1862 2651 contra,

1052 2655 1053 2685 i
1073 2663 1124 2690 alia
1144 2669 1279 2690 neutrum.
1319 2664 1362 2689 5¹.
1383 2662 1510 2697 Quaeque
1531 2666 1620 2687 autem
1640 2658 1805 2686 aestimanda
1821 2666 1866 2684 es-
