1941 3052
221 144 265 168 ,ιιιε
790 146 831 169 23.
867 143 901 169 Μ.

220 213 294 239 -iolis
312 213 344 239 ad
363 215 460 239 unni-os
481 218 539 239 tuos
563 213 697 246 gloriaris,
724 213 776 239 il-s'
795 222 821 238 u.
863 212 915 238 Sed
934 212 1014 239 fucrit

220 252 274 276 lt-s'
290 259 306 276 ti
321 251 352 280 S,
373 252 498 285 (proniani
515 255 541 276 tu
557 255 657 276 tantum
673 259 686 275 n
701 250 854 276 civitatibus
870 251 895 276 in
911 250 1013 276 modion

219 288 341 320 singulos
355 289 477 320 exegisti.
500 289 598 318 Quum,
615 288 637 312 si
653 287 770 312 solveres
785 287 883 312 Sit-ulis
899 291 1010 316 tantum,

218 330 348 359 ‹piantum
365 325 481 359 populns
496 325 630 350 ltomanus
645 324 771 354 iusserat,
792 324 941 350 aratoribus
957 324 1012 350 lieri

218 363 401 395 erutis-‘imum
418 367 519 396 possi-t:
537 366 563 387 tn
580 370 630 386 non
646 361 724 386 modo
737 370 782 387 eos
796 362 924 396 accipere,
940 361 1012 396 quod

218 399 367 433 oportebat,
385 399 508 427 noluisti,
525 397 571 424 sed
586 398 665 423 otiam
680 398 756 428 «inre,
777 398 849 433 quod
865 407 916 424 non
930 398 1013 424 debe-

220 438 294 465 bant,
315 436 434 468 coegisti.
478 436 534 461 ⁴75.
557 435 643 469 Atque
659 435 722 461 baec
737 436 770 461 ita
785 440 858 468 gesta
878 444 950 465 esse,
971 435 1013 461 iu-

218 474 304 501 ‹live-s,
326 473 475 505 cognoscito
494 477 518 498 ct
537 481 569 498 ex
590 472 683 498 litteris
703 473 820 507 publicis
834 473 973 499 civitatum
987 477 1012 499 et

218 519 249 536 vx
266 510 424 536 testimoniis
439 509 569 544 publicis:
588 510 613 535 in
627 510 729 544 quibus
745 510 810 536 nibil
827 510 927 540 fictum,
944 509 1011 536 nibil

218 548 249 572 :nl
266 552 370 581 tempus
385 546 612 572 accommodatum
628 547 793 581 intelligetis.
824 547 928 577 Omnia,
944 556 1012 582 quae

217 585 345 613 ‹lii-imus,
367 583 514 610 rationibus
534 583 693 618 populorum
713 594 763 611 non
783 585 946 619 interpositis
966 593 1012 611 ne-

216 630 269 655 qnc
285 621 446 655 perturbatis
461 630 548 656 neque
562 622 719 656 repentinis,
736 621 782 648 sed
797 623 886 652 certia,
903 622 1012 648 institu-

218 660 263 688 tis,
284 658 376 684 ordine
395 658 475 684 relata
490 663 569 693 atquc
583 658 700 685 confecta
715 664 788 685 sunt.
829 660 918 686 Recita
933 660 1012 686 ratio-

217 704 264 722 nes
279 695 474 722 llalcsinorum.
515 696 564 723 Cui
585 697 724 730 pecuniam
744 696 832 723 datam
846 696 930 723 dicit?
955 697 1009 727 Dic,

216 732 475 759 ‹1i‹·‹·1inmcturi11s.
507 742 664 764 VOLcArtO,
681 742 874 764 rinAnnnini,
891 743 1010 760 κΑκνιυ.

219 771 335 797 Lxxvt.
357 770 427 802 Quid
442 775 491 801 est,
508 770 620 797 Verres?
638 772 675 797 Ne
690 770 762 797 illam
777 771 887 806 quidem
903 771 950 797 tibi
965 771 1012 797 de-

217 808 365 834 fensionem
385 807 514 842 reliquam
535 808 634 839 fecisti,
655 809 792 843 mancipes
811 810 837 835 in
857 809 916 834 istis
931 808 1011 834 rebus

216 854 275 871 csse
302 844 438 871 versatos?
476 846 611 880 mancipes
639 845 801 872 frumentum
829 845 1012 880 improbasse?

217 883 352 917 mancipes
368 882 452 917 pretio
465 891 526 908 cum
541 883 696 909 civitatibus
710 883 843 909 decidisse
861 888 886 909 et
904 882 1010 909 cosdem

216 920 264 946 abs
279 925 303 946 te
318 919 424 946 illarum
438 920 577 946 civitatum
593 921 700 946 nomine
715 921 841 955 pecunias
855 920 1009 949 abstulisse,

215 957 312 983 ‹lcindc
329 957 400 991 ipsos
415 957 467 983 sibi
483 956 647 983 frumentum
661 958 805 989 cnemis-sm
822 958 888 984 nihil
905 958 968 984 baec
979 957 1010 983 ad

217 1000 240 1021 te
264 994 412 1029 pcrtinerc‘?
442 994 510 1020 Mala
534 994 686 1021 mehercule
708 1004 738 1021 ac
761 996 856 1021 misera
880 995 1008 1025 defensio,

217 1036 362 1067 praetorem
383 1031 431 1058 hoc
450 1031 550 1062 dicere,
579 1040 628 1067 ego
647 1032 811 1059 frumentum
831 1041 918 1067 neque
936 1032 1009 1067 attigi

210 1077 303 1104 ¹neque
321 1070 428 1103 aspexi;
454 1069 624 1104 mancipibus
644 1074 800 1104 potestatem
816 1069 944 1104 probandi
960 1070 1010 1095 im-

217 1106 400 1141 probandique
419 1107 543 1141 permisi,
568 1107 704 1142 mancipes
723 1116 736 1133 a
754 1107 909 1133 civitatibus
929 1115 1011 1142 pecu-

216 1144 273 1170 nias
287 1148 467 1176 extorserunt,
491 1153 540 1179 ego
554 1149 656 1174 autem,
671 1153 753 1179 quam
769 1145 908 1179 pecuniam
924 1153 1011 1179 popu—

217 1181 248 1207 lis
262 1181 325 1207 dare
338 1181 429 1212 debui,
447 1181 615 1216 mancipibus
629 1181 702 1208 dedi.
738 1183 794 1208 ⁴76.
811 1182 877 1208 Mala
892 1186 932 1208 est
947 1182 1010 1208 haec

213 1218 339 1253 quidem,
365 1222 394 1245 ut
411 1218 482 1250 dixi,
510 1218 631 1245 defensio
648 1228 678 1245 ac
696 1219 785 1254 potius
804 1219 905 1254 perdita
925 1219 1010 1245 maxi-

215 1265 319 1282 morum
343 1260 525 1290 peccatorum,
553 1256 635 1282 huius
657 1261 746 1283 autem
769 1262 794 1283 et
817 1257 966 1292 iniquitatis
985 1261 1010 1282 et

214 1294 323 1319 inertiae
337 1293 482 1324 confessio,
504 1302 554 1320 non
569 1293 690 1320 defensio
703 1294 839 1326 criminis,
859 1294 906 1320 sed
922 1299 1008 1320 tamen

215 1331 263 1357 hac
278 1331 335 1365 ipsa
351 1330 408 1361 tibi,
425 1331 449 1356 si
463 1331 501 1357 uti
516 1331 619 1365 cupias,
636 1340 687 1357 non
703 1331 776 1357 licet:
794 1336 863 1358 vetat
878 1336 902 1358 te
917 1331 1010 1357 Volca-

215 1369 281 1399 tius,
302 1372 362 1394 tuae
377 1372 538 1403 tuorumque
551 1368 676 1399 deliciae,
697 1369 858 1395 mentionem
878 1369 1009 1403 mancipis

216 1405 308 1431 facere.
332 1405 515 1431 Timarchides
525 1409 623 1437 autem,
632 1405 755 1432 columen
767 1405 884 1432 familiae
895 1411 1006 1437 vestrae,

214 1443 310 1477 premit
324 1441 414 1469 fauces
427 1442 591 1469 defensionis
606 1447 679 1475 tuae;
699 1444 742 1470 cui
757 1443 839 1469 simul
853 1448 879 1470 ct
893 1443 1009 1470 Volcatio

214 1480 325 1514 pecunia
344 1488 357 1506 a
380 1480 487 1506 civitate
510 1485 647 1506 numerata
670 1485 719 1507 est.
760 1482 813 1507 lam
837 1490 899 1507 vero
922 1481 1008 1507 scriba

213 1522 276 1543 tuus
294 1516 393 1544 annulo
411 1525 491 1544 aureo
509 1526 570 1549 suo,
591 1526 672 1552 quem
691 1527 725 1545 ex
743 1518 785 1544 his
800 1518 880 1545 rebus
895 1518 1006 1549 invenit,

212 1555 262 1580 ista
283 1559 306 1581 te
324 1555 424 1581 ratione
442 1555 481 1581 uti
500 1563 552 1581 non
571 1555 650 1582 sinet.
690 1555 761 1588 Quid
784 1555 866 1591 igitur
888 1560 929 1582 est
946 1555 1010 1582 reli-

211 1601 306 1626 quum,
323 1592 374 1618 nisi
390 1592 428 1618 uti
443 1591 539 1618 fateare
553 1597 577 1618 te
587 1593 697 1619 Romam
712 1592 876 1619 frumentum
888 1598 1008 1627 emptum

213 1629 365 1655 Siculorum
380 1630 493 1664 pecunia
508 1629 629 1661 misisse,
650 1629 786 1664 publicam
805 1630 947 1665 pecuniam
961 1629 1009 1657 do-

212 1675 285 1692 mum
314 1671 386 1693 tunm
413 1666 594 1693 convertisse?
631 1666 654 1694 Ο
678 1667 843 1694 consuetudo
869 1667 1006 1702 peccandi,

211 1708 339 1738 quantam
358 1704 440 1730 habes
459 1704 651 1730 iucunditatem
666 1704 796 1739 improbis
810 1709 836 1731 et
849 1704 1005 1736 audacibus,

211 1749 296 1775 quam
321 1749 404 1775 poena
422 1740 508 1767 abfuit
525 1745 551 1767 et
569 1741 674 1768 licentia
693 1746 834 1768 consecuta
852 1743 906 1768 est!
949 1743 1006 1768 ⁴77.

212 1779 264 1804 Iste
279 1778 305 1804 in
321 1778 369 1804 boc
383 1786 479 1813 genere
494 1778 632 1813 peculatus
647 1787 698 1805 non
713 1788 785 1805 nunc
799 1779 917 1813 primum
931 1779 1008 1806 inve-

212 1815 298 1841 nitur:
325 1815 371 1842 sed
390 1824 461 1841 nunc
479 1815 588 1842 demum
603 1820 716 1843 tenetur.
758 1816 882 1843 Vidimus
897 1816 961 1843 huic
974 1817 1007 1843 ab

212 1853 312 1879 aerario
334 1853 475 1887 pecuniam
500 1853 634 1879 numerari
655 1854 790 1888 quaestori
813 1853 847 1880 ad
867 1858 1006 1888 sumptum

212 1890 345 1916 exercitus
358 1889 521 1916 consularis:
550 1890 668 1917 vidimus
687 1892 779 1925 paucis
793 1895 853 1926 post
866 1891 1006 1918 mensibus

211 1931 237 1953 et
251 1927 397 1953 exercitum
411 1931 437 1953 et
449 1927 587 1954 consulem
601 1927 754 1962 spoliatum.
793 1928 840 1954 Illa
858 1929 946 1955 omnis
960 1937 1007 1963 pe-

211 1964 290 1991 cunia
309 1963 385 1990 latuit
403 1965 430 1991 in
448 1964 494 1990 illa
512 1964 626 2000 caligine
643 1974 673 1991 ac
692 1965 822 1997 tenebris,
842 1974 912 2000 quae
926 1971 1005 1992 totam

210 2001 405 2036 rempublicam
425 2006 482 2028 tum
500 2007 703 2036 occupaverant.
744 2003 844 2029 Iterum
861 2004 947 2038 gessit
960 2003 1007 2029 he-

211 2038 362 2065 reditariam
375 2043 548 2073 quaesturam
563 2048 624 2066 cum
638 2039 782 2066 Dolabella.
822 2040 946 2076 Magnam
960 2049 1007 2075 pe-

210 2076 317 2103 cuniam
335 2077 444 2108 averti23
472 2076 520 2103 sed
538 2077 597 2103 eius
615 2077 744 2103 rationem
761 2086 823 2104 cum
837 2077 1006 2104 damnatione

211 2113 360 2140 Dolabellae
381 2113 546 2148 permiscuit.
587 2114 736 2141 Commissa
755 2119 796 2141 est
808 2115 922 2149 pecunia
936 2120 1006 2141 tanta

210 2151 334 2186 praetori.
374 2151 432 2177 Non
450 2151 588 2186 reperietis
606 2151 742 2178 hominem
761 2152 855 2178 timide
873 2161 922 2178 nec
940 2152 1007 2179 levi-

209 2193 250 2214 ter
268 2188 332 2214 haec
350 2188 550 2223 improbissima
570 2188 642 2215 lucra
657 2189 855 2225 ligurrientem3
879 2189 1006 2216 devorare

209 2233 316 2252 omnem
330 2226 472 2260 pecuniam
486 2225 622 2261 publicam
637 2235 688 2253 nun
703 2226 846 2253 dubitavit.
872 2227 908 2253 lta
922 2228 1007 2262 serpit

208 2262 278 2289 illud
296 2263 408 2289 insitum
422 2267 516 2290 natura
529 2263 644 2295 malum,
665 2264 859 2291 consuetudine
878 2264 1006 2299 peccandi

210 2299 305 2331 libera,
331 2300 410 2327 finem
434 2300 560 2327 audaciae
582 2305 611 2327 ut
628 2305 744 2328 statuere
762 2302 820 2336 ipse
838 2310 890 2328 uon
909 2302 1003 2336 possit.

211 2338 268 2363 ⁴78.
284 2338 399 2364 Tenetur
408 2338 491 2373 igitur
505 2337 657 2373 aliquando,
673 2343 700 2365 et
713 2339 740 2365 in
754 2339 836 2365 rebus
848 2347 935 2374 quum
948 2348 1006 2365 ma-

209 2375 290 2401 ximis
309 2379 365 2401 tum
385 2375 533 2401 manifestis
552 2380 664 2402 tenetur.
704 2376 793 2411 Atque
810 2376 838 2402 in
856 2385 914 2402 eam
932 2376 1006 2402 frau—

209 2411 270 2438 dem
285 2412 352 2438 mihi
367 2412 472 2438 videtur
485 2412 617 2440 divinitus
634 2413 775 2445 incidisse,
797 2421 849 2440 non
868 2413 956 2440 solum
975 2418 1005 2440 ut

209 2457 253 2474 cas
268 2458 374 2483 poenas,
390 2458 459 2484 quas
473 2450 594 2485 proxime
607 2451 759 2482 meruisset,
775 2450 898 2481 solveret.
914 2451 962 2477 sed
975 2456 1005 2477 ut

209 2485 255 2511 illa
269 2487 348 2513 etiam
362 2486 462 2513 scelera
474 2487 533 2513 eius
547 2488 575 2514 in
589 2488 737 2515 Carbonem
755 2492 781 2514 et
798 2488 826 2514 in
839 2487 1003 2514 Dolabellam

210 2522 416 2550 vindicarentur.
457 2524 586 2551 LXXVII.
608 2525 714 2552 Etenim
733 2533 801 2552 nova
822 2533 930 2560 quoque
952 2525 1003 2551 alia

210 2568 251 2585 res
261 2560 372 2591 exstitit,
383 2561 495 2592 iudices.
507 2562 535 2588 in
545 2562 595 2589 boc
604 2563 725 2593 crimine,
732 2571 802 2597 quae
811 2561 886 2588 tollat
896 2570 1003 2588 omnem

209 2596 403 2623 dubitationem
430 2599 576 2632 superioris
601 2599 677 2626 illius
701 2600 844 2626 decumani
869 2599 1001 2626 criminis.

209 2633 275 2660 Nam
284 2655 290 2665 ,
306 2639 335 2660 ut
349 2634 417 2660 illud
431 2635 546 2662 missum
560 2636 668 2668 faciam,
685 2636 833 2672 permultos
846 2641 961 2663 aratores
974 2637 1002 2663 in

1036 1587 1038 1599 l

209 2670 304 2697 alteras
322 2671 462 2703 decumas,
487 2677 513 2698 et
535 2673 562 2699 in
586 2673 650 2700 haec
669 2682 745 2701 loccc
763 2673 847 2700 millia
871 2673 999 2705 modium,
1023 2694 1033 2700 „

936 143 966 169 T.
1001 141 1276 169 etet-:nortis

1064 213 1135 247 quod
1150 217 1270 247 emptum
1286 212 1385 247 populo
1398 213 1515 240 Romano
1527 214 1632 245 darent,
1653 222 1706 241 non
1720 214 1855 245 hubuisse.

1065 249 1111 275 secl
1126 258 1140 275 n
1155 255 1200 275 tuo
1219 255 1397 283 proeuratore.
1419 250 1467 277 boc
1484 256 1524 278 eut
1542 252 1575 278 ab
1594 252 1723 286 Apronio,
1743 252 1855 278 emisse:

1065 295 1097 312 vx
1111 295 1165 321 quo
1180 286 1292 321 intelligi
1308 292 1406 321 pou—nt.
1427 288 1492 314 nibil
1509 294 1532 315 te
1546 289 1694 315 aratoribus
1708 288 1804 324 reliqui
1820 289 1859 316 fe-

1064 325 1147 349 cisse:
1174 329 1202 349 ut
1217 324 1264 349 lioe
1280 329 1454 357 praeteream.
1495 326 1545 352 uod
1565 326 1710 352 multorum
1729 331 1768 352 est
1783 327 1859 353 testi-

1066 361 1162 387 moniis
1177 361 1343 395 expositum:
1361 367 1447 396 potest
1460 334 1506 388 illo
1519 363 1668 398 quidquam
1679 372 1738 389 esse
1747 364 1854 393 certius.

1066 399 1091 424 in
1111 403 1154 423 tua
1174 403 1302 432 potestate
1320 403 1400 433 atque
1419 399 1445 426 in
1465 400 1518 426 tui»
1533 400 1633 427 boi-reiis
1646 410 1724 427 omne
1739 400 1860 427 frumen·

1066 440 1121 461 tum
1136 435 1241 461 Siciliae
1260 444 1306 469 per
1325 436 1468 462 triennium
1487 442 1566 471 atque
1579 447 1671 464 ornnes
1686 438 1788 464 fructus
1802 439 1858 473 agri

1063 473 1205 498 decumani
1221 472 1324 498 fuisse?
1354 474 1409 499 179.
1425 475 1513 505 Quum
1529 475 1599 501 enini
1614 484 1628 501 u
1641 475 1797 501 civitatibus
1812 484 1859 509 pro

1066 509 1199 536 frumento
1213 511 1353 544 pecuniam
1368 511 1507 544 exigebas.
1529 511 1599 537 unde
1613 517 1668 538 erat
1681 512 1855 542 frumentum,

1064 547 1136 582 quod
1151 548 1260 573 Romam
1276 548 1403 574 mitteres.
1419 548 1442 574 si
1459 553 1485 574 tu
1501 548 1526 575 id
1542 558 1593 575 non
1607 558 1685 575 omne
1699 549 1821 575 clausum
1833 555 1858 576 ct

1063 592 1248 619 compressum
1268 584 1442 619 possidebas?
1467 586 1503 611 lta
1523 586 1548 612 in
1563 594 1594 612 eo
1608 585 1740 612 frumento
1754 587 1858 620 primus

1064 622 1112 648 tibi
1128 621 1172 648 ille
1186 627 1314 656 quaestus
1333 627 1387 648 erat
1406 623 1495 657 ipsum
1515 622 1694 653 frumentum.
1714 623 1786 658 quod
1803 629 1858 650 erut

1040 670 1042 695 3
1063 664 1184 693 ereptum
1202 659 1236 685 ab
1254 659 1415 686 aratoribus:
1441 660 1520 690 alter,
1544 660 1616 695 quod
1635 660 1662 686 id
1681 660 1855 689 frumentum.

1040 698 1042 733 J
1064 696 1263 731 improbissime
1278 705 1324 731 per
1339 697 1483 724 triennium
1499 702 1618 732 partum.
1635 706 1686 724 non
1700 697 1793 727 semel.
1811 697 1857 724 sed

1064 734 1118 763 bis,
1143 742 1230 769 neque
1249 743 1314 764 uno,
1337 734 1384 760 sed
1402 734 1509 761 duobus
1529 735 1621 769 pretiis
1640 743 1724 761 unum
1742 739 1768 761 et
1786 735 1856 761 idem

1040 789 1041 795 ,
1064 770 1229 797 frumentum
1244 771 1403 798 vendidisti:
1428 771 1510 798 semel
1524 772 1693 802 civitatibus,
1710 772 1765 798 tt-S
1778 780 1814 798 xv
1830 772 1856 799 in

1064 808 1244 840 medimnum:
1261 809 1357 835 iterum
1372 809 1471 843 populo
1485 810 1610 839 Romano,
1626 818 1640 836 a
1653 818 1709 844 quo
1721 808 1778 836 11-S
1790 817 1857 835 xvni

1063 846 1089 872 in
1117 846 1264 876 medimna.
1295 855 1342 880 pro
1367 847 1459 873 eodem
1486 846 1533 873 illo
1556 846 1688 873 frumento
1710 845 1856 873 abstulisti.

1064 885 1121 909 ⁴80.
1144 884 1176 909 At
1198 884 1269 909 enim
1294 883 1458 910 frumentum
1478 884 1713 919 Centuripinorum
1736 888 1762 910 et
1779 884 1858 919 Agri-

1062 921 1232 955 gentinorum
1247 925 1272 946 et
1286 921 1476 948 nonnullorum
1491 921 1600 948 fortasse
1615 926 1748 956 praeterea
1762 920 1858 956 proba-

1062 959 1096 984 sti
1114 962 1139 983 et
1158 957 1200 984 his
1219 958 1326 992 populis
1349 959 1490 993 pecuniam
1513 958 1672 985 dissolvisti.
1712 958 1772 985 Sint
1793 966 1858 985 sane

1062 994 1167 1029 aliquae
1186 996 1307 1021 civitates
1326 995 1354 1022 in
1372 1004 1404 1022 eo
1418 1004 1541 1027 numero.
1561 1004 1677 1031 quarum
1691 995 1856 1022 frumentum

1063 1032 1212 1067 improbare
1231 1032 1358 1059 nolueris.
1398 1032 1469 1065 Quid
1488 1032 1613 1060 tandem?
1638 1033 1681 1060 his
1702 1032 1857 1060 civitatibus

1061 1071 1184 1096 omnisne
1198 1070 1325 1104 pecunia,
1341 1078 1410 1105 quae
1424 1079 1472 1105 pro
1485 1069 1619 1097 frumento
1632 1070 1721 1097 debita
1736 1074 1785 1101 est,
1800 1069 1859 1096 dis-

1061 1106 1148 1133 soluta
1162 1106 1220 1133 est‘?
1233 1107 1320 1134 Unum
1336 1107 1402 1134 mihi
1417 1108 1502 1142 reperi
1517 1116 1569 1135 non
1583 1107 1723 1143 populum,
1739 1106 1787 1134 sed
1800 1115 1859 1134 ara-

1061 1149 1158 1171 torem:
1175 1144 1245 1175 vide,
1261 1153 1368 1179 quaere.
1380 1145 1565 1180 circumspice,
1581 1146 1678 1180 siquis
1692 1144 1758 1171 forte
1771 1149 1811 1171 est
1824 1152 1859 1171 ex

1038 1191 1040 1207 x
1061 1190 1090 1208 ea
1106 1182 1254 1216 prouincia,
1275 1182 1302 1208 in
1315 1186 1410 1217 quatu
1430 1182 1574 1209 triennium
1593 1181 1746 1217 praefuisti.
1766 1181 1814 1217 qui
1833 1186 1858 1208 te

1062 1219 1127 1245 nolit
1141 1219 1257 1254 perisse:
1280 1228 1374 1250 unum,
1391 1220 1510 1255 inquam,
1526 1219 1560 1246 da
1574 1219 1642 1246 mihi
1655 1228 1689 1246 ex
1702 1219 1758 1246 illis
1771 1223 1858 1245 arato-

1061 1257 1149 1287 ribus,
1165 1257 1212 1291 qui
1228 1257 1275 1283 tibi
1289 1256 1322 1283 ad
1336 1261 1436 1283 statuas
1451 1258 1592 1292 pecuniam
1606 1256 1789 1287 contulerunt,
1808 1256 1856 1291 qui

1060 1294 1113 1320 sibi
1127 1293 1197 1320 dicat
1211 1302 1258 1328 pro
1272 1293 1407 1320 frumento
1420 1303 1499 1321 omne
1517 1302 1590 1326 esse,
1609 1293 1684 1329 quod
1700 1293 1855 1328 oportuerit.

1060 1331 1190 1358 solutum.
1212 1331 1354 1362 Confirmo,
1370 1331 1483 1362 iudices.
1495 1332 1631 1358 neminem
1641 1339 1701 1358 esse
1709 1331 1855 1358 dicturum.

1116 1368 1258 1395 LXXVIII.
1283 1370 1340 1395 ⁴8¹.
1361 1369 1403 1396 Ex
1415 1369 1487 1396 omni
1501 1369 1628 1404 pecunia,
1647 1377 1730 1404 quam
1748 1368 1858 1394 aratori-

1060 1406 1112 1433 bus
1130 1405 1233 1432 solvere
1251 1405 1382 1437 debuisti,
1408 1407 1487 1433 certis
1505 1406 1660 1433 nominibus
1683 1405 1856 1432 deductiones

1061 1443 1117 1470 sieri
1140 1443 1276 1470 solebant:
1304 1443 1422 1478 primum
1444 1452 1492 1479 pro
1513 1444 1676 1479 spectatione
1693 1447 1719 1470 et
1736 1442 1855 1478 collybo:

1059 1480 1157 1508 deinde
1170 1489 1219 1516 pro
1232 1481 1322 1507 nescio
1335 1489 1389 1516 quo
1402 1482 1512 1508 cerario.
1545 1481 1615 1508 Haec
1627 1481 1726 1512 omnia,
1741 1479 1855 1511 iudices,

1037 1535 1038 1540 ,
1060 1526 1112 1545 non
1126 1527 1216 1545 rerum
1230 1522 1370 1550 certarum,
1385 1518 1433 1545 sed
1447 1518 1579 1546 furtorum
1593 1518 1855 1553 improbissimorum

1059 1560 1124 1582 sunt
1137 1555 1277 1582 vocabula.
1307 1556 1375 1582 Nam
1388 1555 1512 1592 collybus
1525 1564 1584 1582 esse
1596 1556 1645 1591 qui
1659 1559 1755 1590 potest,
1769 1562 1856 1590 quum

1059 1597 1169 1620 utantur
1191 1601 1284 1619 omnes
1307 1601 1362 1620 uno
1382 1601 1479 1629 genere
1502 1591 1693 1620 nummorum?
1718 1591 1856 1620 Cetarium

1059 1638 1122 1657 vero
1139 1630 1206 1665 quid
1224 1629 1321 1657 vocas?
1345 1630 1480 1665 quomodo
1498 1630 1548 1657 hoc
1565 1638 1662 1657 nomen
1684 1629 1718 1656 ad
1739 1629 1855 1656 rationes

1059 1667 1239 1703 magistratus,
1255 1667 1390 1702 quomodo
1399 1667 1432 1694 ad
1443 1668 1586 1702 pecuniam
1596 1666 1734 1702 publicam
1744 1665 1855 1693 allatum

1058 1704 1117 1731 est?
1142 1705 1209 1731 Nam
1223 1704 1292 1731 illud
1305 1713 1391 1741 genus
1405 1705 1514 1731 tertium
1527 1704 1696 1731 deductionis
1710 1708 1765 1730 erat
1782 1704 1856 1730 eius-

1058 1741 1145 1773 modi,
1165 1742 1244 1777 quasi
1262 1750 1315 1769 non
1333 1741 1412 1769 modo
1430 1741 1533 1773 liceret,
1553 1741 1602 1768 sed
1620 1742 1698 1768 etiam
1712 1745 1853 1776 oporteret.

1058 1788 1108 1806 nec
1120 1779 1209 1806 solum
1222 1783 1366 1814 oporteret,
1387 1779 1434 1806 sed
1448 1779 1526 1814 plane
1541 1787 1649 1806 necesse
1662 1783 1743 1805 esset.
1783 1777 1856 1805 Scri-

1058 1817 1108 1843 bae
1130 1817 1237 1843 nomine
1260 1816 1294 1843 de
1317 1821 1368 1843 tota
1386 1817 1499 1852 pecunia
1517 1816 1596 1843 binae
1613 1816 1855 1852 quinquagesimae

1058 1853 1275 1881 detrahebantur.
1316 1853 1383 1886 Quis
1401 1854 1449 1881 tibi
1468 1854 1518 1881 hoc
1535 1853 1684 1881 concessit?
1705 1861 1775 1888 quae
1793 1851 1856 1879 lex?

1056 1900 1126 1926 quae
1139 1896 1249 1918 senatus
1262 1890 1423 1918 auctoritas?
1435 1900 1504 1926 quae
1518 1899 1596 1926 porro
1608 1891 1740 1926 aequitas,
1756 1894 1787 1917 ut
1797 1894 1855 1917 tan-

1058 1933 1111 1955 tam
1130 1929 1272 1964 pecuniam
1291 1928 1379 1955 scriba
1397 1933 1461 1955 tuus
1474 1928 1590 1955 auferret
1603 1929 1660 1955 sive
1673 1927 1707 1954 de
1720 1931 1854 1954 aratorum

1057 1966 1135 1992 bonis
1148 1967 1207 1992 sive
1219 1965 1252 1992 de
1267 1965 1360 2001 populi
1370 1966 1483 1993 Romani
1497 1965 1693 2002 vectigalibus?
1714 1966 1771 1992 ⁴82.
1785 1965 1854 1991 Nam

1057 2004 1080 2029 si
1099 2007 1186 2038 potest
1204 2004 1254 2030 ista
1271 2003 1385 2038 pecunia
1403 2004 1462 2030 sine
1475 2008 1609 2030 aratorum
1622 2003 1721 2030 iniuria
1733 2001 1852 2033 deuehi:

1057 2040 1174 2075 populus
1192 2041 1329 2068 Romanus
1348 2040 1456 2072 habeat,
1482 2041 1562 2067 tantis
1585 2039 1742 2075 praesertim
1759 2039 1854 2066 aerarii

1058 2077 1203 2114 angustiis:
1231 2079 1274 2104 sin
1292 2083 1381 2104 autem
1399 2082 1425 2104 et
1443 2077 1560 2113 populus
1572 2078 1709 2104 Romanus
1726 2076 1813 2104 voluit
1827 2081 1854 2103 et

1057 2123 1174 2150 aequum
1187 2120 1229 2142 est
1241 2116 1277 2142 ita
1290 2115 1359 2142 solvi
1373 2115 1535 2149 aratonbus3
1552 2120 1615 2142 tuus
1628 2114 1761 2150 apparitor
1771 2121 1853 2149 parva

1057 2152 1179 2179 mercede
1193 2152 1287 2188 populi
1300 2152 1462 2184 conductus,
1484 2152 1518 2179 de
1535 2157 1668 2179 aratorum
1685 2151 1763 2178 bonis
1776 2159 1854 2186 prae-

1056 2189 1183 2216 dabitur?
1207 2194 1233 2216 et
1250 2190 1278 2216 in
1297 2190 1346 2216 hac
1363 2199 1459 2217 caussa
1471 2190 1621 2216 scribarum
1634 2188 1754 2216 ordinem
1767 2188 1796 2215 in
1808 2196 1854 2215 me

1056 2227 1200 2254 concitabit
1212 2227 1382 2258 Hortensius,
1399 2232 1425 2253 et
1438 2235 1530 2254 eorum
1543 2225 1681 2254 commoda
1693 2234 1708 2252 a
1722 2233 1765 2252 me
1779 2225 1854 2252 labe-

1056 2263 1148 2291 factari
1166 2269 1247 2299 atque
1263 2265 1415 2300 oppugnari
1433 2265 1491 2291 iura
1509 2263 1598 2291 dicet?
1621 2262 1704 2295 Quasi
1723 2271 1785 2290 vero
1802 2262 1852 2289 hoc

1055 2302 1152 2328 scribis
1175 2301 1231 2328 ullo
1253 2301 1378 2336 exemplo
1399 2306 1446 2328 aut
1468 2301 1524 2328 ullo
1544 2302 1604 2328 iure
1625 2301 1662 2326 sit
1681 2308 1850 2327 eoncessum.

1055 2338 1126 2371 Quid
1136 2347 1199 2375 ergo
1208 2343 1298 2366 vetera
1307 2338 1444 2374 repetam?
1456 2343 1502 2365 aut
1514 2337 1582 2373 quid
1594 2345 1687 2364 eorum
1700 2337 1849 2364 scribarum

1055 2377 1218 2403 mentionem
1236 2375 1345 2407 faciam,
1364 2384 1434 2411 quos
1451 2380 1553 2402 constat
1565 2375 1750 2402 sanctissimos
1763 2374 1851 2401 homi·
1884 2383 1886 2385 ·

1055 2422 1102 2440 nes
1116 2418 1196 2448 atque
1210 2414 1444 2440 innocentissimos
1457 2411 1561 2439 fuisse?
1584 2412 1643 2439 Non
1657 2420 1700 2438 me
1712 2411 1791 2448 fugit,
1807 2412 1851 2438 iu-

1033 2454 1035 2461 ’
1054 2450 1137 2481 dices,
1154 2455 1242 2477 vetera
1254 2450 1377 2486 exempla
1391 2458 1439 2485 pro
1451 2449 1520 2476 fictis
1534 2449 1633 2476 fabulis
1647 2449 1700 2475 iam
1713 2449 1801 2476 audiri
1810 2453 1850 2475 at-

1054 2496 1108 2522 que
1126 2488 1228 2514 haberi.
1267 2489 1296 2515 In
1316 2488 1358 2514 his
1377 2486 1543 2522 temporibus
1561 2486 1688 2513 versabor
1700 2486 1806 2513 miseris
1818 2494 1850 2512 ac

1054 2525 1176 2560 perditis.
1215 2525 1320 2560 Nuper,
1343 2524 1478 2555 Hortensi,
1505 2528 1631 2559 quaestor
1652 2522 1738 2550 fuisti.
1777 2522 1850 2555 Quid

1054 2563 1094 2589 tui
1108 2562 1211 2589 scribae
1224 2561 1343 2593 fecerint,
1358 2566 1388 2588 tu
1401 2566 1476 2596 potes
1489 2560 1592 2588 dicere:
1608 2569 1658 2596 ego
1669 2560 1703 2587 de
1718 2561 1784 2586 meis
1799 2559 1848 2586 hoc

1054 2599 1127 2630 dico,
1147 2608 1233 2634 quum
1251 2599 1279 2626 in
1297 2598 1389 2626 eadem
1403 2599 1454 2625 ista
1467 2598 1559 2625 Sicilia
1572 2606 1621 2633 pro
1634 2597 1767 2624 frumento
1779 2597 1848 2623 civi-

1055 2637 1154 2663 tatibus
1169 2637 1311 2671 pecuniam
1323 2635 1456 2663 solverem
1469 2640 1496 2662 et
1507 2643 1614 2662 mecum
1631 2634 1700 2661 duos
1719 2633 1848 2670 frugalis-

1053 2674 1138 2700 simos
1160 2673 1282 2700 homines
1304 2673 1406 2700 scribas
1429 2672 1568 2704 haberem,
1596 2672 1626 2699 L.
1651 2671 1799 2698 Mamilium
1821 2675 1847 2697 et
1886 2704 1887 2709 1
