1941 3052
32 1059 35 1061 >
67 1043 128 1065 tem.

469 149 521 175 DE
556 149 785 176 ORATORE
820 151 905 176 LIB.

67 223 206 246 revocaret.
249 218 347 245 Audivi·
376 219 538 251 mehercule,
568 221 655 255 inquit
682 220 806 252 Catulus,
831 226 856 247 et

66 265 144 291 saepe
158 265 218 282 sum
233 256 377 282 admiratus
388 256 504 283 hominis
514 266 600 292 quum
609 258 784 293 diligentiam,
797 263 855 284 tum

66 295 144 320 etiam
158 293 303 320 doctrinam
318 298 343 319 et
356 294 503 320 scientiam.
538 296 595 321 226.
611 295 667 330 Ego
681 304 750 326 vero,
768 296 856 330 inquit

66 332 186 362 Crassus,
204 339 233 356 ac
246 330 322 357 doleo
335 331 445 365 quidem
459 331 519 357 illos
534 332 605 358 viros
621 333 647 358 iu
662 341 719 358 eam
735 332 854 359 fraudem

66 369 92 395 in
106 368 242 404 republica
256 376 314 394 esse
324 368 458 402 delapsos,
482 377 645 404 quamquam
657 378 686 395 ea
698 370 748 396 tela
758 371 856 396 texitur

66 411 90 432 et
108 415 136 432 ea
155 406 279 432 incitatur
297 406 325 431 in
344 406 449 431 civitate
464 407 529 432 ratio
544 407 651 432 vivendi
666 416 695 432 ac
709 408 855 441 posteritati

65 443 225 474 ostenditur,
246 447 276 469 ut
293 451 384 469 eorum
402 443 511 475 civium,
528 452 595 478 quos
607 445 688 470 nostri
702 448 789 478 patres
804 453 855 470 non

66 481 196 511 tulerunt,
215 480 269 506 iam
287 479 390 506 similes
408 480 504 506 habere
518 482 669 515 cupiamus,
710 482 791 512 Mitte,
808 482 856 507 ob-

65 526 152 549 secro,
172 517 273 552 inquit,
296 517 401 548 Crasse,
418 518 516 548 lulius,
533 527 682 544 sermonem
696 519 778 544 istum
793 523 818 544 et
831 523 856 544 te

66 555 97 581 ad
116 554 228 581 Gracchi
248 554 364 581 fistulam
383 554 463 581 refer:
486 556 563 581 cuius
582 564 631 590 ego
645 555 763 581 nondum
778 555 856 590 plane

65 592 191 618 rationem
210 591 339 627 intelligo.
374 592 442 618 LXI.
462 593 521 619 2¹27.
541 593 569 619 In
587 593 660 618 omni
679 601 751 623 voce,
768 593 856 627 inquit

65 629 188 659 Crassus,
217 634 256 655 est
282 629 410 664 quiddam
433 629 561 661 medium,
586 630 633 655 sed
655 638 736 656 suum
758 630 856 664 cuique

66 667 131 692 voci.
167 667 232 692 Hinc
249 667 378 701 gradatim
392 666 533 693 ascendere
548 675 638 693 vocem
653 667 718 693 utile
736 672 761 693 et
774 676 856 693 suave

65 708 104 730 est
120 703 137 740 [.
151 705 216 729 Nam
227 713 240 729 a
252 703 819 740 principioclamaoe,agrestequiddamest,]
832 709 857 730 et

65 741 135 767 idem
150 741 217 767 illud
228 741 261 767 ad
275 741 431 766 firmandam
446 745 485 767 est
500 750 591 767 vocem
605 741 729 768 salutare.
756 742 856 768 Deinde

64 783 104 804 est
122 778 250 813 quiddam
264 778 438 804 contentionis
452 783 610 810 extremum,
626 779 699 814 quod
713 783 800 805 tamen
816 779 857 805 in—

64 816 146 842 terius
165 819 217 846 est,
238 824 319 850 quam
337 815 509 841 acutissimus
528 816 638 847 clamor,
660 821 752 851 quote
768 816 856 842 fistula

64 852 187 888 progredi
201 861 252 878 non
267 853 344 884 sinet,
361 856 386 878 et
399 853 452 879 iam
466 853 498 879 ab
510 854 567 888 ipsa
578 853 589 866 *
604 854 769 880 contentione
781 862 857 880 revo-

64 890 143 916 cabit.
176 889 224 916 Est
242 890 305 915 item
323 893 412 916 contra
429 890 558 925 quiddam
576 891 604 917 in
623 892 779 917 remissione
797 900 857 927 gra-

65 927 220 958 vissimum,
240 935 347 962 quoque
365 931 501 962 tamquam
520 937 645 954 sonorum
664 928 792 964 gradibus
811 928 857 955 de-

65 964 210 990 scenditur.
249 964 317 990 Haec
342 965 453 991 varietas
477 970 502 991 et
525 965 568 992 hic
594 974 640 1000 per
662 974 754 992 omnes
777 974 856 992 sonos

65 1001 136 1028 vocis
154 1010 249 1028 cursus
268 1006 293 1027 et
311 1010 338 1027 se
356 1002 475 1028 tuebitur
489 1007 513 1028 et
527 1003 622 1029 actioni
637 1003 725 1029 afferet
738 1004 857 1029 suavita-

172 1038 224 1065 Sed
251 1039 423 1065 fistulatorem
450 1039 522 1066 domi
550 1040 720 1075 relinquetis,
746 1049 855 1066 sensum

65 1075 146 1102 huius
160 1076 362 1102 consuetudinis
377 1077 516 1104 vobiscum
531 1077 563 1103 ad
578 1077 664 1104 forum
679 1077 812 1104 deferetis.

119 1114 176 1139 228.
200 1113 290 1145 Edidi,
311 1122 379 1149 quae
397 1115 485 1149 potui,
501 1123 553 1142 non
568 1120 597 1142 ut
612 1115 693 1147 volui,
710 1116 756 1142 sed
772 1120 801 1142 ut
814 1124 856 1142 me

940 151 982 176 111.
1017 151 1114 177 CAP.
1149 153 1180 177 57
1201 167 1236 171 —
1257 154 1298 177 61.

1650 156 1697 181 435

907 223 1033 257 temporis
1063 222 1201 257 angustiae
1232 227 1384 258 coegerunt.
1432 223 1534 249 Scitum
1561 228 1601 250 est
1627 226 1697 251 enim

907 268 1028 285 caussam
1048 259 1166 286 conferre
1184 260 1212 286 in
1231 264 1349 294 tempuS,
1366 268 1450 294 quum
1465 260 1555 286 afferre
1569 260 1658 295 plura,
1675 263 1697 288 si

907 297 1012 331 cupias,
1034 306 1086 323 non
1103 305 1195 331 queas.
1230 297 1270 323 Tu
1288 306 1362 328 vero,
1383 297 1471 332 inquit
1485 297 1603 329 Catulus,
1619 299 1699 325 colle-

907 334 969 369 gisti
988 335 1089 366 omnia,
1105 338 1235 369 quantum
1255 343 1303 369 ego
1317 343 1426 368 possum
1437 335 1564 366 iudicare,
1581 336 1616 362 ita
1630 336 1699 362 divi-

908 371 992 401 nitus,
1014 376 1043 397 ut
1060 380 1112 398 non
1131 380 1145 397 a
1159 371 1266 398 Graecis
1280 371 1414 403 didicisse,
1430 372 1477 398 sed
1491 381 1535 398 eos
1549 373 1622 407 ipsos
1637 373 1699 399 haec

907 408 1000 434 docere
1023 417 1101 443 posse
1125 409 1240 435 videare.
1274 409 1314 434 Me
1337 408 1446 443 quidem
1472 410 1551 436 istius
1570 411 1699 436 sermonis·

908 446 1064 480 participem
1079 446 1176 472 sactum
1192 454 1249 472 esse
1262 445 1379 481 gaudeo,
1402 455 1431 472 ac
1442 446 1547 478 vellem,
1562 445 1610 483 [ut]
1624 456 1699 474 meus

907 491 1001 517 gener,
1031 483 1129 509 sodalis
1157 487 1233 514 tuus,
1262 484 1431 515 Hortensius,
1461 483 1592 514 affuissem
1619 493 1699 519 quem

885 549 886 552 Ἴ
908 520 1018 554 quidem
1037 529 1086 555 ego
1104 520 1207 546 conlido
1224 521 1350 546 omnibus
1369 521 1427 547 istis
1442 520 1576 552 laudibus,
1590 531 1656 556 quas
1673 527 1700 548 tu

885 554 887 590 ἷ
908 557 1024 583 oratione
1052 557 1207 591 complexus
1231 566 1271 588 es,
1297 558 1469 584 excellentem
1491 558 1555 584 fore.
1590 560 1648 585 ⁶229.
1668 560 1701 585 Et

909 594 1034 625 Crassus,
1048 595 1113 620 Fore
1124 594 1209 620 dicis‘?
1222 595 1323 629 inquit:
1339 604 1387 630 ego
1398 604 1459 621 vero
1469 604 1527 621 esse
1544 597 1596 622 iam
1611 596 1700 623 iudico

909 636 932 657 et
945 636 1000 657 tum
1012 631 1137 662 iudicavi,
1151 640 1245 666 quum,
1255 640 1296 657 me
1306 632 1424 664 consule,
1438 633 1464 658 in
1475 638 1567 659 senatu
1578 642 1699 660 caussam

908 668 1026 694 defendit
1044 668 1159 699 Africae,
1180 677 1318 703 nuperque
1337 670 1415 695 etiam
1436 670 1533 704 magis,
1554 679 1639 705 quum
1654 680 1700 705 pro

908 706 1046 741 Bitl13‘niae
1060 714 1120 740 rege
1134 706 1211 732 dixit.
1233 705 1410 738 Quamobrem
1423 704 1489 732 recte
1501 707 1583 737 vides,
1598 708 1698 734 Catule.

909 743 981 768 Nihil
1004 743 1074 768 enim
1094 743 1138 769 isti
1153 743 1313 769 adolescenti
1332 752 1419 778 neque
1438 753 1451 769 a
1471 750 1562 770 natura
1582 754 1668 780 neque
1687 755 1699 772 a

908 780 1026 806 doctrina
1052 780 1144 806 deesse
1170 781 1264 807 sentio.
1303 782 1360 807 230.
1388 780 1446 812 Quo
1473 782 1556 816 magis
1580 787 1619 808 est
1641 783 1698 814 tibi,

909 818 996 849 Cotta,
1022 822 1047 843 et
1065 818 1127 849 tibi,
1148 817 1264 852 Sulpici,
1286 817 1452 853 vigilandum
1471 827 1499 844 ac
1515 819 1698 845 laborandum.

908 855 965 880 Non
977 855 1047 881 enim
1058 854 1102 881 ille
1113 855 1253 882 mediocris
1264 860 1348 881 orator
1359 860 1460 881 vestrae
1471 857 1548 890 quasi
1559 858 1702 883 succrescit

909 892 999 924 aetati,
1022 892 1069 918 sed
1091 896 1116 918 et
1138 892 1245 928 ingenio
1266 893 1367 927 peracri
1390 897 1415 918 et
1433 893 1522 919 studio
1539 892 1658 928 flagranti
1677 899 1702 920 et

908 929 1025 955 doctrina
1036 929 1133 955 eximia
1143 934 1169 956 et
1179 930 1304 956 memoria
1316 929 1454 965 singulari.
1478 930 1527 956 Cui
1537 939 1701 965 quamquam

909 966 992 997 faveo,
1010 971 1096 992 tamen
1110 967 1187 993 illum
1202 968 1278 993 aetati
1292 976 1356 993 suae
1370 972 1501 1001 praestare
1514 968 1607 1002 cupi03
1626 969 1702 994 vobis

908 1012 971 1030 vero
988 1004 1065 1030 illum
1084 1009 1155 1031 tanto
1174 1005 1302 1030 minorem
1317 1013 1485 1039 praecurrere
1499 1006 1546 1031 vix
1559 1005 1701 1032 honestum

907 1045 956 1067 est.
992 1041 1044 1067 Sed
1062 1042 1114 1067 iam
1133 1050 1288 1077 surgamus,
1310 1042 1406 1076 inquit,
1423 1051 1524 1076 nosque
1538 1051 1662 1069 curemus
1677 1048 1702 1069 et

884 1073 886 1114 ξ
907 1078 1051 1113 aliquando
1074 1079 1106 1105 ab
1130 1079 1178 1105 hac
1200 1080 1365 1105 contentione
1387 1079 1576 1114 disputationis
1600 1081 1701 1106 animos

884 1141 886 1145 ,
909 1120 1011 1142 nostros
1025 1125 1142 1151 curaque
1157 1116 1287 1143 laxemus.

766 1249 987 1265 —Qoeooe—

865 1508 906 1535 ⁴0.

553 1590 588 1619 Μ.
636 1591 836 1621 TULLII

855 1695 873 1714 D

885 1592 1209 1623 CICERONIS

895 1696 913 1715 E

246 1770 562 1810 CLARIS
615 1771 1183 1814 ORATORIBUS
1234 1773 1520 1821 LIBER,

760 1886 819 1909 Qu}
849 1886 868 1906 Ι)
882 1885 1008 1906 1c1'tUR

643 1966 850 2018 BRU

898 1967 1112 2018 TUS.

584 2158 802 2186 NOTITIA
839 2158 1178 2187 LITTERARIA.

176 2243 240 2264 Hunc
248 2243 332 2264 librum
344 2243 419 2265 Cicero
430 2244 521 2272 scripsit
531 2253 553 2265 ιι.
568 2245 592 2266 Γ.
604 2247 651 2267 708.
665 2244 754 2267 aluno
764 2245 857 2267 caesara
866 2244 952 2267 HLM.
966 2245 1062 2267 Aemilio
1075 2244 1160 2273 Lepido
1173 2244 1232 2267 Con.
1246 2251 1374 2268 sennonem
1387 2249 1465 2268 autom
1475 2245 1500 2268 ἔκ
1513 2246 1642 2267 Tusculano
1655 2254 1668 2265 ιι

68 2284 115 2299 cum
129 2278 203 2300 Bruto
219 2282 241 2300 σε
255 2279 333 2301 Attico
345 2279 421 2308 fingit
436 2287 479 2301 cue
493 2281 597 2302 habitum
610 2282 690 2309 paullo
698 2285 753 2310 pote
762 2285 860 2304 mortem
869 2281 991 2304 Hortensia·
999 2289 1020 2303 a.
1035 2281 1061 2303 V.
1070 2283 1119 2304 ¹104.
1129 2280 1156 2302 L.
1167 2280 1250 2303 Paullo
1262 2280 1284 2302 G·
1297 2281 1408 2304 Marc-110
1420 2281 1478 2304 Coen-

119 2414 194 2435 Ano.
210 2414 308 2436 Pei-fecti
318 2415 414 2437 oratoris
424 2415 520 2441 imagine
531 2415 596 2437 liviri·
607 2416 638 2437 ΙΙΙ
648 2416 675 2438 de
685 2417 776 2438 Oratore
785 2416 855 2437 infor-

67 2451 124 2470 mfltn
139 2449 217 2471 Cicero
237 2449 277 2471 hoe
295 2449 353 2471 libro
371 2450 508 2478 perlustrans
527 2453 622 2472 notatum
642 2454 741 2472 oraturo-
760 2452 855 2472 oninium

67 2483 159 2510 quun-it,
169 2484 219 2511 quin
229 2491 291 2505 omne
301 2488 404 2512 punctum
415 2486 473 2506 fen-o
483 2489 598 2506 morentur.
626 2485 700 2507 Primo
711 2489 799 2507 morton·
812 2488 855 2507 Διι-

68 2517 124 2539 ῐοηίί
133 2519 163 2545 (a.
175 2519 201 2540 V.
211 2522 257 2540 701².
269 2519 378 2547 ιῐοῆιηείί)
388 2520 489 2548 deplorat
499 2521 650 2548 ncrumuinquo
660 2521 751 2542 ineundi
758 2521 856 2542 ortasiu-

68 2558 114 2574 num
122 2553 225 2581 explicat.
251 2554 335 2575 Deinde:
349 2558 448 2576 urz-toron
463 2556 560 2576 Graecus
574 2563 592 2576 c.
607 2559 619 2576 7
627 2568 650 2570 -
658 2558 698 2580 ¹³..
709 2559 730 2576 et
740 2556 856 2576 maximum

69 2590 147 2614 purtem
158 2590 263 2610 abacum·
273 2589 407 2616 antiquioris
416 2590 465 2611 novi
476 2591 585 2611 Romanus
595 2598 612 2611 e.
626 2593 666 2615 1⁴..
677 2594 721 2611 tum
731 2590 806 2618 paullo
818 2598 856 2611 nn-

26 2631 27 2635 =
68 2621 135 2644 tium·
148 2624 177 2644 M.
189 2625 292 2645 Catonem
303 2625 441 2651 Camurium,
452 2628 473 2646 et
482 2629 570 2652 praeter
579 2625 636 2645 nliuu
645 2625 739 2645 maximo
749 2625 856 2650 Laelium,

69 2656 194 2679 Africanum
209 2662 231 2679 et
245 2658 337 2680 Gallum!
352 2667 371 2680 c.
381 2662 484 2685 15—2⁴.,
495 2663 572 2687 putten
581 2661 610 2681 M.
622 2659 740 2680 Aemilium
751 2660 856 2687 Lepidum

70 2689 181 2712 Porcinam
192 2692 292 2720 ulio-que
303 2693 429 2721 aequale-c.
441 2697 482 2719 25..
490 2702 554 2722 porro
565 2696 590 2716 P.
600 2697 703 2716 (Ji-uuum
709 2702 756 2716 cum
764 2695 856 2715 Fannii·

907 2418 929 2436 et
943 2416 972 2437 M.
989 2414 1096 2436 Scaevola
1106 2421 1188 2441 auguro
1197 2422 1216 2436 c.
1224 2418 1271 2440 20..
1287 2415 1341 2437 Tib.
1353 2416 1474 2437 Gracchum
1484 2419 1505 2436 et
1516 2417 1540 2437 C.
1552 2417 1672 2437 cni-houm
1683 2424 1699 2437 r.

906 2454 939 2472 27.
950 2458 991 2477 aq..
999 2451 1029 2471 M.
1040 2451 1152 2474 Scaurum,
1161 2452 1187 2474 Q.
1194 2450 1333 2471 'ruber-»nom
1339 2450 1440 2477 alio-qno
1446 2451 1542 2475 Smin-on,
1549 2453 1574 2472 C.
1581 2451 1702 2472 Gna-hum

908 2493 926 2506 c.
936 2489 969 2508 2⁰.
980 2493 1036 2512 ηιμ,
1047 2486 1182 2509 M.llrutu1n,
1193 2487 1218 2509 Q.
1229 2485 1342 2506 Meti-llum
1352 2485 1498 2511 Numidicum,
1510 2487 1538 2508 Μ.
1548 2486 1622 2507 ΛιποΙ.
1634 2488 1701 2507 Senu-

909 2528 963 2545 rum,
973 2522 1002 2542 M.
1015 2520 1150 2544 Marce-llum,
1163 2521 1186 2540 1..
1198 2522 1283 2541 (uttam
1291 2528 1308 2541 r.
1320 2522 1352 2541 34.
1364 2527 1406 2547 aq..
1418 2527 1514 2541 unumu-
1525 2525 1624 2542 urnture·
1631 2522 1654 2541 ¹..
1665 2521 1701 2541 Li-

908 2555 990 2577 ciuium
1004 2557 1106 2576 Crnunuiu
1122 2558 1143 2575 ot
1159 2556 1188 2576 Μ.
1206 2555 1326 2575 Antonium
1337 2563 1384 2576 curu
1395 2557 1420 2580 η.
1432 2556 1538 2576 svam-01·
1548 2560 1569 2576 ct
1579 2557 1640 2577 Serv.
1651 2556 1701 2577 Sul-

908 2590 967 2617 picio
978 2598 996 2611 r.
1007 2593 1039 2611 30.
1054 2598 1109 2617 sqq..
1121 2590 1225 2617 «tr-incep-
1236 2590 1365 2614 Domitium,
1380 2591 1408 2611 Μ.
1421 2591 1553 2611 Herennium
1564 2599 1582 2612 c.
1593 2595 1627 2612 ⁴⁴.
1638 2599 1679 2618 aq..
1691 2599 1703 2612 e

909 2625 977 2645 nuella
987 2629 1008 2646 (vt
1019 2625 1106 2645 Lauinii·
1116 2626 1219 2652 quondum
1231 2633 1248 2645 c.
1259 2628 1302 2649 w..
1311 2625 1433 2646 eRmuunh
1440 2626 1463 2646 L.
1476 2626 1612 2654 Philippum,
1620 2628 1701 2647 cru-u

908 2663 929 2680 ot
945 2660 1042 2680 Antonio
1057 2660 1180 2688 proximum
1188 2676 1194 2685 ,
1209 2660 1316 2687 illim-quo
1330 2660 1442 2687 ncqunlm,
1453 2661 1548 2688 :leuique
1557 2661 1646 2682 audito·
1656 2668 1668 2682 ι
1679 2669 1702 2682 ιι·

908 2695 957 2722 ipsu
972 2696 995 2716 C.
1011 2696 1098 2716 conum
1112 2699 1134 2716 et
1150 2697 1174 2716 P.
1191 2695 1321 2723 Sulpicium,
1337 2703 1449 2723 exponunt
1459 2696 1535 2722 quanti
1547 2696 1615 2717 faciut
1625 2697 1700 2724 pupuli
