1941 3052
243 122 302 145 tt'tfl
803 116 858 140 ⁴⁶22.
890 114 923 139 M.
958 114 988 139 T.

240 191 446 215 ,ervum-erunt:
461 188 560 222 qudius
573 187 680 214 notatis,
695 186 760 219 quid
772 193 879 219 quoque
891 184 1028 218 significa-

240 233 324 255 retur,
344 226 483 251 rui-nimiu·-
501 223 682 258 prodiderunt.
723 224 780 253 (lua
794 223 819 247 in
832 223 936 247 natione
948 220 1028 246 (ztial-

239 265 311 292 ‹lm-r,
331 273 380 289 nnn
398 272 429 288 vx
447 262 522 290 ¹nrtui,
540 260 585 285 aed
601 269 633 285 ex
648 260 734 292 gentis
748 258 877 284 vocabulo
889 259 1026 286 nominati.

239 302 364 326 diuturna
376 299 559 324 uli-«erratione
570 297 688 322 siderum
701 297 839 322 scienti-'nn
853 300 978 330 putantur
990 294 1028 320 es-

241 338 347 365 [eei-se,
363 341 389 361 ut
401 334 516 369 praedit-i
530 338 630 368 posset,
644 332 710 368 quid
722 334 821 367 cuique
832 337 992 357 eventurum
1004 337 1029 357 et

239 382 413 409 quoquisque
426 372 644 397 intonatum-sset.
663 370 789 396 Eanidcm
802 370 1028 395 nrtemetianiAe—

239 412 323 446 gyptii
342 409 532 443 longinquitate
545 413 693 442 temporum
707 406 950 433 innumerabilibus
966 414 1029 440 pat·-

240 458 270 474 ne
282 447 395 472 sat-vulis
407 447 541 471 ‹crisci-uti
554 450 689 480 putimtur.
725 444 838 470 Cilicum
850 448 937 469 autem
949 448 974 468 et
987 444 1028 468 l’i-

239 486 356 510 ›idaruiu
369 493 434 516 gens
446 488 470 509 et
483 483 524 509 his
537 484 647 508 linitima
657 481 932 516 Ριιῐιψιιγιιῑι,(μιιιιιιμ1
945 481 1028 506 natin-

239 522 318 548 nibus
331 521 496 555 prat-suimus
510 521 570 554 ipsi,
591 519 724 545 volatibus
736 519 826 544 avium
839 518 1026 551 cantibusque,

239 565 265 585 ιιι
277 558 434 584 certissimis
446 558 540 591 signis,
554 556 683 582 declarari
696 566 736 582 res
749 555 850 581 suturas
863 560 966 589 putant.
1002 557 1026 579 3.

238 598 322 628 Quam
336 595 512 620 vcroGraecia
524 594 653 619 coloniam
666 593 771 619 misitin
780 592 907 621 Aeoliam,
917 592 1025 620 loniam,

239 634 341 662 Asiam,
358 631 492 662 Siciliam,
511 631 625 661 ltaliam,
649 631 706 656 sine
723 629 816 665 Pythio
831 634 875 655 aut
890 628 1029 655 Dodonaeo

238 676 282 696 nut
293 669 432 696 Autumnis
442 668 565 695 oraculo‘?
575 673 620 694 aut
630 667 701 702 quod
715 666 815 693 bellum
828 670 982 700 susceptum
995 665 1028 691 ab

238 716 265 733 ea
279 708 335 732 sine
347 706 459 732 consilio
470 706 580 732 deorum
597 704 653 731 est‘?
674 705 703 730 ll.
722 705 774 730 Nec
790 712 874 729 unum
889 711 975 738 genus
989 707 1029 728 est

237 744 412 770 divinationis
425 743 532 777 publice
544 743 724 777 privatimque
735 741 908 767 celebratum.
950 740 1026 769 Nam,

239 787 266 808 ut
277 782 396 807 omittam
407 785 507 806 ceteros
520 779 642 815 populos,
651 783 739 805 noster
749 786 830 812 quam
838 777 919 803 multa
931 785 1028 813 genera

237 818 394 853 complexus
406 819 456 844 est!
483 818 615 852 Principio
632 817 712 842 huius
729 816 803 841 urbis
818 823 913 849 parens
929 815 1029 840 Romu-

240 856 280 882 lus
295 864 346 882 non
361 855 447 881 solum
463 855 599 889 auspicato
614 854 712 880 Urbem
727 852 894 881 condidisse,
911 851 958 877 sed
971 852 1028 886 ipse

238 894 317 919 etiam
329 894 446 927 optimus
458 901 544 927 augur
555 892 637 918 fuisse
650 891 771 918 traditur.
807 889 906 915 Deinde
918 888 1030 923 auguri-

1056 188 1058 199 ¹
1079 190 1130 213 tor,
1145 184 1198 209 dnn
1211 185 1358 219 Antipaten
1375 185 1496 219 quinque
1509 190 1596 211 noster
1607 185 1776 211 Posidonius.

1057 308 1059 338 l

1058 509 1059 517 ἵ
1080 481 1140 506 ‹la-m
1157 481 1317 515 disciplinae
1333 481 1396 507 solis
1415 481 1472 506 luce
1488 481 1609 507 videatur
1624 481 1732 507 clarius.

1022 114 1295 140 (tttztittoxts

1816 185 1868 211 Sed

1079 231 1092 246 a
1104 222 1199 247 Stoicis
1216 221 1256 246 vel
1274 230 1398 256 princeps
1411 222 1470 247 eius
1484 222 1656 256 disciplinae.
1673 223 1806 248 Posidonii
1822 222 1869 248 do-

1079 264 1142 287 ctor,
1151 258 1304 293 discipulus
1316 260 1456 293 Antipatri.
1471 258 1643 293 degeneravit
1655 260 1795 285 tunna-uun
1823 268 1870 285 nec

1081 301 1166 321 tamen
1179 305 1261 321 ansus
1273 301 1312 322 est
1323 305 1431 329 negare,
1450 296 1503 322 vim
1515 305 1574 321 esse
1585 297 1740 324 divinandi.
1759 296 1804 321 sed
1819 296 1870 322 du-

1081 333 1164 358 bitare
1180 343 1207 358 se
1223 333 1302 358 «lixit.
1343 333 1418 364 ΟιιυιΙ
1437 332 1475 358 illi
1493 334 1517 359 in
1534 333 1623 368 aliqua
1640 343 1680 362 re.
1699 334 1870 359 invitissimis

1080 371 1188 398 Stoicis,
1208 370 1295 396 Stoico
1307 369 1391 396 lacere
1405 370 1492 399 licuit,
1510 370 1536 396 id
1569 379 1616 396 nos
1627 371 1693 397 utin
1707 371 1818 405 reliquis
1830 379 1872 396 re-

1081 407 1131 432 bus
1149 406 1289 435 lach-uuus.
1311 416 1324 432 a
1340 408 1435 433 Stoicis
1452 416 1502 433 non
1517 407 1695 433 concedetur?
1716 408 1871 442 praesertim

1079 453 1164 478 quum
1183 444 1222 473 id,
1240 444 1272 469 de
1288 452 1342 479 quo
1353 444 1476 470 Panaetio
1488 453 1539 470 non
1557 444 1653 478 liquet.
1672 444 1783 479 reliquis
1798 446 1872 470 eius-

1773 483 1797 507 7.
1820 481 1871 507 >ed

1051 521 1052 524 ’
1081 518 1144 544 baec
1156 519 1266 553 quidem
1281 519 1337 544 laus
1350 518 1506 544 Academiae
1519 519 1740 553 praestantissimi
1753 519 1872 553 philoso-

239 931 289 957 bus
301 935 326 957 et
342 929 438 964 reliqui
455 938 530 965 reges
543 929 598 959 usi,
621 933 646 954 et
661 929 762 954 exactis
777 927 886 962 regibus
898 925 965 952 nihil
978 934 1029 960 pu-
1050 946 1052 951 .

234 967 307 994 ¹blice
321 968 378 993 sine
395 967 524 1001 auspiciis
540 975 588 993 nec
603 965 675 992 domi
693 974 740 991 nec
754 964 865 990 militiae
876 963 1027 999 gerebatur.
1050 973 1052 998 χ

237 1004 380 1039 Quumque
393 1012 488 1039 magna
501 1004 542 1030 vis
553 1003 688 1029 videretur
699 1011 757 1028 esse
768 1002 831 1027 etin
844 999 1030 1035 impetriendis

237 1041 464 1075 consulendisque
481 1041 575 1071 rebus,
598 1046 623 1067 et
639 1041 665 1066 in
682 1040 807 1065 monstris
824 1037 1030 1073 interpretandis
1051 1065 1053 1071 .

238 1088 267 1105 ac
278 1078 452 1113 procurandis
465 1079 490 1104 in
507 1078 678 1113 haruspicum
686 1076 839 1111 disciplina,
847 1084 954 1102 omnem
962 1074 1030 1100 hanc

238 1125 271 1142 ex
284 1116 386 1142 Etruria
402 1116 541 1142 scientiam
557 1115 734 1144 adhibebant,
757 1122 789 1140 ne
804 1122 890 1149 genus
906 1117 976 1139 esset
988 1111 1030 1137 ul-
1051 1131 1053 1141 .

239 1153 293 1179 lum
306 1153 489 1184 divinationis,
503 1153 575 1187 quod
588 1152 738 1187 neglectum
750 1151 783 1177 ab
795 1151 828 1177 iis
840 1150 986 1176 videretur.
1004 1149 1028 1174 i.

237 1191 277 1221 Et,
292 1199 375 1225 quum
388 1190 494 1216 duobus
507 1189 592 1216 modis
604 1190 686 1215 animi
698 1189 755 1214 sine
768 1189 868 1214 ratione
881 1192 907 1214 et
917 1186 1029 1213 scientia

238 1232 309 1254 motu
324 1228 374 1261 ipsi
387 1236 435 1253 suo
446 1227 533 1253 soluto
543 1231 568 1253 et
581 1226 664 1253 libero
675 1227 860 1256 incitarentur,
873 1233 927 1251 uno
939 1223 1030 1250 furen-

238 1270 274 1295 te,
294 1264 374 1290 altero
390 1265 552 1294 somniante,
571 1263 668 1290 suroris
682 1263 876 1289 divinationem
887 1260 1030 1297 Sibyllinis
1051 1274 1053 1292 ς

238 1302 354 1328 maxime
367 1301 490 1327 versibus
500 1301 629 1327 contineri
641 1301 771 1330 arbitrati,
780 1309 872 1326 eorum
883 1299 975 1326 decem
989 1299 1030 1324 in-

238 1343 363 1373 terpretes
379 1338 496 1365 delectos
512 1347 525 1364 e
541 1339 648 1364 civitate
662 1346 720 1364 esse
733 1337 885 1364 voluerunt.
925 1336 966 1362 Ex
976 1343 1030 1370 quo

236 1384 332 1411 genere
349 1383 427 1410 saepe
445 1375 606 1401 hariolorum
622 1376 702 1402 etiam
718 1379 743 1401 et
762 1379 852 1401 vatum
869 1372 1029 1400 furibundas

237 1413 440 1448 praedictiones.
449 1413 629 1439 utOctaviano
641 1412 711 1438 bello
718 1411 834 1439 Cornelii
845 1410 968 1441 Culleoli,
982 1419 1030 1436 au-

236 1450 348 1476 diendas
369 1454 540 1485 putaverunt.
581 1450 635 1476 Nec
651 1458 714 1476 vero
729 1449 832 1476 somnia
847 1449 983 1484 graviora,
1006 1448 1030 1473 si

235 1496 304 1522 quae
320 1487 352 1513 ad
368 1487 564 1522 rempublicam
579 1487 712 1522 pertinere
727 1487 785 1512 visa
800 1491 876 1516 sunt,
894 1494 907 1511 a
923 1493 1030 1511 summo

236 1525 348 1551 consilio
365 1524 483 1560 neglecta
500 1529 572 1550 sunt.

237 1561 366 1596 templum
379 1562 488 1588 lunonis
499 1562 618 1596 Sospitae
631 1561 660 1587 L.
672 1561 766 1591 lulius,
779 1561 901 1595 quicum
912 1560 941 1586 P.
953 1559 1031 1585 Ruti-

238 1599 271 1625 lio
283 1598 375 1625 consul
393 1598 455 1629 suit,
473 1598 505 1624 de
521 1603 630 1625 senatus
645 1599 775 1625 sententia
789 1597 881 1624 refecit
895 1606 929 1623 ex
938 1596 1031 1623 Caeci-

237 1635 296 1665 liae,
309 1636 435 1662 Balearici
449 1635 528 1666 t‘iliae,
541 1636 656 1662 somnio.
697 1636 740 1662 111.
762 1637 788 1662 5.
810 1635 897 1670 Atque
909 1634 987 1664 haec,
1001 1637 1031 1660 ut

237 1681 285 1708 ego
305 1673 430 1704 arbitror,
458 1677 561 1699 veteres
581 1681 670 1699 rerum
690 1673 778 1708 magis
798 1672 902 1698 eventis
924 1670 1027 1701 moniti,

236 1718 318 1744 quam
330 1711 429 1736 ratione
440 1709 510 1736 docti
523 1709 713 1745 probaverunt.
744 1708 970 1744 Philosophorum
983 1715 1030 1733 ve-

237 1755 265 1773 ro
275 1747 409 1782 exquisita
419 1747 552 1782 quaedam
563 1752 732 1783 argumenta,
745 1755 793 1773 cur
803 1751 874 1773 esset
884 1754 946 1772 vera
957 1745 1030 1771 divi-

237 1784 317 1815 natio,
329 1783 437 1810 collecta
448 1789 524 1810 sunt:
540 1793 554 1810 e
565 1784 667 1819 quibus
675 1805 681 1816 ,
699 1789 728 1811 ut
737 1783 771 1810 de
782 1783 980 1818 antiquissimis
991 1781 1030 1808 lo-

237 1829 317 1856 quar,
330 1821 512 1856 Colophonius
522 1821 716 1856 XenophaneS,
734 1829 819 1851 unus.
836 1821 884 1855 qui
895 1819 959 1846 deos
970 1827 1029 1845 esse

237 1858 345 1889 diceret,
358 1858 551 1885 divinationem
564 1857 685 1885 l'unditus
696 1857 815 1884 sustulit.
850 1857 956 1892 Reliqui
969 1865 1031 1883 vero

237 1903 329 1921 omnes
350 1900 453 1930 praeter
472 1896 634 1930 Epicurum.
661 1895 856 1922 balbutientem
880 1894 913 1920 de
937 1899 1030 1920 natura

237 1931 357 1962 deorum,
371 1932 564 1958 divinationem
575 1932 768 1966 probaverunt,
786 1931 833 1958 sed
845 1939 897 1958 non
909 1940 962 1958 uno
974 1940 1031 1958 iuo-

237 1969 280 1995 do.
322 1969 388 1995 Nam
409 1977 494 2003 quum
509 1968 629 1995 Socrates
644 1977 791 2004 omnesque
806 1968 932 1995 Socratici
947 1969 1031 1995 Zeno-

237 2014 290 2041 que
301 2011 327 2032 et
338 2006 375 2036 hi.
389 2006 436 2040 qui
449 2006 481 2032 ab
495 2014 526 2032 eo
537 2010 626 2032 essent
637 2005 761 2040 profecti,
774 2011 912 2032 manerent
922 2006 949 2032 in
961 2007 1031 2032 anti-

237 2051 351 2078 quorum
365 2042 586 2077 philosophorum
598 2044 738 2074 sententia,
751 2048 839 2070 vetere
851 2043 993 2070 Academia
1005 2048 1031 2070 et

236 2081 419 2115 Peripateticis
429 2080 670 2113 consentientibus3
693 2089 833 2116 quumque
849 2080 913 2106 huic
924 2082 961 2107 rei
973 2089 1031 2107 ma-

236 2125 317 2154 gnam
329 2117 510 2144 auctoritatem
516 2117 679 2153 Pythagoras
690 2118 743 2144 iam
754 2122 814 2144 ante
825 2118 974 2149 tribuisset,
982 2119 1030 2153 qui

237 2155 316 2181 etiam
328 2155 385 2189 ipse
397 2159 483 2190 augur
494 2154 574 2181 vellet
585 2163 658 2185 esse,
671 2155 850 2190 plurimisque
863 2155 928 2182 locis
939 2156 1030 2191 gravis

237 2197 327 2219 auctor
346 2193 511 2218 Democritus
531 2193 747 2226 praesensionem
767 2201 858 2219 rerum
879 2192 1029 2220 futurarum

236 2229 432 2264 comprobaret:
453 2229 630 2256 Dicaearchus
645 2230 836 2265 Peripateticus
850 2235 937 2256 cetera
956 2230 1030 2257 divi-

236 2267 351 2293 nationis
365 2275 463 2302 genera
478 2266 600 2297 sustulit,
623 2268 788 2294 somniorum
807 2272 833 2294 et
847 2267 946 2294 furoris
965 2267 1030 2294 reli-

235 2304 308 2338 quit:
323 2304 520 2339 Cratippusque
533 2303 776 2336 iamiliarisuoster,
784 2313 866 2340 quem
876 2313 926 2341 ego
937 2313 1028 2340 parem

236 2342 351 2368 summis
362 2341 544 2376 Peripateticis
560 2341 663 2372 iudico,
681 2342 777 2368 iisdem
793 2342 874 2368 rebus
889 2342 969 2369 tidem
981 2343 1030 2369 tri-

236 2377 303 2408 buit,
312 2378 415 2414 reliqua
426 2378 601 2405 divinationis
611 2387 708 2414 genera
720 2380 822 2406 reiecit.
839 2381 864 2405 6.
878 2379 932 2406 Sed
942 2388 1027 2415 quum

237 2413 318 2441 Stoici
337 2416 427 2442 omnia
449 2415 502 2442 fere
518 2415 563 2442 illa
577 2415 765 2447 defenderent,
787 2416 860 2451 quod
875 2421 901 2443 et
915 2417 985 2444 Zeno
1000 2419 1028 2444 in

237 2452 294 2477 suis
305 2453 503 2479 commentariis
518 2453 596 2488 quasi
611 2454 715 2480 semina
729 2453 863 2488 quaedam
873 2455 1026 2489 sparsisset,

237 2491 262 2528 et
272 2495 301 2513 ea
312 2488 452 2516 Cleanthes
463 2489 554 2524 paullo
564 2489 687 2517 uberiora
699 2490 818 2517 fecisset:
831 2492 944 2518 accessit
954 2500 1029 2518 acer-

237 2532 305 2550 rimo
316 2526 357 2551 vir
368 2526 475 2561 ingenio
486 2527 654 2562 Chrysippus
662 2548 668 2558 ,
685 2528 734 2562 qui
744 2532 824 2554 totam
836 2528 869 2554 de
882 2528 1029 2555 divinatio-

238 2568 270 2586 ne
286 2560 391 2588 duobus
407 2563 483 2589 libris
494 2564 640 2599 explicavit
650 2565 824 2596 sententiam,
845 2573 899 2592 uno
909 2570 1029 2600 praeter—

238 2605 267 2622 ea
283 2596 316 2623 de
330 2598 459 2640 oraculis,
480 2608 534 2627 uno
548 2600 582 2627 de
600 2602 727 2628 somniis:
749 2609 831 2637 quem
845 2602 1025 2638 subsequens,

237 2641 322 2661 unum
335 2634 433 2662 librum
446 2636 609 2673 Babylonius
618 2638 751 2675 Diogenes
760 2638 858 2670 edidit,
879 2640 939 2666 eius
950 2639 1028 2666 audi-

613 1524 683 1556 Quin
699 1525 779 1550 etiam
798 1523 926 1549 memoria
942 1526 1029 1548 nostra
1052 1531 1053 1538 ι

1080 556 1126 590 phi
1141 555 1240 581 iudicio
1251 561 1276 581 et
1287 556 1438 581 testimonio
1451 555 1619 590 comprobata
1631 561 1679 581 est.
1711 556 1753 582 ΙΨ.
1767 556 1871 582 Etenim

1081 593 1213 619 nobismet
1230 594 1295 627 ipsis
1310 593 1515 627 quaerentibus,
1538 592 1603 627 quid
1619 594 1653 619 sit
1663 592 1696 618 de
1707 593 1871 619 divinatione

1080 630 1269 660 iudicandum,
1291 629 1362 664 quod
1379 639 1392 655 a
1405 629 1538 656 Carneade
1550 630 1631 656 multa
1644 635 1719 656 acute
1731 635 1755 655 et
1766 631 1872 664 copiose

1079 672 1167 693 contra
1179 668 1279 693 Stoicos
1291 667 1424 701 disputata
1437 668 1499 697 siut,
1514 667 1731 702 verentibusque.
1746 676 1778 693 ne
1791 673 1872 693 teme-

1080 713 1106 730 re
1127 705 1166 731 vel
1185 704 1265 730 salsae
1282 705 1319 730 rei
1339 704 1380 730 vel
1397 713 1448 731 non
1464 705 1528 730 satis
1543 705 1663 739 cognitae
1684 705 1870 734 assentiamur,

1080 741 1231 768 laciendum
1241 742 1355 772 videtur,
1365 746 1393 768 ut
1403 741 1547 777 diligenter
1557 743 1636 767 etiam
1649 747 1728 776 atque
1739 743 1818 767 etiam
1830 751 1873 767 ar-

1079 784 1205 814 gumenta
1217 788 1278 805 cum
1291 780 1456 814 argumentis
1467 787 1667 813 comparemus,
1682 784 1710 804 ut
1721 778 1833 804 [ecimus
1846 779 1871 805 in

1081 817 1122 842 his
1139 817 1225 842 tribus
1239 816 1328 846 libris,
1351 825 1419 851 quos
1429 816 1461 842 de
1474 821 1565 842 natura
1576 815 1686 842 deorum
1701 816 1871 850 scripsimus.

1080 854 1146 879 Nam
1158 862 1242 888 quum
1253 854 1380 879 omnibus
1393 854 1418 879 in
1432 854 1511 879 rebus
1523 854 1657 879 temeritas
1670 854 1695 879 in
1703 853 1873 879 assentiendo

1080 900 1204 925 errorque
1217 892 1302 925 turpis
1314 896 1362 920 est,
1371 895 1427 916 tum
1441 891 1466 916 in
1478 899 1509 916 eo
1522 890 1577 916 loco
1589 891 1714 920 maxime,
1729 891 1754 916 in
1765 899 1819 925 quo
1831 891 1873 916 iu-

1080 928 1225 954 dicandum
1247 933 1299 957 est.
1323 933 1452 963 quantum
1469 928 1599 962 auspiciis
1616 928 1751 962 rebusque
1771 926 1873 953 divinis

1081 965 1258 1001 religionique
1269 965 1428 991 tribuamus.
1460 965 1506 991 Est
1517 966 1588 991 enim
1601 964 1760 999 periculum.
1775 973 1806 990 ne
1817 970 1872 995 aut,

1081 1003 1209 1038 neglectis
1221 1003 1262 1031 iis,
1277 1003 1357 1037 impia
1371 1002 1463 1028 fraude
1477 1007 1530 1033 aut,
1547 1003 1688 1037 susceptis,
1702 1001 1766 1028 anili
1779 1010 1874 1036 super-

1081 1041 1187 1066 stitione
1200 1039 1362 1075 obligemur.

1135 1078 1166 1103 V.
1184 1079 1207 1103 8.
1224 1077 1329 1109 Quibus
1340 1076 1372 1103 de
1385 1076 1466 1103 rebus
1476 1081 1502 1102 et
1512 1076 1578 1102 alias
1589 1084 1677 1111 saepe,
1692 1081 1717 1102 et
1729 1075 1819 1110 paullo
1830 1084 1874 1101 ac-

1081 1115 1199 1140 curatius
1212 1123 1310 1148 nuper,
1328 1122 1413 1149 quum
1425 1122 1511 1140 essem
1523 1122 1585 1139 cum
1597 1113 1628 1145 Q.
1642 1113 1720 1139 fratre
1733 1114 1758 1139 in
1771 1113 1874 1139 Tuscu-

1083 1151 1155 1181 lano,
1170 1151 1336 1186 disputatum
1349 1156 1398 1177 est.
1439 1152 1505 1177 Nam
1516 1159 1601 1185 quum
1612 1150 1769 1176 ambulandi
1779 1158 1873 1176 caussa

1082 1189 1108 1215 in
1121 1189 1237 1224 Lyceum
1250 1190 1432 1215 venissemus:
1448 1188 1486 1222 (id
1497 1189 1569 1214 enim
1580 1188 1712 1222 superiori
1727 1187 1874 1223 Gymnasio

1082 1235 1177 1252 nomen
1189 1227 1238 1261 est)
1250 1226 1364 1261 perlegi,
1383 1225 1427 1251 ille
1440 1226 1540 1260 inquit,
1559 1230 1634 1251 tuum
1651 1224 1740 1259 paullo
1751 1230 1811 1251 ante
1822 1229 1874 1250 ter-

1082 1264 1148 1290 tium
1170 1263 1202 1289 de
1228 1268 1319 1290 natura
1345 1263 1469 1290 deorum:
1498 1263 1524 1288 in
1545 1270 1599 1297 quo
1619 1262 1765 1296 disputatio
1785 1262 1874 1288 Cottae

1081 1310 1245 1336 quamquam
1259 1300 1427 1327 labefactavit
1438 1300 1595 1326 sententiam
1609 1308 1704 1329 meam,
1719 1308 1770 1325 non
1783 1298 1875 1324 sundi-

1082 1343 1124 1364 tus
1137 1343 1223 1365 tamen
1240 1338 1359 1364 sustulit.
1400 1337 1506 1372 Optime
1519 1345 1589 1365 vero.
1608 1338 1728 1371 inquam.
1769 1336 1873 1362 Etenim

1082 1376 1139 1410 ipse
1151 1376 1223 1402 Cotta
1238 1376 1276 1402 sic
1288 1375 1420 1409 disputat,
1434 1380 1462 1401 ut
1472 1374 1620 1401 Stoicorum
1633 1374 1718 1409 magis
1730 1381 1874 1409 argumen—

1082 1418 1105 1439 ta
1116 1413 1242 1443 confutet,
1255 1422 1337 1447 quam
1350 1412 1490 1439 hominum
1501 1411 1588 1437 deleat
1598 1410 1766 1446 religionem.
1806 1410 1874 1436 Tum

1080 1451 1206 1482 Quintus,
1220 1451 1321 1476 Dicitur
1331 1449 1442 1485 quidem
1455 1448 1536 1479 istud,
1549 1449 1646 1483 inquit,
1659 1448 1762 1477 aCotta.
1775 1452 1801 1474 et
1813 1455 1875 1474 vero

1081 1488 1203 1522 saepius:
1220 1487 1312 1517 credo,
1328 1495 1360 1513 ne
1373 1487 1527 1513 communia
1540 1486 1596 1512 iura
1609 1486 1724 1521 migrare
1736 1484 1872 1511 videatur:

1081 1525 1128 1551 sed
1140 1524 1229 1551 studio
1240 1529 1329 1551 contra
1341 1524 1442 1550 Stoicos
1453 1522 1604 1549 disserendi
1615 1522 1679 1548 deos
1690 1522 1757 1548 mihi
1770 1521 1876 1548 videtur

1082 1561 1204 1588 funditus
1221 1562 1322 1588 tollere.
1361 1563 1386 1587 9.
1408 1561 1475 1587 Eius
1490 1561 1584 1586 rationi
1606 1568 1656 1586 non
1675 1568 1739 1586 sane
1752 1558 1875 1585 desidero

1082 1599 1148 1634 quid
1160 1599 1350 1634 respondeam:
1362 1599 1427 1625 satis
1438 1599 1510 1624 enim
1521 1596 1630 1623 defensa
1643 1596 1737 1632 religio
1747 1601 1788 1622 est
1799 1597 1876 1622 inse-

1081 1637 1170 1663 cundo
1182 1636 1250 1663 libro
1261 1645 1274 1663 a
1286 1635 1402 1662 Lucilio:
1425 1636 1504 1662 cuius
1515 1634 1662 1669 disputatio
1672 1634 1722 1660 tibi
1733 1634 1795 1668 ipsi,
1808 1633 1874 1659 utin

1081 1679 1200 1700 extremo
1211 1674 1287 1700 tertio
1302 1672 1413 1703 scribis.
1431 1671 1464 1699 ad
1479 1673 1617 1698 veritatem
1633 1675 1673 1697 est
1688 1671 1745 1697 visa
1759 1678 1876 1705 propen-

1081 1711 1145 1737 sior.
1184 1710 1235 1737 Sed
1244 1731 1250 1741 ,
1272 1710 1344 1745 quod
1364 1709 1584 1744 praetermissum
1604 1713 1644 1734 est
1663 1708 1690 1734 in
1711 1707 1766 1734 illis
1787 1707 1873 1738 libris,

1081 1747 1184 1783 (credo,
1199 1748 1263 1782 quia
1278 1746 1446 1774 commodius
1461 1746 1605 1772 arbitratus
1620 1753 1662 1776 es,
1683 1745 1826 1779 separatim
1847 1743 1876 1771 id

1081 1785 1188 1820 quaeri,
1204 1784 1291 1819 deque
1303 1792 1334 1810 eo
1344 1783 1454 1813 disseri,
1472 1782 1498 1809 id
1510 1787 1550 1809 est
1565 1782 1598 1809 de
1609 1782 1788 1812 divinatione,
1806 1789 1876 1816 quae

1082 1827 1122 1848 est
1132 1830 1224 1848 earum
1236 1830 1340 1852 rerum.
1357 1829 1426 1856 quae
1438 1820 1560 1847 fortuitae
1571 1824 1711 1854 putantur,
1728 1818 1876 1854 praedictio

1081 1864 1162 1894 atque
1173 1858 1352 1893 praesensi03)
1364 1858 1406 1889 id,
1418 1858 1442 1884 si
1452 1857 1551 1892 placet,
1565 1856 1720 1887 videamus.
1733 1865 1815 1891 quam
1827 1855 1876 1883 ha-

1083 1896 1143 1923 beat
1156 1897 1211 1922 vim
1223 1901 1248 1922 et
1259 1895 1338 1931 quale
1349 1896 1394 1922 sit.
1433 1895 1491 1931 Ego
1501 1895 1572 1921 enim
1585 1895 1625 1920 sic
1635 1894 1773 1920 existimo:
1787 1893 1811 1920 si
1821 1893 1876 1920 sint

1081 1942 1111 1960 ea
1122 1942 1220 1969 genera
1229 1933 1371 1959 divinandi
1384 1940 1445 1959 vera
1453 1952 1459 1963 ‚
1471 1932 1505 1958 de
1515 1931 1617 1966 quibus
1628 1932 1782 1966 accepimus
1791 1938 1876 1966 quae-

1081 1979 1134 2006 que
1145 1970 1269 2001 colimus,
1283 1979 1342 1996 esse
1353 1970 1430 1996 deos:
1444 1970 1630 2004 vicissimque.
1643 1969 1668 1994 si
1677 1968 1716 1994 dii
1728 1969 1791 1998 sint.
1804 1975 1873 1998 esse,

1081 2009 1129 2043 qui
1140 2007 1273 2034 divinent.
1313 2008 1356 2034 VI.
1382 2008 1418 2033 lo.
1442 2007 1538 2033 Arcem
1553 2011 1581 2032 tu
1593 2005 1704 2041 quidem
1714 2005 1872 2036 Stoicorum,

1083 2046 1203 2081 inquam,
1217 2044 1324 2077 Quinte,
1338 2043 1474 2074 defendis,
1488 2044 1512 2070 si
1523 2043 1635 2078 quidem
1646 2044 1696 2069 ista
1707 2043 1746 2069 sic
1757 2042 1876 2077 recipro-

1081 2087 1188 2113 cantur,
1206 2087 1236 2108 ut
1250 2087 1289 2113 et,
1308 2082 1330 2108 si
1341 2081 1473 2108 divinatio
1483 2081 1532 2111 sit.
1547 2080 1587 2106 dii
1598 2080 1652 2106 sint
1666 2085 1704 2110 et,
1723 2080 1747 2106 si
1757 2079 1795 2106 dii
1809 2079 1872 2110 sint.

1081 2121 1115 2146 sit
1126 2119 1266 2146 divinatio.
1306 2119 1425 2151 Quorum
1437 2123 1562 2145 neutrum
1573 2122 1626 2144 tam
1641 2116 1732 2147 facile,
1754 2124 1836 2151 quam
1845 2121 1875 2142 tu

1081 2157 1231 2187 arbitraris.
1249 2156 1413 2183 conceditur.
1453 2156 1521 2182 Nam
1536 2159 1562 2181 et
1571 2159 1664 2181 natura
1674 2153 1820 2190 significari
1831 2152 1875 2179 fu-

1081 2199 1139 2221 tura
1151 2195 1209 2220 sine
1220 2193 1270 2220 deo
1279 2198 1404 2228 possunt;
1426 2197 1464 2224 et,
1483 2197 1512 2219 ut
1522 2192 1576 2218 sint
1585 2192 1638 2222 dii,
1655 2195 1741 2226 potest
1757 2190 1827 2220 fieri.
1845 2194 1875 2217 ut

1082 2231 1154 2258 nulla
1165 2231 1199 2257 ab
1211 2231 1244 2257 iis
1255 2230 1386 2257 divinatio
1397 2231 1490 2266 generi
1500 2229 1619 2256 humano
1629 2229 1727 2255 tributa
1739 2228 1783 2254 sit.
1826 2227 1875 2254 At-

1080 2277 1133 2304 que
1144 2268 1198 2299 ille,
1212 2268 1279 2294 Mihi
1290 2277 1362 2299 vero,
1375 2268 1472 2303 inquit,
1485 2267 1551 2293 satis
1561 2270 1601 2293 est
1611 2265 1805 2302 argumenti,et
1814 2272 1874 2291 esse

1080 2306 1154 2337 deos,
1167 2311 1193 2332 et
1203 2314 1248 2332 eos
1257 2305 1397 2332 consulere
1407 2304 1489 2331 rebus
1499 2303 1635 2333 humanis,
1650 2302 1722 2338 quod
1733 2310 1792 2328 esse
1802 2301 1874 2328 clara

1080 2348 1106 2370 et
1119 2343 1263 2378 perspicua
1279 2342 1454 2369 divinationis
1468 2349 1566 2377 genera
1581 2340 1681 2367 iudico.
1720 2339 1757 2365 De
1771 2339 1873 2374 quibus

1079 2380 1146 2416 quid
1157 2381 1214 2415 ipse
1225 2380 1354 2410 sentiam,
1371 2380 1395 2406 si
1409 2379 1509 2414 placet.
1525 2386 1670 2413 exponam,
1686 2377 1722 2403 ita
1733 2381 1836 2407 tamen,
1849 2376 1873 2403 si

1080 2426 1160 2444 vacas
1170 2417 1269 2448 animo,
1283 2425 1370 2452 neque
1382 2416 1466 2443 habes
1476 2413 1669 2450 aliquid,quod
1681 2413 1744 2439 huic
1755 2414 1872 2440 sermoni

1079 2454 1303 2489 praevertendum
1315 2459 1402 2489 putes.
1444 2455 1484 2479 Η.
1499 2452 1556 2487 Ego
1566 2460 1636 2481 vero,
1649 2451 1770 2485 iuquam.
1782 2450 1873 2485 philo-

1079 2492 1203 2527 sophiae,
1216 2491 1327 2524 Quinte,
1345 2499 1453 2525 semper
1463 2498 1537 2516 vaco.
1577 2489 1630 2515 Hoc
1640 2493 1730 2514 autem
1742 2492 1870 2522 tempore,

1079 2537 1163 2564 quum
1175 2529 1211 2555 sit
1222 2529 1289 2555 nihil
1301 2526 1669 2563 aliud‚quodlibenteragere
1680 2526 1792 2559 possim,
1800 2523 1871 2551 mul-

1079 2571 1105 2592 to
1116 2567 1202 2602 magis
1213 2574 1279 2593 aveo
1290 2565 1393 2596 audire,
1408 2564 1442 2590 de
1451 2563 1617 2590 divinatione
1628 2562 1694 2597 quid
1706 2563 1816 2588 sentias.

1133 2602 1217 2634 Nihil,
1225 2603 1323 2638 inquit,
1335 2600 1463 2637 equidem
1474 2600 1546 2630 novi,
1560 2608 1617 2631 nec,
1629 2599 1702 2634 quod
1713 2603 1817 2634 praeter
1826 2606 1872 2624 ce-

1079 2644 1147 2667 teros
1163 2641 1222 2675 ipse
1235 2641 1359 2667 sentiam.
1398 2638 1466 2665 Nam
1480 2644 1566 2673 quum
1582 2636 1799 2672 antiquissimam
1808 2643 1871 2662 seu-
