1941 3052
228 142 288 167 tuit
783 140 838 165 tta.
873 138 907 164 Μ.
941 137 971 163 Τ,

227 212 360 240 tissimus,
374 212 395 236 xi
411 210 434 236 id
446 214 593 244 opportune
606 208 690 235 farere
702 209 797 243 pouit,
815 207 887 242 qnod
899 212 939 233 est
952 216 1016 233 cun·
1036 210 1037 242 J

228 250 364 274 xenienter
376 253 483 273 naturm¹
497 248 595 272 vivt·r‹·.
636 247 679 272 sn·
690 247 762 271 enirn
778 250 901 274 censent,
918 253 1016 279 oppor-

227 286 345 311 tunitatis
357 294 423 314 esse,
439 284 512 309 ln-nte
526 284 625 308 vivere.
668 284 756 316 ltaque
769 293 781 308 a
793 283 924 317 sapientia
940 290 1017 316 prae-

225 324 336 356 cipitur.
354 332 380 346 ,κι-
398 322 496 355 ip-nm,
517 321 539 345 si
559 329 623 345 usus·
639 320 687 348 sit,
706 320 813 353 sapiens
830 324 858 345 ut
872 319 1014 353 relinquat.

225 359 402 390 Quamobrem
415 366 499 392 «Ιιιιιιιι
514 357 638 382 vitiorum
653 357 699 382 ista
713 357 754 382 vis
765 366 816 382 non
828 357 876 386 sit,
895 361 923 382 ut
938 364 1017 381 caus-

225 405 280 421 Μιιιι
306 395 413 420 afferant
438 395 529 420 mortis
555 394 731 420 voluntariae:
763 395 936 428 perspicuum
966 397 1015 423 est,

225 434 303 458 etiam
315 431 466 461 stultorum,
479 431 526 465 qni
541 430 620 456 iidem
634 431 724 457 miseri
736 431 799 462 sint,
815 431 934 456 osticium
947 439 1014 460 esse,

226 477 331 495 inunt-re
345 469 369 494 in
384 469 435 494 vita
445 489 450 498 ,
468 469 490 494 si
506 469 560 494 sint
577 469 602 494 in
619 469 716 494 maiore
729 473 801 502 parte
813 477 904 494 earum
917 476 1015 497 reruni,

225 515 292 540 qum
308 505 457 531 secundnm
474 510 594 531 naturum
609 514 667 531 esse
679 505 806 531 dicimus.
847 505 1016 540 thuoniam

225 543 357 569 ext-edens
373 553 386 567 ι·
403 543 454 568 vita
470 547 495 568 et
511 552 622 569 manens
636 552 720 577 aeque
733 543 814 568 miser
827 548 878 573 est,
897 551 945 568 nee
956 541 1018 567 diu-

226 581 338 606 turnitns
356 581 380 605 ei
403 580 488 613 magis
511 580 591 606 vitam
615 579 770 613 fugiendam
788 579 862 606 facit:
886 589 937 605 non
959 579 1017 604 sine

224 626 318 643 (wissa
331 616 438 646 dicitnr,
453 618 499 647 iis.
513 618 559 651 qni
576 617 700 651 pluribus
713 617 880 644 naturalibus
893 616 944 642 l'rui
955 625 1018 651 pos-
1038 635 1039 655 g

1038 658 1039 671 ι
1069 652 1178 677 Minime
1194 656 1282 677 autern
1296 653 1435 682 convenit,
1451 661 1537 687 quum
1554 653 1605 687 ipsi
1623 654 1690 680 inter
1704 662 1751 680 nos
1765 654 1862 680 abiecti

224 655 286 683 sint,
301 663 359 679 esse
372 655 396 680 in
411 655 464 680 vita
476 655 649 680 manendum.

279 691 351 717 XIX.
373 693 414 717 62.
435 692 568 718 Pertinere
581 697 668 718 antem
681 691 712 718 ad
726 701 779 718 rem
791 692 962 722 arbitrantur,
977 691 1018 717 in-

225 727 324 763 telligi,
343 733 435 754 natura
448 728 517 759 lieri,
532 734 559 755 ιιι
572 729 649 755 liberi
662 739 675 755 a
688 729 843 764 parentibus
855 733 990 755 amentur:
1003 736 1016 753 a

223 774 278 800 qno
295 766 370 792 initio
387 765 531 800 profectam
547 775 718 793 communem
735 766 846 792 humani
857 766 963 801 generis
974 774 1018 791 so-

223 804 346 829 cietatem
358 804 555 838 persequimur.
595 803 670 836 Quod
683 805 800 838 primum
813 803 928 838 intelligi
939 802 1018 828 debet

226 840 310 875 ligura
332 840 515 874 membrisque
535 850 688 875 ‹·orp0rn¹n;
715 850 783 876 quae
805 842 862 875 ipsa
883 840 1018 866 declarant

225 877 381 911 procreandi
398 886 411 902 a
428 883 520 904 natura
538 878 655 904 habitam
671 887 729 904 esse
746 878 885 904 rationem.

226 922 288 940 vero
300 914 363 940 liacc
376 915 443 940 inter
453 924 482 941 se
493 924 639 949 congruere
651 920 767 950 possent,
777 920 806 941 ut
817 920 909 941 natura
921 920 945 940 et
957 923 1019 948 pro-

225 952 309 980 cseari
324 951 412 981 vellet.
426 956 451 978 et
462 952 540 987 diligi
553 958 702 987 procreatos
714 962 765 979 non
777 957 891 978 curaret.
932 953 1017 986 Atque

225 989 304 1014 etiam
317 989 344 1015 in
355 988 448 1015 bestiis
461 990 502 1015 vis
512 994 620 1016 naturae
632 990 854 1025 perspicipotest:
867 997 982 1024 quarum
991 989 1017 1014 in

226 1025 280 1051 fetu
296 1031 322 1052 et
337 1026 363 1052 in
378 1026 535 1053 educatione
548 1027 664 1053 laborem
676 1036 760 1061 quum
772 1027 922 1056 cernimus,
941 1031 1018 1052 natu-

226 1071 268 1089 rae
286 1063 372 1097 ipsius
389 1072 481 1089 vocem
493 1063 618 1090 videmur
628 1064 731 1090 audire.
772 1064 858 1096 Quare
872 1068 900 1090 nt
913 1063 1018 1098 perspi-

224 1108 306 1126 ennm
319 1105 371 1131 est,
386 1106 478 1127 natura
490 1110 537 1127 nos
549 1110 561 1127 a
573 1101 662 1128 dolore
675 1101 830 1128 abhorrere:
847 1101 886 1126 sic
897 1105 1016 1135 apparet,

225 1146 238 1163 a
251 1142 343 1163 natura
356 1138 421 1172 ipsa,
435 1143 463 1164 ut
474 1147 528 1168 eos,
542 1147 609 1173 quos
621 1139 810 1174 gennerimus,
823 1146 954 1167 amemus,
968 1138 1019 1163 im-

224 1174 299 1209 pelli.
340 1177 381 1200 63.
405 1175 443 1201 Ex
460 1175 509 1201 boc
524 1176 642 1202 nascitur
655 1177 748 1206 etiam,
767 1180 796 1202 ut
806 1175 958 1201 communis
971 1174 1019 1200 1ιο-

224 1213 328 1238 ιιιίιιιιιιι
346 1213 413 1238 inter
428 1213 551 1238 homines
566 1213 696 1239 naturalis
710 1214 745 1239 sit
760 1212 969 1240 commendatio.
991 1216 1019 1238 ut

223 1254 341 1283 oporteat
353 1249 487 1275 hominem
500 1250 533 1276 ab
545 1250 652 1277 homine
666 1251 700 1277 ob
716 1250 742 1276 id
760 1251 863 1285 ipsum,
881 1249 954 1284 qnod
970 1249 1018 1275 llo-

225 1294 267 1312 mo
278 1287 321 1316 sit,
337 1295 387 1312 non
400 1286 517 1312 alienum
532 1287 628 1314 videri.
659 1288 692 1314 Ut
702 1288 774 1313 enim
787 1288 814 1314 in
827 1287 955 1313 membris
967 1286 1018 1312 alia

224 1328 287 1349 sunt
302 1327 438 1358 tamquam
453 1324 508 1350 sibi
523 1329 596 1355 nata,
617 1329 646 1351 ut
662 1325 747 1355 oculi,
770 1330 797 1351 ut
813 1333 904 1354 aures:
928 1323 1017 1359 aliqua

223 1361 304 1386 etiam
315 1365 463 1387 ceterorum
478 1362 659 1388 membrorum
674 1371 753 1388 usum
766 1363 904 1393 adiuvant,
917 1366 946 1388 ut
957 1370 1019 1388 cru-

224 1406 264 1428 ra,
282 1402 311 1424 ut
326 1406 436 1424 manus:
452 1399 491 1424 sic
507 1399 639 1425 immanes
653 1400 785 1434 quaedam
798 1400 898 1426 bestiae
909 1399 962 1425 sibi
974 1407 1019 1425 so—

224 1433 281 1460 lum
297 1440 371 1461 natae
386 1440 462 1462 sunt:
481 1440 506 1462 at
522 1436 580 1467 illa,
598 1445 667 1471 quae
683 1438 709 1463 in
721 1437 821 1464 concha
833 1436 922 1472 patula
936 1437 1017 1471 pinna

223 1471 336 1504 dicitur-3
355 1473 446 1507 isque,
460 1474 507 1507 qui
519 1478 579 1500 enat
590 1482 603 1500 e
614 1474 729 1505 concha,
742 1475 804 1509 qui,
818 1474 890 1509 quod
901 1482 959 1500 eam
971 1482 1019 1500 cu-

223 1508 313 1540 stodit,
321 1510 474 1544 pinnoteres
485 1516 603 1542 vocatur,
613 1511 640 1538 in
651 1520 764 1547 eamque
775 1521 860 1546 quum
873 1520 901 1538 se
914 1511 1016 1545 recipit,

223 1546 384 1573 includitur:
400 1552 428 1573 ut
440 1547 562 1574 videatur
573 1549 719 1579 monuisse,
729 1554 757 1575 ut
768 1554 886 1575 caveret:
900 1549 1018 1583 itemque

224 1583 363 1615 formicae,
381 1593 458 1619 apes,
474 1585 592 1611 ciconiae
609 1585 722 1612 aliorum
739 1587 818 1612 etiam
829 1595 924 1612 caussa
935 1594 1020 1620 quae-

222 1620 285 1647 dam
297 1620 407 1647 faciunt.
448 1621 530 1648 Multo
542 1623 628 1658 magis
641 1623 705 1649 haec
716 1624 869 1650 coniunctio
880 1629 921 1650 est
932 1623 1020 1649 homi—-

223 1659 276 1684 nis.
316 1659 407 1693 Itaque
423 1664 516 1685 natura
535 1668 630 1686 sumus
645 1661 699 1695 apti
715 1661 748 1687 ad
766 1666 871 1691 coetus,
894 1660 1016 1690 concilia,

222 1696 355 1722 civitates.
396 1697 437 1722 64.
458 1696 590 1722 Mundum
606 1702 695 1724 autem
710 1703 821 1724 censent
835 1699 892 1733 regi
907 1698 1018 1724 numine

223 1732 348 1763 deorum,
366 1741 483 1767 eumque
494 1742 552 1760 esse
564 1735 643 1769 quasi
653 1743 824 1761 communem
836 1735 932 1761 urbem
944 1740 969 1761 et
979 1735 1019 1760 ci—

224 1770 333 1796 vitatem
348 1770 488 1796 hominum
504 1776 529 1797 et
544 1771 669 1802 deorum,
686 1777 710 1798 et
727 1781 812 1798 unum
822 1780 958 1807 quemque
971 1780 1019 1798 no-

223 1810 309 1833 strum
324 1807 383 1833 eius
399 1807 494 1833 mundi
508 1816 566 1834 esse
579 1813 689 1843 partem.
730 1810 770 1835 Ex
781 1818 834 1844 quo
846 1809 913 1835 illud
925 1814 1017 1835 natura

223 1845 366 1879 consequi,
380 1849 410 1870 ut
419 1853 590 1871 communem
603 1846 744 1872 utilitatem
757 1851 861 1872 nostrae
873 1851 1018 1880 antepona-

224 1889 295 1907 mus.
335 1881 368 1908 Ut
389 1882 461 1907 enim
482 1881 555 1917 leges
574 1884 696 1909 omnium
717 1883 831 1910 salntem
847 1883 1016 1918 singulorum

224 1917 304 1944 saluti
322 1923 500 1953 anteponunt:
526 1920 565 1945 sic
582 1920 623 1945 vir
639 1920 725 1945 bonus
740 1925 766 1946 et
781 1921 888 1955 sapiens
904 1925 929 1946 et
951 1920 1018 1955 legi-

224 1954 276 1980 bus
301 1963 396 1989 parens
421 1959 447 1981 et
472 1955 562 1982 civilis
586 1956 668 1982 oflicii
698 1966 748 1983 non
776 1958 885 1992 ignarus
910 1957 1017 1984 utilitati

223 1991 345 2018 omnium
366 1991 441 2026 plus,
463 2001 544 2027 quam
565 1994 646 2019 unius
666 1993 781 2020 alicuius
802 1999 847 2020 aut
869 2003 934 2020 snae
954 2003 1019 2020 con-

223 2028 298 2055 sulit.

224 2107 331 2137 propter
345 2112 422 2129 suam
438 2103 579 2130 utilitatem
594 2109 639 2131 aut
649 2105 773 2131 salutem.
814 2106 855 2132 Ex
865 2114 918 2140 quo
931 2106 971 2136 fit,
989 2111 1018 2131 ιιι

225 2139 376 2166 laudandus
391 2141 426 2167 sit
442 2141 478 2171 is,
501 2142 549 2176 qui
566 2146 675 2168 mortem
691 2148 797 2177 oppetat
810 2151 856 2177 pro
868 2142 1015 2177 republica,

223 2177 296 2211 quod
307 2177 408 2208 deceat,
421 2178 549 2204 cariorem
561 2187 619 2204 esse
631 2180 743 2213 patriam
758 2180 849 2207 nobis.
862 2188 944 2215 quam
955 2189 1018 2207 nos·
1038 2204 1040 2211 ,

224 2215 361 2249 metipsos.
402 2214 589 2250 Quoniamque
606 2216 650 2242 illa
667 2226 719 2243 vox
735 2217 882 2243 inhumana
896 2222 922 2244 et
932 2217 1018 2243 scele—

224 2256 276 2277 rata
293 2251 401 2277 ducitur
416 2261 522 2283 eorum,
538 2253 587 2288 qui
599 2259 695 2289 negant
706 2262 735 2280 se
747 2263 884 2285 recusare,
900 2263 954 2289 quo
965 2255 1018 2280 mi-

224 2297 283 2319 nus,
298 2289 364 2323 ipsis
377 2290 501 2320 mortuis,
515 2295 644 2316 terrarum
656 2292 777 2317 omnium
789 2291 942 2327 deflagratio
953 2300 1018 2318 con-

223 2331 362 2360 sequatur:
385 2327 467 2361 (quod
486 2327 591 2362 vulgari
607 2327 723 2362 quodam
740 2337 820 2354 versu
835 2329 936 2355 Graeco
955 2337 1018 2363 pro-

224 2363 340 2389 nuntiari
347 2363 439 2399 solet:)
452 2369 522 2390 certe
534 2373 628 2390 verum
639 2370 688 2396 est,
697 2366 826 2396 etiamiis,
834 2367 882 2400 qui
893 2365 1018 2401 aliquan-

223 2399 257 2425 do
268 2399 350 2426 futuri
362 2401 424 2431 sint,
440 2410 499 2427 esse
509 2407 617 2436 propter
629 2403 701 2436 ipsos
712 2402 918 2430 consulendum.

280 2436 340 2463 XX.
362 2439 403 2463 65.
424 2438 466 2464 Ex
481 2439 529 2465 hac
545 2439 696 2465 animorum
711 2439 849 2466 affectione
859 2445 1016 2467 testamenta

225 2473 522 2510 commendationesque
538 2476 710 2502 morientium
726 2481 800 2503 natae
812 2482 884 2504 sunt.
925 2477 1016 2510 Quod-

225 2517 277 2542 que
290 2518 365 2536 nemo
377 2511 404 2537 in
415 2512 560 2538 solitudine
573 2513 655 2539 vitam
665 2521 743 2548 agere
753 2513 827 2544 velit,
836 2523 869 2540 ne
880 2523 943 2540 cum
954 2514 1017 2541 infi-

227 2545 280 2570 nita
291 2546 400 2580 quidem
413 2549 580 2583 voluptatum
591 2550 769 2582 abundantia3
793 2550 870 2577 facite
886 2551 1017 2587 intelligi—

227 2587 281 2611 tur,
304 2591 350 2608 nos
362 2583 394 2609 ad
404 2587 618 2612 coniunctionem
629 2588 917 2623 congregationemque
928 2588 1017 2615 homi—

227 2626 290 2643 num
302 2624 327 2644 et
337 2619 368 2645 ad
382 2622 527 2648 naturalem
538 2624 757 2650 communitatem
768 2633 827 2650 esse
838 2630 922 2652 natos.
963 2626 1017 2651 Im-

227 2654 352 2687 pellimm·
371 2662 457 2684 autem
478 2665 583 2690 natura,
607 2665 634 2686 ut
653 2661 780 2695 prodesse
797 2661 913 2688 velimus
933 2671 1014 2697 quam
1036 2646 1045 2688 l

926 878 1017 911 Neque
1038 890 1047 907 ,1

1039 2105 1040 2112 i

1038 2117 1041 2126 ι

1038 1925 1040 1934 .

348 2029 402 2055 Nec
429 2030 516 2065 magis
539 2031 733 2065 vituperandus
757 2036 797 2058 est
822 2031 939 2066 proditor
971 2013 1041 2066 ρει-1

224 2066 302 2096 triae,
325 2074 407 2101 quam
421 2068 573 2093 communis
590 2068 713 2094 utilitatis
729 2074 774 2095 ant
789 2069 884 2095 salutis
899 2069 1018 2095 desertor
1039 2067 1047 2111 1

1006 136 1284 163 (ἶίίῖΙίΙιΟΝΙὸ

1068 206 1207 242 plurimis,
1231 207 1257 232 in
1273 207 1422 241 primisque
1437 206 1558 233 «incendo
1576 208 1779 243 rationibusque
1795 217 1860 244 pru-

1067 244 1172 269 dentiae
1185 242 1330 269 tradendia.
1362 246 1403 270 GG.
1423 245 1514 279 ltaque
1525 253 1576 271 non
1589 245 1665 271 facile
1676 251 1716 272 est
1728 247 1858 275 invenire.

1067 282 1124 315 qui.
1137 280 1209 315 quod
1221 281 1287 306 sciat
1299 281 1365 315 ipse,
1379 290 1430 307 non
1442 280 1527 307 tradat
1537 281 1622 308 alteri.
1661 283 1696 309 lta
1708 292 1759 309 non
1771 283 1859 309 sotum

1068 318 1100 343 ad
1117 317 1277 343 discendum
1294 320 1419 352 propensi
1436 327 1545 348 numus,
1565 328 1656 346 verum
1671 321 1752 346 etiam
1768 320 1800 346 ad
1812 320 1861 346 ‹to-

1067 354 1193 380 rendum.
1234 355 1320 389 Atque
1338 359 1365 380 ut
1381 356 1464 381 tauris
1480 361 1572 382 natura
1586 356 1678 383 dutum
1694 363 1747 387 ent.
1770 363 1798 384 ut
1814 366 1861 392 pro

1070 392 1161 417 vitulis
1181 396 1269 417 contra
1292 391 1380 417 leone„
1401 401 1506 418 summa
1527 393 1553 419 vi
1576 393 1731 429 impetuque
1751 400 1861 421 conten-

1068 429 1144 454 dant:
1158 429 1196 454 sic
1209 429 1235 458 ii,
1244 429 1291 463 qui
1305 428 1392 454 valent
1403 429 1501 463 opibus
1511 435 1591 464 atque
1603 430 1629 456 id
1642 430 1726 457 facere
1738 438 1859 466 possunt,

1069 471 1096 492 ιιι
1108 466 1140 491 de
1153 465 1263 491 llercule
1275 465 1342 491 etde
1355 466 1451 492 Libero
1465 468 1631 502 acecpimus.
1649 467 1682 494 ad
1696 468 1859 495 servandum

1068 511 1153 537 genus
1166 503 1305 529 hominnm
1319 508 1410 529 natura
1424 505 1577 530 incitantur.
1618 505 1705 540 Atque
1716 506 1805 535 etiam.
1821 507 1862 532 to-

1071 549 1129 566 vem
1141 549 1225 574 quum
1237 540 1376 574 Optimum
1388 541 1568 567 etMaximum
1579 541 1706 572 dicimus.
1719 551 1860 578 quumque

1069 577 1194 603 eumdem
1205 577 1363 607 Salutarem,
1379 578 1550 612 llospitalem.
1564 578 1707 611 Statorem',
1722 579 1771 606 hoc
1784 579 1862 606 intel-

1070 614 1116 649 ligi
1134 614 1272 644 volumus,
1290 614 1403 641 salutem
1421 615 1561 642 hominum
1578 617 1603 642 in
1620 617 1679 642 eius
1694 625 1753 643 esse
1769 616 1859 643 tutela.

1069 688 1237 724 neglectique
1248 689 1343 719 simus.
1352 689 1496 723 postulare,
1505 695 1534 716 ut
1543 690 1597 716 diis
1610 691 1807 717 immortalibus
1817 700 1861 717 ca-

1069 726 1090 752 ri
1102 727 1188 751 simus
1203 731 1227 752 et
1238 726 1272 751 ab
1285 726 1326 752 his
1337 726 1494 762 diligamur.
1534 727 1766 759 Quemadmodum
1781 729 1862 764 igitur

1069 763 1198 789 membris
1210 764 1311 789 utimur
1322 764 1407 797 prius,
1421 773 1501 799 quam
1513 764 1756 795 didicimus,cuius
1767 774 1796 791 ea
1810 766 1862 791 uti-

1045 809 1047 820 <
1069 799 1150 826 litatis
1162 809 1255 826 caussa
1270 800 1429 827 habeamus:
1447 802 1486 827 sic
1503 802 1570 828 inter
1585 811 1633 828 nos
1645 807 1737 828 natura
1749 802 1782 828 ad
1793 803 1863 828 civi-

1070 836 1121 863 lem
1141 839 1359 864 communitatem
1380 839 1516 865 coniuncti
1536 844 1562 865 et
1585 840 1729 866 consociati
1755 848 1860 866 sumus.

1068 874 1144 906 Quod
1161 875 1188 900 ni
1205 875 1239 900 ita
1255 883 1283 901 se
1301 875 1422 905 haberet.
1444 884 1492 901 nec
1507 877 1625 902 iustitiae
1642 876 1713 903 ullus
1729 882 1799 903 esset
1815 885 1862 903 nec

1046 909 1047 940 1
1068 911 1180 938 bonitati
1192 911 1276 938 locus.
1316 913 1358 938 67.
1380 912 1412 938 Ει
1425 921 1479 947 quo
1490 913 1568 940 modo
1583 914 1722 940 hominum
1735 914 1803 940 inter
1815 914 1863 940 ho-

1046 950 1047 981 ]
1070 950 1156 974 mines
1169 950 1234 975 iuris
1245 957 1303 975 esse
1315 949 1422 975 vincula
1435 955 1536 984 putant,
1550 951 1589 977 sic
1601 951 1703 977 homini
1716 951 1784 978 nihil
1796 952 1863 977 iuris

1046 989 1047 996 ¹
1069 994 1127 1012 esse
1138 994 1200 1012 cum
1213 986 1317 1012 bestiis.
1355 987 1490 1013 Praeclare
1501 988 1573 1014 enim
1585 988 1763 1024 Chrysippus,
1776 993 1861 1014 cetera

1046 1039 1047 1044 ι
1069 1028 1128 1049 nata
1149 1031 1208 1049 esse
1230 1023 1369 1050 hominum
1389 1032 1484 1050 caussa
1504 1029 1530 1050 et
1548 1025 1673 1056 deorum,
1708 1034 1754 1052 eos
1773 1030 1862 1051 autem

1046 1056 1047 1107 1
1068 1061 1268 1086 communitatis
1287 1066 1313 1087 et
1331 1061 1465 1088 societatis
1485 1070 1563 1093 suae;
1587 1067 1616 1088 ut
1632 1063 1726 1089 bestiis
1741 1063 1863 1089 homines

1046 1109 1048 1132 1
1069 1098 1107 1123 uti
1119 1097 1152 1123 ad
1165 1097 1306 1124 utilitatem
1318 1106 1395 1124 suam
1407 1099 1510 1133 possint
1521 1100 1580 1125 sine
1592 1100 1700 1126 iniuria.
1715 1100 1864 1132 Quoniam-

1046 1134 1048 1181 1
1068 1143 1121 1169 que
1133 1143 1162 1160 ea
1174 1139 1266 1161 natura
1278 1140 1348 1161 esset
1359 1135 1486 1165 hominis,
1495 1138 1553 1162 utei
1564 1145 1626 1163 cum
1637 1145 1734 1172 genere
1746 1137 1864 1163 humano

1046 1182 1048 1202 3
1069 1172 1147 1206 quasi
1159 1171 1239 1198 civile
1252 1172 1294 1198 ius
1306 1172 1493 1199 intercederet:
1507 1173 1594 1208 quiid
1605 1179 1786 1204 conservaret,
1800 1183 1863 1200 eum

1046 1207 1048 1247 1
1070 1209 1186 1240 iustum,
1201 1209 1250 1244 qui
1261 1210 1400 1245 migraret,
1419 1210 1550 1236 iniustum
1563 1210 1627 1237 sore.
1667 1210 1720 1237 Sed
1732 1211 1863 1246 quemad-

1046 1259 1048 1300 1
1071 1246 1195 1277 modum,
1212 1246 1346 1273 theatrum
1362 1252 1391 1273 ut
1405 1255 1548 1274 commune
1563 1249 1610 1278 sit,
1629 1254 1698 1274 recte
1710 1253 1797 1274 tamen
1808 1248 1863 1274 dici

1069 1288 1169 1318 potest,
1187 1284 1246 1310 eius
1260 1292 1319 1310 esse
1330 1292 1392 1310 eum
1405 1283 1507 1315 locum,
1523 1293 1605 1320 quem
1621 1286 1738 1321 quisque
1748 1294 1865 1320 occupa-

1046 1307 1049 1346 l
1070 1322 1116 1347 rit:
1139 1321 1178 1347 sic
1199 1322 1226 1347 in
1247 1321 1315 1348 urbe
1335 1321 1471 1348 mundove
1486 1323 1624 1348 communi
1639 1331 1691 1349 nou
1708 1322 1865 1349 adversatur

1046 1354 1048 1383 Ι
1070 1358 1184 1393 iuS,quo
1195 1359 1285 1385 minus
1296 1367 1377 1385 suum
1389 1358 1510 1394 quidque
1521 1361 1653 1395 cuiusque
1665 1360 1710 1386 sit.
1725 1360 1863 1393 68.Quum

1069 1400 1158 1422 autem
1165 1395 1198 1422 ad
1205 1396 1319 1422 tuendos
1329 1396 1581 1432 conservandosque
1593 1397 1715 1424 homines
1727 1397 1864 1424 hominem

1070 1438 1162 1459 natum
1177 1441 1236 1459 esse
1253 1433 1406 1460 videamus:
1428 1439 1638 1461 consentaneum
1652 1440 1692 1461 est
1709 1434 1771 1461 huic
1786 1440 1865 1461 natu-

1070 1479 1126 1501 rae,
1141 1475 1170 1496 ut
1180 1471 1288 1505 sapiens
1301 1471 1365 1497 velit
1375 1479 1467 1506 gerere
1479 1476 1504 1497 et
1515 1471 1702 1498 administrare
1714 1471 1864 1507 rempubli-

1069 1516 1142 1539 cam,
1160 1512 1253 1542 atque‚
1272 1512 1301 1534 ut
1314 1516 1328 1534 e
1345 1514 1438 1534 natura
1449 1509 1536 1539 vivat,
1554 1517 1665 1535 uxorem
1677 1508 1823 1545 adiungere
1838 1514 1865 1535 et

1070 1544 1139 1571 velle
1159 1553 1193 1571 ex
1213 1553 1243 1571 ea
1264 1544 1362 1571 liberos
1382 1554 1530 1580 procreare.
1570 1547 1608 1572 Ne
1628 1554 1731 1573 amores
1751 1546 1864 1582 quidem

1046 1587 1048 1598 ι
1069 1587 1176 1608 sanctos
1187 1590 1201 1607 a
1212 1582 1333 1617 sapiente
1349 1582 1450 1609 alienos
1465 1591 1524 1609 esse
1539 1583 1710 1610 arbitrantur.
1751 1584 1865 1619 Cynico-

1070 1628 1130 1645 rum
1151 1624 1240 1645 autem
1261 1621 1390 1646 rationem
1410 1625 1489 1654 atque
1505 1621 1587 1647 vitam
1606 1620 1652 1647 alii
1667 1620 1762 1647 cadere
1779 1622 1805 1647 in
1821 1629 1862 1647 sa-

1070 1657 1188 1691 pientem
1199 1656 1301 1687 dicunt,
1310 1657 1333 1683 si
1343 1658 1405 1692 quis
1415 1657 1550 1684 eiusmodi
1562 1658 1627 1684 sorte
1638 1666 1717 1684 casus
1728 1657 1862 1687 inciderit.

1070 1698 1099 1719 ut
1115 1693 1142 1719 id
1158 1693 1310 1719 faciendum
1326 1695 1374 1720 sit:
1393 1693 1440 1720 alii
1456 1694 1531 1721 nullo
1542 1694 1631 1721 modo.
1673 1695 1746 1721 xm.
1767 1697 1809 1721 69.
1831 1695 1865 1721 L't

1070 1739 1132 1756 vero
1145 1736 1319 1757 conservetur
1332 1731 1420 1757 omnis
1436 1730 1538 1758 homini
1551 1740 1613 1767 erga
1630 1732 1767 1759 hominem
1778 1733 1864 1759 socie-

1069 1772 1117 1798 tas,
1130 1768 1292 1798 coniunctio,
1305 1769 1416 1794 caritas:
1432 1773 1457 1795 et
1468 1769 1647 1795 emolumenta
1657 1774 1683 1795 et
1693 1769 1861 1796 detrimenta.

1068 1813 1137 1839 quae
1149 1804 1306 1839 ὠφελήματα
1317 1809 1343 1831 et
1353 1806 1492 1841 βλάμμαια
1503 1806 1647 1841 appellant,
1655 1807 1808 1833 communia
1820 1815 1865 1832 es-

1069 1849 1097 1867 se
1113 1841 1269 1868 voluerunt:
1287 1850 1403 1877 quorum
1419 1843 1500 1869 altera
1515 1849 1641 1878 prosunt,
1661 1849 1758 1870 nocent.
1770 1843 1861 1870 altera.

1069 1879 1162 1914 Neque
1177 1878 1265 1906 solum
1280 1888 1310 1905 ea
1326 1881 1493 1911 eommunia,
1516 1889 1610 1907 verum
1626 1881 1706 1907 etiam
1721 1882 1794 1916 paria
1805 1889 1864 1907 esse

1068 1915 1205 1943 dixerunt.
1245 1916 1414 1943 Incommoda
1439 1923 1528 1944 autem
1552 1923 1577 1944 et
1596 1918 1735 1945 commoda
1755 1919 1801 1953 (ita
1821 1918 1862 1945 εὐ-

1045 1957 1048 2011 1
1066 1954 1236 1989 χρησιὴμαῐα
1246 1958 1271 1979 et
1283 1954 1501 1990 δυσχρησῐήμαῐα
1512 1954 1628 1990 appello)
1638 1956 1791 1982 communia
1804 1963 1864 1982 esse

1070 1991 1226 2021 voluerunt.
1247 1992 1322 2026 paria
1345 1991 1498 2018 noluerunt.
1538 1992 1584 2018 Illa
1603 1993 1690 2023 enim,
1713 2001 1782 2028 quae
1802 2000 1864 2027 pro-

1046 2020 1047 2062 1
1069 2033 1132 2054 sunt
1147 2034 1192 2054 aut
1207 2036 1276 2063 quae
1291 2034 1400 2060 nocent,
1416 2034 1461 2055 aut
1476 2029 1545 2056 bona
1560 2035 1623 2057 sunt
1634 2035 1680 2056 aut
1689 2030 1772 2056 mala:
1794 2037 1864 2064 quae

1069 2066 1123 2092 sint
1138 2065 1212 2100 paria
1229 2074 1338 2092 necesse
1353 2071 1403 2092 est.
1443 2066 1588 2094 Commoda
1604 2072 1694 2094 autem
1704 2072 1750 2094 aut
1761 2068 1864 2093 incom-

1045 2114 1047 2155 1
1070 2103 1146 2129 moda
1164 2103 1191 2128 in
1207 2111 1238 2129 eo
1251 2111 1349 2138 genere
1365 2108 1441 2134 sunt,
1464 2112 1533 2138 quae
1551 2105 1702 2139 praeposita
1722 2109 1748 2130 et
1767 2105 1862 2130 reiecta

1046 2158 1047 2172 ,
1069 2141 1196 2167 dicimus.
1236 2140 1274 2166 Ea
1294 2146 1407 2175 possunt
1425 2142 1499 2175 paria
1515 2150 1568 2168 non
1581 2149 1650 2168 esse.
1691 2141 1744 2168 Sed
1759 2140 1863 2167 emolu-

1046 2175 1047 2195 1
1069 2182 1157 2204 menta
1172 2178 1326 2203 communia
1341 2186 1400 2204 esse
1419 2178 1555 2205 dicuntur.
1597 2179 1675 2205 Recte
1690 2183 1779 2205 autem
1795 2177 1862 2204 tacta

1046 2219 1047 2232 ³
1068 2220 1094 2242 et
1108 2219 1216 2250 peccata
1231 2223 1283 2240 nou
1295 2214 1428 2241 habentur
1440 2216 1606 2242 communia.
1645 2217 1688 2242 70.
1709 2215 1862 2242 Amicitiam

1069 2257 1158 2279 autem
1168 2251 1351 2278 adhibendam
1362 2260 1421 2278 esse
1432 2258 1555 2283 censent,
1572 2253 1636 2288 quia
1650 2253 1686 2279 sit
1695 2260 1729 2279 ex
1739 2260 1770 2278 eo
1779 2260 1863 2287 gene-

1069 2298 1109 2320 re,
1135 2297 1203 2323 quae
1224 2294 1346 2323 prosunt.
1395 2289 1564 2325 Quamquam
1585 2295 1673 2316 autem
1694 2290 1722 2315 in
1744 2289 1862 2315 amicitia

1068 2327 1115 2354 alii
1126 2326 1224 2357 dicant,
1238 2334 1323 2361 aeque
1334 2335 1423 2353 caram
1434 2335 1493 2353 esse
1503 2328 1619 2362 sapienti
1630 2327 1759 2353 rationem
1770 2327 1859 2357 amici,

1045 2313 1046 2326 l

1045 2331 1046 2344 l

1044 2355 1047 2381 l
1068 2373 1098 2391 ac
1118 2372 1208 2395 suamg
1233 2363 1279 2389 alii
1300 2369 1403 2394 autem,
1425 2365 1479 2390 sibi
1499 2365 1598 2399 cuique
1617 2364 1746 2390 cariorem
1768 2372 1858 2390 suam:

1044 2393 1046 2431 Ι
1069 2407 1156 2428 tamen
1173 2401 1201 2427 hi
1215 2409 1323 2435 quoque
1338 2402 1498 2435 posteriores
1518 2401 1646 2432 fatentur,
1669 2400 1787 2427 alienum
1802 2409 1861 2427 esse

1044 2434 1046 2482 1
1068 2439 1102 2465 ab
1118 2439 1234 2467 iustitia,
1256 2438 1290 2464 ad
1304 2446 1388 2473 quam
1402 2439 1456 2465 nati
1471 2447 1531 2465 esse
1546 2438 1700 2468 videamur,
1721 2437 1861 2464 detrahere

1067 2476 1135 2511 quid
1154 2475 1188 2501 de
1205 2474 1309 2510 aliquo,
1332 2475 1405 2510 quod
1425 2475 1480 2502 sibi
1499 2480 1627 2502 assumat.
1667 2475 1777 2501 Minime
1797 2483 1861 2502 vero

1044 2530 1045 2563 1
1067 2513 1196 2548 probatur
1210 2512 1274 2538 huic
1289 2512 1463 2548 disciplinae,
1486 2512 1519 2539 de
1533 2521 1586 2548 qua
1602 2511 1707 2546 loquor,
1728 2517 1774 2538 aut
1792 2513 1861 2538 ami—

1043 2573 1045 2614 ¹,
1068 2588 1185 2622 probari.

1067 2551 1159 2577 citiam
1183 2554 1229 2576 aut
1253 2550 1383 2576 iustitiam
1408 2554 1515 2584 propter
1538 2549 1667 2576 utilitates
1691 2549 1789 2576 ascisci
1815 2554 1861 2575 aut

1225 2587 1342 2614 Eaedem
1359 2587 1432 2613 enim
1447 2586 1574 2613 utilitates
1589 2591 1713 2621 poterunt
1727 2594 1772 2612 eas
1787 2585 1861 2612 labe—

1068 2625 1164 2651 factare
1183 2630 1263 2659 atque
1282 2629 1443 2659 pervertere.
1482 2624 1588 2650 Etenim
1609 2631 1658 2649 nec
1678 2624 1796 2650 iustitiae
1811 2631 1860 2649 nec

1068 2663 1201 2688 amicitiae
1211 2670 1270 2688 esse
1281 2662 1390 2688 omuino
1401 2665 1538 2695 poterunt,
1555 2661 1608 2687 nisi
1624 2661 1698 2695 ipsae
1712 2668 1760 2695 per
1773 2668 1802 2686 se
1811 2668 1861 2686 ex—
