1941 3052
378 147 432 173 DE
465 145 782 173 HARUSPtCUM
815 144 1261 172 RESPONSIS.CAP.1

53 219 148 246 blicae.
169 217 307 249 Videbam,
321 217 389 244 illud
400 217 488 244 scelus
500 221 553 243 tam
564 215 849 252 importunum,auda-

53 258 122 284 ciam
133 260 186 282 tam
198 256 343 282 immanem
353 255 528 281 adolescentis
540 254 663 285 furentis,
672 253 779 284 nobilis,
789 253 850 279 vul-

54 294 138 322 nerati
154 302 207 320 non
222 301 300 328 posse
315 293 398 319 areeri
413 293 460 319 otii
472 292 586 318 sinibus:
609 296 768 326 erupturum
781 290 849 316 illud

54 331 157 359 malum
167 330 320 365 aliquando,
333 330 356 356 si
368 330 533 364 impunitum
545 329 649 360 fuisset,
658 328 691 355 ad
704 328 848 363 perniciem

53 368 179 396 civitatis.
206 369 229 394 5.
242 368 299 393 Non
311 367 427 394 multum
438 367 505 393 mihi
516 375 580 393 sane
592 371 650 401 post
661 366 693 392 ad
704 366 796 392 odium
807 373 850 390 ac-

54 406 144 433 cessit.
185 404 259 431 Nihil
270 405 342 431 enim
354 409 443 431 contra
455 413 496 430 me
507 403 569 430 fecit
579 403 640 430 odio
651 403 717 434 mei,
731 402 778 429 sed
789 402 850 428 odio

54 442 213 472 severitatis.
226 442 287 468 odio
298 442 445 478 dignitatiS,
458 441 519 468 odio
530 441 702 476 reipublicae.
738 441 795 466 Non
807 448 850 465 me

56 480 143 516 magis
158 479 282 510 violavit,
298 488 380 514 quam
392 483 528 509 senatum,
546 487 628 513 quam
640 478 743 512 equites
754 478 851 503 Roma-

54 527 112 549 nos.
125 526 206 553 quam
218 525 311 543 omnes
322 517 413 548 bonos,
427 525 508 551 quam
519 516 619 542 Italiam
630 520 762 541 cunctam.
793 515 850 540 Non

55 555 171 590 denique
182 555 210 581 in
222 562 264 580 me
275 554 425 580 sceleratior
437 553 496 584 fuit,
508 562 590 588 quam
602 554 629 578 in
641 553 714 587 ipsos
725 552 788 577 deos
799 553 851 577 im-

55 592 190 619 mortales.
230 592 336 618 Etenim
347 591 408 618 illos
420 599 450 617 eo
461 591 560 617 scelere
571 590 695 620 violavit,
708 598 762 624 quo
774 597 851 614 nemo

55 634 145 656 antea:
167 630 195 656 in
207 637 249 655 me
262 628 312 656 fuit
323 629 416 655 eodem
427 629 530 659 animo,
547 636 602 662 quo
613 627 691 653 etiam
704 627 762 652 eius
773 625 851 652 fami-

57 667 130 694 liaris
142 666 268 697 Catilina,
283 667 306 693 si
318 666 434 696 vicisset,
449 665 554 691 fuisset.
594 665 685 699 Itaque
697 672 758 690 eum
772 672 852 689 num-

55 713 138 740 quam
149 713 162 730 a
175 712 216 730 me
227 712 286 730 esse
297 703 476 730 accusandum
489 702 595 737 putavi,
612 711 664 728 non
676 701 752 736 plus,
768 709 850 735 quam

56 742 176 777 stipitem
187 741 278 771 illum,
292 741 352 776 qui,
365 749 480 775 quorum
493 740 631 766 hominum
643 743 721 769 esset,
736 739 852 764 nescire-

56 788 131 811 mus,
152 778 205 805 nisi
220 787 248 804 se
260 778 385 814 Ligurem
400 778 458 812 ipse
474 786 533 803 esse
549 777 657 803 diceret.
697 775 767 808 Quid
779 776 851 801 enim

56 817 129 843 hunc
139 824 297 851 persequar,
315 815 445 850 pecudem
457 823 486 841 ac
498 814 629 845 belluam,
648 813 747 848 pabulo
761 813 852 839 inimi-

55 862 148 880 corum
169 861 289 879 meorum
310 857 335 879 et
350 852 448 888 glande
463 850 638 886 corruptum?
657 851 703 886 qui
720 850 743 876 si
757 851 849 880 sensit,

56 899 110 926 quo
120 899 179 917 sese
190 889 289 916 scelere
303 890 467 920 devinxerit,
485 898 537 916 non
549 889 655 919 dubito,
673 888 740 923 quin
755 888 790 914 sit
801 888 852 913 mi-

56 929 200 955 serrimus:
223 928 264 954 sin
276 932 364 954 autem
377 927 404 954 id
416 936 467 953 non
480 926 564 958 videt,
583 925 733 961 periculum
749 929 802 956 est,
819 933 852 950 ne.

57 974 86 992 se
96 965 214 1000 stuporis
225 965 395 991 excusatione
410 964 544 991 defendat.
586 966 610 990 6.
631 963 740 990 Accedit
760 963 849 993 etiam,

56 1003 129 1039 quod
144 1003 340 1037 exspectatione
355 1002 477 1029 omnium
493 1001 638 1028 fortissimo
658 1005 683 1027 et
702 1000 852 1026 clarissimo

57 1041 124 1072 viro,
137 1040 271 1071 T.Annio,
284 1039 378 1066 devota
390 1044 416 1066 et
426 1040 568 1066 constituta
581 1039 630 1065 ista
643 1038 728 1064 hostia
740 1046 800 1063 esse
812 1038 852 1063 vi-

57 1078 148 1105 detur:
170 1078 214 1104 cui
229 1086 271 1104 me
287 1078 437 1112 praeripere
452 1076 614 1111 desponsam
630 1077 682 1102 iam
698 1080 724 1101 et
735 1075 853 1101 destina-

57 1120 111 1143 tam
127 1115 246 1146 laudem,
268 1123 353 1150 quum
369 1115 428 1149 ipse
443 1115 502 1140 eius
517 1122 596 1149 opera
612 1117 637 1139 et
651 1113 808 1148 dignitatem
828 1116 853 1138 et

57 1153 170 1180 salutem
183 1153 370 1187 recuperarim‚
383 1151 461 1178 valde
472 1156 512 1178 est
522 1151 657 1186 iniquum.
680 1151 723 1177 lV.
735 1150 851 1181 Etenim,

57 1195 88 1218 ut
103 1191 131 1217 P.
144 1189 190 1216 ille
201 1189 290 1225 Scipio
305 1194 383 1216 natus
398 1189 466 1216 mihi
481 1189 587 1215 videtur
603 1188 635 1215 ad
648 1188 785 1214 interitum
796 1188 854 1213 exi-

57 1228 181 1262 tiumque
191 1227 376 1263 Karthaginis,
399 1227 447 1262 qui
462 1226 537 1253 illam
553 1235 567 1252 a
583 1225 676 1252 multis
686 1225 853 1260 imperatori-

57 1265 110 1292 bus
121 1265 271 1296 obsessam,
289 1269 484 1300 oppugnatam,
503 1263 699 1294 labefactatam,
716 1270 799 1297 paene
811 1270 855 1288 ca-

59 1307 132 1337 ptam
143 1301 295 1337 aliquando,
309 1302 387 1337 quasi
400 1301 471 1328 fatali
483 1306 590 1332 eventu,
604 1301 679 1327 solus
690 1301 798 1326 evertit:
816 1299 854 1325 sic

58 1340 89 1366 T.
106 1339 210 1366 Annius
226 1339 258 1365 ad
274 1339 348 1365 illam
365 1344 467 1374 pestem
487 1338 730 1374 comprimendam,
752 1337 855 1363 exstin-

58 1376 206 1413 guendam,
230 1376 351 1402 funditus
367 1376 507 1403 delendam
524 1381 602 1402 natus
618 1384 677 1402 esse
693 1375 812 1404 videtur,
830 1378 855 1400 et

59 1415 138 1450 quasi
149 1414 242 1440 divino
253 1422 363 1440 munere
374 1414 488 1440 donatus
504 1413 677 1448 reipublicae.
718 1412 798 1439 Solus
809 1411 855 1438 ille

59 1451 192 1488 cognovit,
206 1451 434 1486 quemadmodum
446 1455 577 1477 armatum
589 1451 685 1481 civem,
699 1450 746 1485 qui
759 1449 856 1484 lapidi-

59 1489 121 1520 bus,
134 1489 182 1524 qui
195 1488 263 1515 ferro
274 1489 340 1515 alios
352 1488 464 1524 fugaret⁷
478 1488 543 1515 alios
555 1488 626 1514 domi
639 1488 793 1518 contineret,
807 1487 855 1521 qui

59 1526 158 1553 Urbem
180 1530 270 1557 totam,
293 1526 340 1561 qui
361 1526 472 1557 curiam,
494 1526 542 1561 qui
564 1525 665 1556 forum,
688 1526 735 1560 qui
758 1524 855 1558 templa

59 1564 149 1591 omnia
160 1563 239 1590 caede
250 1563 435 1598 incendiisque
447 1567 568 1594 terreret,
585 1571 636 1589 non
649 1563 727 1589 modo
738 1563 853 1592 vincere,

60 1609 155 1628 verum
167 1601 246 1627 etiam
258 1601 359 1627 vincire
369 1605 510 1636 oporteret.
536 1601 561 1626 7.
575 1601 643 1626 Huic
654 1609 711 1635 eg0‚
726 1604 752 1626 et
764 1599 817 1630 tali,
831 1603 856 1624 et

60 1639 95 1665 ita
106 1638 139 1664 de
150 1646 202 1670 me,
216 1646 245 1664 ac
255 1638 288 1664 de
300 1638 383 1673 patria
394 1638 488 1664 merito
501 1638 564 1669 viro,
579 1646 726 1672 numquam
740 1645 797 1663 mea
810 1645 857 1662 vo-

61 1675 161 1703 luntate
176 1676 335 1710 praeripiam
351 1684 412 1702 eum
429 1675 584 1710 praesertim
601 1684 690 1706 reum,
713 1675 791 1701 cuius
811 1673 856 1700 ille

61 1713 215 1740 inimicitias
227 1721 278 1739 non
290 1712 377 1739 solum
390 1713 509 1747 suscepit
520 1717 627 1747 propter
638 1712 750 1739 salutem
758 1720 854 1741 meam,

62 1759 155 1777 verum
167 1751 246 1777 etiam
258 1751 396 1786 appetivit.
423 1750 475 1777 Sed
487 1751 509 1777 si
522 1750 600 1776 etiam
613 1759 684 1776 nune
695 1749 857 1784 illaqueatus

62 1788 115 1814 iam
126 1788 246 1815 omnium
260 1787 350 1824 legum
363 1787 503 1823 periculis,
522 1788 640 1814 irretitus
654 1787 715 1814 odio
727 1787 857 1813 bonorum

63 1826 197 1856 omnium,
219 1826 415 1860 exspectatione
435 1824 562 1860 supplicii
585 1825 637 1851 iam
658 1834 709 1851 non
730 1824 857 1850 diuturna

64 1862 226 1898 implicatus,
235 1862 334 1889 feretur
345 1867 432 1889 tamen
445 1863 588 1893 haesitans,
597 1867 622 1889 et
633 1863 659 1888 in
671 1871 713 1888 me
725 1862 856 1896 impetum

62 1899 208 1935 impeditus
221 1899 304 1926 facere
314 1900 466 1926 conabitur:
480 1901 601 1926 resistam
613 1904 647 1931 et,
656 1904 701 1926 aut
711 1899 858 1926 conceden-

63 1941 88 1964 te
100 1941 145 1963 aut
156 1937 234 1963 etiam
246 1937 389 1963 adiuvante
401 1937 506 1968 Milone,
520 1938 579 1963 eius
590 1941 713 1963 conatum
726 1936 855 1963 refutabo:

64 1973 139 2000 velut
150 1974 273 2000 hesterno
283 1974 339 2005 die,
356 1982 442 2009 quum
459 1974 525 2000 mibi
541 1975 621 2000 stanti
637 1979 726 2000 tacens
743 1975 859 2000 minare-

65 2016 116 2042 tur,
131 2019 193 2037 voce
205 2015 307 2038 tantum
320 2012 393 2047 attigi
407 2011 495 2047 legum
508 2012 615 2037 initium
627 2016 652 2037 et
664 2011 767 2037 iudicii.
790 2011 859 2038 Con-

65 2048 200 2075 seditille.
226 2048 367 2075 Conticuit.
395 2049 468 2074 Diem
480 2048 602 2079 dixisset,
616 2053 645 2074 ut
657 2048 765 2075 fecerat:
780 2048 859 2075 fecis-

65 2094 131 2118 sem¹
146 2090 175 2112 ut
186 2085 208 2112 ei
221 2086 309 2112 statim
323 2086 415 2112 tertius
426 2094 439 2111 a
452 2090 570 2120 praetore
581 2085 639 2112 dies
650 2086 792 2112 diceretur.
812 2086 859 2112 At-

64 2131 118 2159 que
135 2123 183 2149 hoc
198 2123 237 2149 sic
252 2122 403 2149 moderetur
418 2127 443 2148 et
458 2123 567 2158 cogitet,
590 2123 612 2149 si
629 2128 769 2149 contentus
781 2124 815 2149 sit
827 2124 859 2149 iis

65 2160 225 2192 sceleribus,
239 2168 308 2195 quae
319 2160 466 2191 commisit,
482 2168 541 2186 esse
552 2161 604 2186 iam
616 2165 798 2187 consecratum
810 2161 860 2186 Mi-

66 2197 134 2225 loni:
156 2198 179 2224 si
191 2198 262 2233 quod
274 2198 300 2224 in
313 2206 355 2224 me
367 2197 449 2223 telum
465 2197 620 2228 intenderit,
638 2198 727 2224 statim
744 2207 786 2224 me
801 2207 860 2224 esse

67 2239 234 2270 arrepturum
246 2244 317 2261 arma
329 2234 489 2261 iudiciorum
501 2239 581 2270 atque
594 2235 694 2271 legum.

123 2274 147 2299 8.
165 2272 246 2308 Atqui
258 2272 348 2307 paullo
360 2277 428 2303 ante,
443 2276 529 2306 patres
540 2273 692 2307 conscripti,
706 2273 859 2299 concionem

67 2309 173 2342 habuit,
195 2318 264 2346 quae
279 2314 319 2336 est
334 2309 366 2336 ad
383 2318 424 2335 me
440 2313 490 2335 tota
506 2308 605 2336 delata:
628 2310 706 2336 cuius
726 2310 860 2336 concionis

67 2347 184 2382 primum
201 2348 357 2374 universum
375 2351 562 2382 argumentum
578 2347 792 2382 sententiamque
813 2356 861 2373 au-

68 2384 131 2411 dite.
152 2384 242 2417 Quum
254 2385 366 2411 riseritis
378 2383 572 2419 impudentiam
585 2384 710 2415 hominis,
724 2388 780 2410 tum
793 2393 806 2410 a
819 2393 861 2410 mo

68 2420 101 2448 de
112 2426 163 2449 tota
175 2423 300 2449 concione
312 2421 436 2448 audietis.
458 2421 488 2447 V.
503 2422 537 2447 De
549 2421 825 2457 religionibus,sucris
836 2426 861 2447 et

68 2459 236 2486 caerimoniis
247 2463 288 2486 est
298 2459 478 2489 concionatus,
493 2463 580 2493 patres
591 2459 745 2493 conscripti,
759 2459 787 2484 P.
801 2458 862 2485 Clo-

68 2495 143 2523 dius:
165 2497 194 2523 P.
211 2497 321 2532 inquam
336 2496 446 2523 Clodius
462 2504 534 2522 sacra
551 2499 577 2522 et
592 2495 733 2531 religiones
750 2495 859 2531 negligi,

69 2533 171 2564 violari,
184 2533 267 2569 pollui
279 2538 392 2569 questus
403 2538 451 2560 est.
493 2534 550 2559 Non
565 2533 672 2563 mirum,
689 2533 711 2559 si
724 2533 773 2559 hoc
785 2533 861 2559 vobis

69 2569 212 2597 ridiculum
225 2571 340 2597 videtur.
366 2571 452 2597 Etiam
469 2579 516 2597 sua
528 2571 619 2596 concio
631 2570 698 2600 risit,
714 2570 858 2600 hominem.

69 2608 202 2642 quomodo
212 2608 271 2643 ipse
281 2608 388 2644 gloriari
399 2607 478 2639 solet,
496 2607 619 2634 ducentis
634 2607 769 2634 confixum
784 2615 862 2633 sena—

69 2645 256 2677 tusconsultis,
272 2654 341 2681 quae
356 2649 421 2672 sunt
435 2645 523 2672 omnia
538 2649 627 2671 contra
643 2644 720 2671 illum
738 2653 785 2679 pro
800 2644 861 2670 reli-

68 2681 194 2717 gionibus
209 2682 289 2714 sacta,
306 2683 496 2718 hominemque
512 2691 587 2714 eum,
609 2682 656 2718 qui
672 2681 861 2717 pulvinaribus

1286 160 1322 164 —-
1342 147 1366 170 6.
1643 146 1690 171 493

900 216 985 242 Bonae
997 215 1060 242 deae
1071 220 1194 250 stuprum
1208 215 1341 246 intulerit,
1359 223 1442 250 eaque
1454 223 1526 240 sacra
1535 235 1541 245 ,
1559 223 1628 249 quae
1642 215 1691 240 viri

900 253 985 279 oculis
1002 262 1034 279 ne
1050 253 1227 288 imprudentis
1242 252 1352 287 quidem
1368 252 1451 287 aspici
1463 251 1502 278 fas
1513 256 1565 282 est,
1583 261 1635 278 non
1650 261 1694 278 so-

902 289 958 316 lum
970 294 1078 324 aspectu
1091 290 1176 321 virili,
1194 289 1241 316 sed
1253 289 1352 325 flagitio
1367 294 1514 324 stuproque
1531 289 1647 320 violarit,
1665 289 1691 315 in

900 328 1025 354 concione
1036 327 1069 353 de
1080 327 1256 363 religionibus
1268 327 1395 363 neglectis
1407 327 1542 361 conqueri.
1565 327 1589 351 9.
1603 327 1694 360 Itaque

902 373 973 390 nunc
993 365 1113 399 proxima
1133 365 1225 391 concio
1245 365 1303 390 eius
1324 369 1493 399 exspectatur
1507 364 1539 390 de
1555 363 1692 398 pudicitia.

901 401 972 433 Quid
983 402 1054 428 enim
1067 402 1184 432 interest,
1199 406 1289 427 utrum
1301 401 1334 427 ab
1346 401 1474 427 altaribus
1484 401 1695 437 religiosissimis

902 438 1011 474 fugatus
1027 439 1059 465 de
1075 440 1157 465 sacris
1173 443 1198 465 et
1214 439 1390 474 religionibus
1405 443 1595 474 conqueratur,
1614 447 1646 464 an
1662 446 1695 464 ex

902 485 1022 502 sororum
1043 476 1169 502 cubiculo
1188 484 1313 512 egressus
1335 476 1464 511 pudorem
1484 476 1696 511 pudicitiamque

901 513 1044 539 defendat?
1064 514 1231 548 Responsum
1248 514 1420 548 haruspicum
1438 513 1487 539 hoc
1498 522 1589 539 recens
1600 512 1633 538 de
1645 512 1697 538 fre-

902 551 970 576 mitu
991 551 1018 576 in
1039 551 1164 577 concione
1184 551 1316 581 recitavit,
1341 551 1367 576 in
1382 559 1437 585 quo
1451 559 1513 576 cum
1529 550 1588 576 aliis
1603 550 1696 576 multis

902 588 1033 622 scriptum
1045 589 1124 614 etiam
1139 587 1207 614 illud
1223 593 1262 614 est
1277 588 1314 623 (id
1326 588 1397 622 quod
1410 588 1533 622 audistis)
1549 589 1604 614 locu
1619 596 1697 613 sacra

903 630 925 650 et
937 627 1057 658 religiosa
1066 628 1177 659 profana
1189 627 1284 651 haberi.
1318 626 1346 651 In
1357 634 1386 651 ea
1397 634 1490 651 caussa
1502 634 1560 651 esse
1571 625 1640 651 dixit
1650 624 1697 650 do-

903 671 978 688 mum
999 671 1096 693 meam,
1119 671 1133 688 a
1154 662 1358 697 religiosissimo
1378 662 1521 693 sacerdote,
1543 662 1572 688 P.
1594 661 1694 691 Clodio,

903 704 1092 725 consecratam.
1137 701 1176 725 to.
1198 699 1309 726 Gaudeo
1325 700 1391 726 mihi
1407 700 1439 725 de
1456 704 1508 725 toto
1524 700 1573 726 hoc
1583 703 1694 729 ostento,

903 736 975 771 quod
988 736 1059 762 haud
1070 737 1134 767 scio,
1143 745 1175 762 an
1186 737 1379 771 gravissimum
1391 736 1482 763 multis
1495 737 1536 762 his
1548 737 1625 763 annis
1635 736 1698 762 huic

903 773 990 800 ordini
1012 775 1163 800 nuntiatum
1180 774 1227 805 sit,
1249 774 1337 800 datam
1355 783 1405 800 non
1422 773 1500 800 modo
1515 774 1627 804 iustam,
1650 773 1697 799 sed

903 812 982 837 etiam
998 811 1176 837 necessariam
1189 820 1312 837 caussam
1325 820 1383 837 esse
1394 811 1510 837 dicendi.
1550 810 1698 845 Reperietis

903 848 975 874 enim
987 857 1020 875 ex
1031 848 1080 875 hoc
1091 853 1144 875 toto
1156 849 1277 884 prodigio
1288 853 1367 884 atque
1378 857 1513 883 responso,
1523 857 1570 874 nos
1576 848 1609 874 de
1620 848 1698 874 istius

903 885 1002 912 scelere
1017 894 1047 912 ac
1062 885 1150 912 furore
1162 895 1191 912 ac
1201 886 1234 912 de
1245 886 1464 920 impendentibus
1477 885 1602 921 periculis
1615 885 1699 911 maxi—

904 923 955 949 mis
971 931 1053 958 prope
1067 924 1119 949 iam
1132 932 1195 950 voce
1207 924 1276 950 Iovis
1288 923 1388 958 Optimi
1401 924 1510 950 Maximi
1522 923 1697 958 praemoneri.

906 962 946 987 Η.
963 960 1015 987 Sed
1027 961 1145 996 primum
1157 961 1271 996 expiabo
1282 961 1438 997 religionem
1449 961 1555 987 aedium
1568 968 1697 990 mearum,

904 998 927 1024 si
942 998 970 1024 id
987 998 1071 1024 facere
1087 1007 1148 1024 vere
1164 1008 1193 1025 ac
1207 999 1265 1024 sine
1276 999 1437 1034 cuiusquam
1449 998 1615 1024 dubitatione
1627 1002 1701 1032 pote-

904 1044 946 1062 ro:
964 1036 1006 1062 sin
1022 1035 1168 1070 scrupulus
1185 1036 1363 1062 tenuissimus
1380 1036 1496 1062 residere
1511 1036 1610 1070 aliquis
1626 1034 1701 1060 vide-

904 1073 984 1104 bitur,
999 1082 1050 1100 nou
1063 1073 1141 1100 modo
1153 1074 1272 1108 patienti,
1286 1073 1332 1100 sed
1344 1074 1423 1100 etiam
1436 1073 1529 1100 libenti
1540 1074 1701 1106 animopor-

905 1111 983 1137 tentis
994 1111 1105 1137 deorum
1117 1111 1308 1138 immortalium
1320 1111 1497 1147 religionique
1509 1111 1614 1146 parebo.

961 1148 1002 1174 VI.
1018 1148 1070 1175 Sed
1085 1157 1153 1184 quae
1165 1149 1271 1175 tandem
1283 1150 1360 1175 estin
1374 1149 1421 1175 bac
1433 1149 1499 1175 urbe
1511 1153 1580 1174 tanta
1592 1148 1698 1177 domus,

905 1185 938 1212 ab
959 1186 1008 1212 ista
1025 1186 1162 1222 religionis
1179 1187 1332 1221 suspicione
1349 1191 1401 1213 tam
1419 1195 1501 1212 vacua
1522 1191 1601 1220 atque
1617 1184 1702 1220 pura‘?

905 1223 1074 1258 Quamquam
1088 1228 1189 1250 vestrae
1200 1224 1310 1255 domus,
1329 1228 1416 1258 patres
1427 1224 1583 1258 conscripti,
1602 1228 1702 1249 cetero-

906 1269 1021 1296 rumque
1041 1262 1141 1287 civium
1158 1261 1242 1288 multo
1257 1262 1373 1287 maxima
1389 1270 1422 1288 ex
1438 1266 1511 1296 parte
1526 1265 1590 1287 sunt
1605 1260 1702 1286 liberae

906 1298 1047 1334 religione,
1066 1303 1153 1325 tamen
1170 1308 1221 1325 una
1234 1308 1291 1325 mea
1303 1299 1399 1325 domus
1411 1299 1519 1325 iudiciis
1532 1298 1657 1324 omnibus
1671 1297 1702 1323 li-

906 1336 994 1362 berata
1006 1337 1033 1362 in
1047 1336 1094 1362 hac
1107 1336 1172 1363 urbe
1183 1336 1238 1362 sola
1249 1341 1299 1362 est.
1322 1337 1357 1362 Te
1368 1337 1439 1362 enim
1451 1335 1566 1370 appello,
1580 1334 1700 1365 Lentule,

906 1378 932 1399 et
943 1378 976 1403 te,
990 1373 1124 1408 Philippe.
1150 1374 1190 1400 Ex
1201 1374 1250 1400 hoc
1262 1373 1435 1407 haruspicum
1449 1381 1576 1408 responso
1585 1373 1703 1398 decrevit

907 1415 1030 1439 senatus,
1049 1416 1079 1437 ut
1094 1411 1127 1437 de
1140 1410 1203 1437 locis
1215 1412 1297 1437 sacris
1310 1411 1442 1445 religiosis
1454 1411 1486 1436 ad
1499 1411 1570 1436 hunc
1581 1410 1701 1436 ordinem

907 1447 1050 1474 referretis.
1090 1449 1237 1474 Potestisne
1249 1448 1345 1474 referre
1357 1449 1389 1474 de
1401 1457 1457 1474 mea
1469 1447 1565 1474 domo‘?
1585 1456 1653 1482 quae
1664 1448 1703 1481 (ut

907 1485 974 1520 dixi)
989 1485 1044 1512 sola
1061 1486 1087 1512 in
1105 1486 1152 1512 bac
1164 1486 1230 1512 urbe
1241 1486 1313 1512 omni
1330 1485 1471 1520 religione,
1488 1485 1615 1511 omnibus
1631 1484 1703 1510 iudi-

907 1523 956 1549 ciis
974 1522 1082 1549 liberata
1098 1527 1151 1549 est:
1172 1532 1253 1558 quam
1271 1524 1387 1558 primum
1405 1523 1530 1549 inimicus
1546 1523 1604 1557 ipse
1618 1523 1645 1548 in
1659 1521 1702 1548 illa

909 1565 1064 1595 tempestate
1076 1569 1104 1586 ac
1117 1565 1191 1586 nocte
1207 1560 1383 1595 reipublicae,
1401 1569 1486 1595 quum
1502 1564 1586 1586 cetera
1603 1559 1702 1585 scelera

908 1597 969 1624 stilo
980 1597 1027 1624 illo
1042 1599 1162 1633 impuro,
1181 1598 1243 1624 Sex.
1257 1598 1341 1623 Clodii
1358 1606 1401 1623 ore
1418 1598 1510 1628 tincto,
1529 1597 1704 1632 conscripsis-

908 1640 961 1666 set,
980 1644 1012 1661 ne
1028 1644 1080 1662 una
1096 1635 1206 1670 quidem
1223 1636 1310 1670 attigit
1322 1635 1405 1661 littera
1418 1635 1563 1670 religionis.
1605 1634 1703 1660 Deinde

909 1672 1028 1699 eamdem
1041 1673 1150 1699 domum
1163 1673 1280 1707 populus
1293 1673 1441 1703 Romanus,
1458 1673 1535 1698 cuius
1547 1677 1586 1698 est
1598 1680 1703 1698 summa

909 1714 1025 1745 potestas
1037 1711 1158 1737 omnium
1171 1719 1273 1740 rerum,
1290 1711 1405 1736 comitiis
1417 1710 1571 1736 centuriatis
1582 1709 1703 1735 omnium

909 1752 1024 1774 aetatum
1035 1748 1215 1782 ordinumque
1227 1747 1360 1783 suffragiis
1372 1747 1463 1773 eodem
1477 1748 1533 1773 iure
1544 1756 1602 1773 esse
1614 1747 1702 1776 iussit,

908 1794 963 1820 quo
975 1785 1080 1811 fuisset.
1123 1787 1163 1812 ⁴⁶2.
1186 1786 1279 1811 Postea
1295 1794 1355 1815 vos,
1374 1789 1461 1819 patres
1477 1785 1633 1818 conscripti,
1653 1792 1703 1810 non

908 1823 981 1858 quod
992 1823 1074 1849 dubia
1086 1831 1127 1849 res
1139 1827 1222 1854 esset,
1241 1822 1289 1849 sed
1301 1827 1330 1848 ut
1342 1822 1404 1848 huic
1416 1822 1512 1852 furiae,
1527 1822 1549 1847 si
1561 1822 1665 1848 diutius
1678 1822 1703 1847 in

910 1861 958 1887 hac
970 1861 1049 1892 urbe,
1062 1869 1144 1895 quam
1155 1860 1244 1886 delere
1255 1864 1377 1895 cuperet,
1391 1864 1517 1890 maneret,
1533 1868 1583 1885 vox
1594 1858 1702 1885 interdi-

909 1903 1025 1929 ceretur,
1043 1898 1215 1928 decrevistis.
1234 1903 1262 1924 ut
1278 1897 1310 1924 de
1327 1906 1445 1923 mearum
1458 1897 1565 1923 aedium
1578 1896 1705 1932 religione

909 1936 942 1962 ad
954 1936 1109 1971 pontificum
1121 1935 1263 1971 collegium
1276 1935 1425 1961 referretur.
1447 1934 1520 1967 Quae
1532 1939 1601 1960 tauta
1613 1934 1706 1969 religio

910 1978 962 2005 est,
980 1982 1033 2008 qua
1050 1982 1101 1999 non
1118 1973 1144 1999 in
1157 1974 1255 1999 nostris
1266 1972 1480 1999 dubitationibus
1491 1977 1570 2007 atque
1582 1972 1608 1997 in
1621 1972 1706 1997 maxi-

910 2012 962 2038 mis
982 2010 1220 2045 superstitionibus
1237 2011 1318 2037 unius
1334 2010 1360 2035 P.
1379 2009 1486 2036 Servilii
1502 2018 1531 2035 ac
1548 2010 1581 2035 M.
1601 2008 1705 2035 Luculli

911 2057 1039 2083 responso
1052 2057 1082 2074 ac
1097 2048 1178 2074 verbo
1194 2047 1357 2074 liberemur?
1377 2048 1411 2073 De
1428 2047 1510 2073 sacris
1527 2046 1655 2081 publicis,
1673 2045 1705 2072 dc

912 2086 983 2112 ludis
995 2086 1130 2116 maximis,
1143 2085 1176 2111 de
1187 2085 1296 2112 deorum
1310 2085 1445 2119 penatium
1457 2085 1603 2118 Vestaeque
1615 2083 1706 2109 matris

910 2124 1093 2154 caerimoniis,
1111 2122 1144 2149 de
1156 2122 1202 2149 illo
1214 2123 1272 2157 ipso
1282 2122 1423 2152 sacrificio,
1439 2121 1510 2156 quod
1524 2122 1550 2147 fit
1563 2130 1610 2155 pro
1621 2120 1706 2146 salute.

911 2161 1004 2196 populi
1020 2161 1145 2191 Romani.
1168 2160 1240 2195 quod
1261 2164 1320 2194 post
1340 2160 1449 2185 Romam
1470 2159 1602 2184 conditam
1625 2158 1705 2184 huius

911 2199 993 2225 unius
1013 2198 1078 2224 casti
1100 2198 1194 2223 tutoris
1215 2197 1374 2232 religionum
1396 2195 1494 2222 scelere
1511 2195 1638 2221 violatum
1655 2200 1703 2223 est.

888 2235 890 2238 ’
911 2235 983 2270 quod
995 2239 1048 2261 tres
1060 2234 1198 2269 pontifices
1209 2235 1374 2263 statuissent,
1389 2233 1415 2259 id
1428 2241 1534 2267 semper
1545 2232 1644 2267 populo
1656 2233 1705 2258 no-

912 2281 998 2303 mano,
1012 2280 1118 2306 semper
1129 2272 1357 2305 senatui,semper
1369 2270 1434 2305 ipsis
1445 2270 1497 2295 diis
1510 2269 1706 2295 immortalibus

912 2311 977 2336 satis
988 2314 1124 2339 sanctum,
1142 2309 1207 2334 satis
1218 2313 1378 2343 augustum,
1396 2308 1461 2333 satis
1477 2307 1631 2340 religiosum
1647 2314 1706 2332 csse

913 2348 1001 2373 visum
1014 2350 1064 2372 est.
1086 2346 1119 2372 At
1131 2354 1192 2371 vero
1204 2354 1289 2371 meam
1301 2345 1411 2370 domum
1423 2345 1451 2370 P.
1461 2345 1599 2373 Lentulus,
1612 2343 1704 2369 consul

912 2389 937 2410 et
954 2383 1086 2419 pontifex,
1106 2383 1133 2408 Ι).
1147 2382 1291 2412 Servilius,
1309 2382 1343 2407 M.
1362 2381 1504 2410 Lucullus,
1522 2382 1553 2412 Q.
1572 2381 1703 2409 Metellus.

914 2422 956 2447 Μ’.
969 2421 1088 2451 Glabrio,
1102 2420 1136 2446 M.
1151 2419 1281 2449 Messalla,
1297 2420 1324 2445 Ι..
1340 2418 1477 2447 Lentulus.
1495 2417 1588 2444 flamen
1602 2419 1706 2444 Martia-

914 2458 960 2489 lis,
975 2459 1002 2484 1¹.
1016 2457 1114 2487 Galba,
1126 2458 1156 2489 Q.
1172 2456 1292 2483 Metellus
1305 2456 1407 2491 Scipio,
1421 2456 1449 2482 C.
1465 2456 1594 2485 Fannius,
1610 2456 1643 2481 M.
1658 2455 1706 2481 Le-

913 2496 1003 2531 pidus,
1026 2495 1055 2521 L.
1073 2494 1211 2525 Claudius,
1235 2502 1280 2520 rex
1296 2502 1440 2523 sacrorum,
1465 2493 1499 2519 M.
1516 2493 1645 2523 Scaurus,
1669 2493 1703 2518 Μ.

913 2534 1038 2563 Crassus,
1052 2532 1081 2559 C.
1094 2532 1187 2562 Curio,
1201 2532 1263 2557 Sex.
1277 2531 1380 2560 Caesar,
1395 2530 1487 2556 flamen
1499 2529 1659 2562 Quirinalis,
1672 2530 1703 2562 Q.

913 2570 1066 2600 Cornelius,
1084 2570 1110 2595 P.
1127 2569 1325 2598 Albinovanus
1342 2569 1373 2600 Q.
1392 2568 1544 2597 Terentius,
1568 2567 1706 2602 pontifices

913 2608 1042 2636 minores.
1055 2615 1149 2633 caussa
1160 2607 1277 2641 cognita,
1293 2605 1400 2631 duobus
1413 2605 1476 2631 locis
1488 2605 1570 2635 dicta,
1589 2605 1705 2631 maxima

913 2644 1062 2679 frequentia
1082 2644 1311 2679 amplissimorum
1333 2651 1362 2669 ac
1384 2643 1644 2677 sapientissimorum
1668 2643 1706 2667 ci-

913 2683 987 2709 vium
999 2686 1109 2713 astante,
1122 2681 1195 2708 omni
1207 2680 1344 2717 religione,
1358 2689 1409 2707 una
1422 2684 1518 2709 mente.
1534 2688 1627 2706 onmes
1641 2679 1706 2705 libe—
