1941 3052
224 124 272 150 450
794 123 835 146 3³.
870 121 904 146 M.

222 202 291 229 quac
302 202 333 220 cx
345 202 452 228 quoquc
463 192 554 218 ordine
568 190 729 217 multitndo‘?
749 190 816 216 llaec
827 190 873 216 din
887 189 1017 216 multum-
1038 192 1047 209 'l

222 240 284 266 quc,
298 236 322 256 et
335 231 418 256 multo
430 230 516 255 11111011,-
527 229 645 263 quaesita
660 237 709 253 nna
721 228 820 261 eripuit
832 227 903 253 hora.
936 227 1017 253 Acce-

224 269 262 303 pit
275 268 393 298 l‘Sulln,
409 267 518 296 iudices,
535 266 677 291 vehi-inens
691 264 790 290 vulnus
802 269 826 290 ct
839 263 1014 291 mortiferum:

224 310 405 331 vcrnintanwn
417 303 558 332 eiii-moui,
571 302 641 337 qnod
656 301 788 327 videretur
799 302 857 327 eius
871 302 922 327 vita
934 305 1017 327 etna·
1037 300 1039 309 ⁴

223 348 280 369 turn
297 343 414 376 arripere
431 341 559 375 potuisse.
601 339 750 364 llonestatis
766 343 791 364 et
811 338 949 373 dignitatis
971 338 1017 364 ha-
1037 341 1039 349 ¹

224 380 314 406 buissi-
344 379 423 405 nimis
452 386 573 410 magnam
603 376 736 402 iudicatus
763 380 804 402 est
825 376 1013 410 cupiditatem:
1037 382 1038 391 ¹

223 426 303 451 qnam
316 416 337 441 si
351 410 508 441 ιιι-1110311113
521 414 613 440 habirit
625 414 651 439 in
667 412 806 439 consulatu
824 412 950 448 petendo,
968 422 1017 439 eu-
1036 399 1039 447 1

223 454 310 488 pidiur
323 453 455 479 iudicatus
466 456 506 477 cst
518 451 560 477 hic
573 451 665 481 fuisse,
678 459 759 485 quain
771 451 866 477 ceteri:
883 451 924 476 sin
936 451 1015 476 etiarn
1036 451 1039 471 ἴ

224 492 248 516 in
261 490 320 515 aliis
333 489 469 515 nonnullis
482 488 531 514 fuit
543 489 592 514 iste
603 488 757 514 consulatus
769 497 855 519 amor.
872 487 976 514 fortuna
989 488 1015 514 in

225 528 272 553 hoc
285 527 333 553 fnit
347 526 456 552 fortasse
467 526 581 559 gravior,
595 534 675 560 quain
690 525 714 552 in
727 526 831 551 ceteris.
862 526 905 552 72.
924 526 1015 551 l’ostca

225 573 285 590 vero
295 564 357 599 quis
371 564 397 589 l'.
411 563 524 594 Sullam,
539 563 591 589 nisi
603 567 774 594 maerentem,
787 563 937 589 demissum
948 562 1016 588 111111-

222 607 348 636 ι·111111(1110
372 600 455 627 vidit?
475 601 537 636 quis
554 609 682 635 umquam
699 605 738 626 cst
753 601 920 635 suspicatus,
945 600 1015 626 hunc

223 639 308 673 inagis
319 638 392 668 odio,
406 647 486 672 quam
500 638 600 673 pudore
613 638 751 664 hominum
764 642 901 672 aspertum
915 638 1016 663 lucem-

221 685 274 710 que
286 675 386 702 vitare?
405 676 456 708 Qui
472 685 557 710 quum
571 675 652 701 multa
666 675 772 702 haberet
785 675 955 701 invitanienta
968 675 1016 702 Ur-

222 714 263 740 bis
275 718 300 739 et
313 713 374 743 fori.
389 717 495 748 propter
505 722 611 739 summa
623 713 710 739 studia
722 714 866 739 amicorum
876 733 882 743 ,
897 721 965 747 quae
978 717 1015 739 ta-

222 759 281 777 men
298 751 322 777 ei
337 750 392 776 solu
410 751 436 776 in
454 750 531 776 malis
544 751 709 776 restiterunt:
733 750 818 776 abfuit
829 750 862 776 ah
873 750 958 776 oculis
971 759 1016 775 ve-

221 789 298 820 stris;
321 792 358 818 et,
372 797 457 823 quum
470 787 526 822 lege
538 788 703 818 retineretur,
718 788 775 822 ipse
786 796 814 814 sc
826 787 922 814 exsilio
933 796 1015 822 paene

221 825 370 852 mulctavit.
411 825 519 852 XXVII.
542 826 570 851 ln
584 825 631 851 hoc
644 834 690 851 vos
703 825 812 859 pudore,
826 825 937 856 iudices.
952 829 977 851 ct
989 825 1015 851 in

221 862 270 889 hac
287 863 339 889 vita
355 867 426 889 tanto
441 862 535 889 sceleri
553 863 639 889 locum
657 862 740 889 fuisse
751 862 878 889 crcditis‘?
899 862 1015 897 Aspicite

220 900 325 935 ipsum:
341 901 504 927 contuemini
517 909 560 926 os:
577 900 693 926 conferte
704 901 804 926 crimen
816 909 878 926 cuin
891 900 957 926 vita:
976 900 1017 926 vi-

221 941 284 968 tam.
298 937 330 963 ab
343 938 418 964 initio
429 937 461 963 ad
474 938 522 964 hoc
533 942 639 972 tempus
651 937 818 972 explicatam,
832 946 892 964 cum
905 937 1016 963 crimine

205 971 410 1008 'recognoscite
441 976 484 1001 75.
501 975 576 1002 Mitto
587 975 790 1010 rempublicam,
804 984 872 1010 quac
885 975 934 1001 fuit
945 984 1016 1001 sem-

221 1020 268 1047 per
279 1012 369 1038 Sullae
380 1012 532 1039 carissima:
557 1012 639 1039 hosne
650 1013 764 1043 amicos,
782 1012 847 1038 tales
861 1013 944 1043 viros,
963 1017 1015 1038 tam

220 1049 334 1084 cupidos
355 1050 410 1081 sui,
434 1058 480 1085 per
500 1059 569 1085 quos
591 1058 632 1076 res
653 1051 711 1076 eius
732 1050 864 1076 secundae
880 1049 1015 1085 qnondam

221 1092 294 1113 erant
305 1091 424 1118 ornatae,
438 1096 509 1114 nunc
521 1087 696 1114 sublevantur
706 1087 846 1118 adversae,
859 1087 1017 1114 crudelissi-

221 1133 263 1150 me
276 1125 361 1158 perire
374 1124 471 1155 voluit,
490 1129 518 1151 ut
527 1133 588 1151 cum
602 1125 714 1151 Lentulo
725 1130 750 1151 et
761 1125 872 1152 Catilina
885 1130 910 1151 et
921 1125 1017 1151 Cethe·

220 1170 254 1195 go
267 1161 447 1188 foedissimam
461 1163 541 1188 vitam
554 1171 583 1188 ac
595 1163 771 1189 miserrimam
784 1163 939 1197 turpissima
947 1171 1017 1188 mor-

221 1203 245 1225 te
258 1200 390 1234 proposita
402 1199 527 1235 degeret?
537 1200 594 1226 Non
606 1199 684 1230 cadit,
698 1208 759 1231 non,
773 1200 893 1235 inquam,
907 1199 977 1226 cadit
989 1200 1016 1226 in

221 1235 270 1262 hos
282 1245 382 1267 mores,
396 1246 446 1263 non
460 1237 486 1263 in
499 1237 570 1263 hunc
582 1237 710 1271 pudorem
720 1258 726 1268 ,
739 1246 791 1264 non
804 1238 830 1264 in
843 1237 911 1264 hane
922 1237 1014 1267 vitam,

222 1282 272 1300 non
285 1274 311 1299 in
325 1273 396 1300 hunc
407 1274 543 1300 hominem
560 1275 610 1300 ista
626 1275 754 1309 suspicio.
795 1276 867 1301 Nova
883 1275 1016 1309 quaedam

221 1310 266 1337 illa
278 1311 431 1337 immanitas
443 1316 533 1338 exorta
544 1316 597 1344 θεὶς
616 1311 782 1338 incredibilis
794 1311 844 1338 fuit
855 1321 884 1338 ac
895 1311 1017 1347 singula-

221 1348 258 1374 ris
273 1347 359 1375 furor:
376 1357 409 1375 ex
425 1349 518 1375 multis
534 1349 567 1375 ab
582 1349 759 1375 adolescentia
771 1349 889 1376 collectis
901 1349 1018 1384 perdito-

221 1394 280 1411 rum
297 1385 436 1412 hominum
454 1387 527 1413 vitiis
543 1391 651 1422 repente
667 1391 736 1413 tanta
758 1387 807 1413 ista
829 1387 1017 1421 importunitas

221 1422 333 1449 inauditi
345 1423 454 1449 sceleris
466 1424 573 1450 exarsit.
596 1425 635 1450 76.
649 1423 744 1455 Nolite,
758 1424 870 1456 iudices,
884 1425 1015 1455 arbitrari,

221 1460 361 1487 hominum
377 1460 454 1487 illum
472 1461 602 1496 impetum
618 1465 643 1487 et
653 1466 777 1488 conatum
789 1461 884 1488 fuisse.
925 1462 1018 1497 Neque

220 1498 292 1524 enim
303 1497 356 1524 ulla
367 1506 433 1533 gens
446 1503 497 1525 tam
510 1499 620 1525 barbara
631 1503 677 1525 aut
688 1503 740 1525 tam
753 1499 878 1525 immanis
888 1507 1017 1534 umquam

221 1534 280 1566 fuit,
290 1535 316 1561 in
327 1544 380 1570 qua
392 1544 443 1562 non
455 1536 533 1563 modo
545 1541 589 1567 tot,
598 1536 645 1562 sed
657 1545 728 1563 unus
739 1541 792 1563 tam
803 1536 921 1563 crudelis
933 1536 1018 1563 hostis

221 1573 320 1607 patriae
331 1573 366 1599 sit
376 1573 512 1600 inventus.
532 1573 640 1600 Belluae
651 1573 782 1609 quaedam
794 1573 855 1600 illae
866 1582 899 1601 ex
910 1578 1018 1609 porten-

221 1610 255 1636 tis
267 1610 397 1636 immanes
409 1619 439 1637 ae
450 1610 532 1642 ferae,
546 1611 630 1638 forma
643 1611 783 1638 hominum
795 1611 917 1643 indutae,
933 1612 1018 1638 exsti-

222 1652 319 1674 terunt.
354 1648 500 1682 Perspicite
511 1649 589 1675 etiam
602 1653 681 1683 atque
692 1649 780 1679 etiam,
794 1648 907 1675 iudices.
943 1648 1016 1675 Nihil

221 1685 293 1711 enim
305 1688 354 1715 est,
367 1685 440 1719 quod
451 1685 478 1711 in
490 1685 539 1712 hac
550 1694 644 1712 caussa
656 1685 709 1712 diei
721 1686 807 1720 possit
818 1686 1015 1712 vehementius.

221 1721 331 1748 Penitus
343 1722 508 1757 introspicite
520 1723 656 1754 Catilinae,
669 1723 801 1754 Autronii,
815 1723 934 1759 Cethegi,
949 1724 1018 1750 Len-

222 1758 272 1785 tuli
288 1763 491 1794 ceterorumque
507 1765 623 1787 mentes:
640 1769 709 1795 quas
725 1769 772 1787 vos
782 1761 809 1786 in
823 1760 865 1786 his
878 1760 1014 1792 libidines,

221 1804 290 1831 quae
311 1795 422 1832 flagitia,
445 1806 513 1831 quas
534 1798 730 1832 turpitudines,
751 1802 866 1832 quantas
881 1797 1014 1829 audacias,

221 1841 302 1868 quam
316 1833 487 1861 incredibiles
499 1834 614 1865 furores,
627 1843 696 1870 quas
708 1839 782 1862 notas
793 1834 934 1866 scelerum,
948 1844 1017 1870 quae

222 1870 320 1896 indicia
336 1871 553 1905 parricidiorum,
571 1877 685 1906 quantos
696 1880 804 1899 acervos
816 1872 963 1899 facinorum
977 1881 1018 1899 re-

223 1908 344 1942 perietisl
357 1908 397 1934 Ex
409 1909 514 1945 magnis
525 1913 550 1935 et
560 1909 696 1936 diuturnis
707 1914 733 1936 et
744 1910 797 1936 iam
808 1909 955 1944 desperatis
966 1911 1019 1936 rei-

221 1945 345 1980 publicae
358 1946 458 1972 morbis
470 1947 520 1972 ista
531 1951 638 1981 repente
651 1947 691 1973 vis
703 1947 846 1982 erupit,ut,
860 1956 888 1973 ea
900 1947 1017 1974 confecta

221 1987 246 2008 et
257 1982 348 2013 eiecta,
364 1983 548 2010 convalescere
559 1983 704 2019 aliquando
715 1988 741 2011 et
751 1985 838 2010 sanari
850 1985 944 2011 civitas
956 1994 1018 2020 pos-

221 2024 272 2046 set.
313 2021 405 2055 Neque
417 2022 488 2047 enim
500 2026 539 2047 est
550 2022 710 2056 quisquam,
729 2022 778 2057 qui
793 2022 944 2053 arbitretur,
962 2022 1017 2049 illis
1038 2053 1040 2058 .

222 2056 335 2084 inclusis
347 2058 374 2084 in
386 2058 523 2093 republica
535 2059 672 2094 pestibus,
689 2058 793 2086 diutius
810 2059 874 2086 baec
889 2064 959 2086 stare
970 2069 1018 2094 po-

222 2094 316 2121 tuisse.
342 2095 433 2130 Itaque
444 2104 488 2122 eos
500 2105 551 2122 non
563 2096 596 2122 ad
608 2096 800 2131 perficiendum
812 2096 910 2128 scelus,
926 2097 974 2123 sed
985 2097 1017 2123 ad
1038 2100 1040 2126 ἕ

222 2131 333 2158 luendas
345 2133 508 2167 reipublicae
520 2142 627 2168 poenas,
641 2134 735 2160 Furiae
746 2134 878 2169 quaedam
890 2135 1018 2162 incitave—

221 2174 292 2195 runt.
318 2169 438 2197 xxvffl.
451 2171 493 2197 77.
507 2171 536 2197 In
548 2171 619 2198 hunc
631 2171 713 2207 igitur
723 2180 833 2207 gregem
845 2180 892 2198 vos
904 2180 975 2199 nunc
987 2172 1016 2198 P.
1038 2195 1040 2198 .

221 2205 338 2238 Sullam,
352 2208 464 2239 iudices,
478 2216 512 2235 ex
522 2208 574 2239 his,
587 2209 634 2244 qui
646 2217 707 2235 cum
720 2209 768 2235 hoc
780 2209 876 2236 vivunt
886 2214 966 2245 atque
977 2209 1018 2236 vi-

221 2249 330 2275 xerunt,
348 2244 600 2272 honestissimorum
616 2246 757 2272 hominum
772 2247 903 2282 gregibus
914 2247 1018 2273 reiicie—

221 2280 274 2307 tis‘?
293 2290 326 2308 ex
337 2281 386 2308 hoc
397 2282 537 2309 hominum
549 2292 668 2314 numero,
686 2292 719 2310 ex
730 2283 780 2310 hae
790 2283 915 2310 familiari
926 2284 1018 2320 digni-

221 2322 272 2344 tate
288 2319 315 2345 in
331 2319 477 2354 impiorum
494 2325 595 2356 partem
611 2325 692 2356 atque
708 2321 736 2347 in
751 2321 945 2356 parricidarum
957 2330 1017 2348 coe-

221 2359 278 2382 tum
299 2364 329 2382 ac
349 2365 492 2384 numerum
513 2357 696 2385 transferetis‘?
713 2358 765 2385 Ubi
785 2359 835 2385 erit
849 2359 932 2394 igitur
947 2358 1016 2385 illud

221 2391 398 2420 fortissimum
419 2395 584 2430 praesidium
605 2395 735 2430 pudoris‘?
754 2404 808 2431 quo
822 2396 850 2422 in
867 2396 924 2423 loco
939 2396 1016 2423 nobis

222 2429 275 2456 vita
286 2435 346 2457 ante
357 2436 412 2458 acta
424 2432 559 2467 proderit?
578 2432 651 2468 quod
667 2433 700 2459 ad
716 2437 823 2468 tempus
839 2433 1017 2460 existimatio-

222 2467 264 2508 nis
275 2472 363 2501 partae
375 2468 478 2496 fructus
493 2470 686 2501 reservabitur,
705 2470 728 2496 si
743 2470 772 2497 in
787 2474 905 2498 extremo
920 2471 1016 2497 discri-

222 2511 293 2530 mine
307 2513 336 2531 ac
351 2505 520 2534 dimicatione
535 2507 656 2534 fortunae
671 2507 838 2534 deseruerit?
856 2508 879 2534 si
896 2516 948 2535 non
969 2507 1017 2534 ad-

221 2539 288 2566 erit‘?
298 2541 321 2567 si
333 2542 399 2568 nihil
411 2544 566 2572 adiuvabit?
594 2546 637 2572 78.
649 2544 824 2578 Quaestiones
835 2545 912 2572 nobis
923 2553 1016 2572 servo-

222 2585 282 2603 rum
305 2586 335 2604 ac
358 2583 486 2608 tormenta
509 2587 645 2609 aecusator
671 2582 824 2609 minitatur:
858 2582 886 2609 in
913 2582 1015 2618 quibus

221 2622 385 2650 quamquam
397 2617 464 2644 nihil
475 2619 588 2653 periculi
599 2619 783 2654 suspicamur;
806 2623 894 2646 tamen
905 2620 950 2646 illa
962 2625 1016 2646 tor—
1042 2627 1045 2643 e

221 2656 309 2678 menta
329 2653 462 2689 gubernat
480 2655 568 2690 dolor,
593 2656 745 2686 moderatur
764 2661 857 2684 natura
881 2657 1015 2693 cuiusque
1041 2645 1045 2685 l

939 120 968 146 Τ.
1004 119 1281 146 etet-:noxis

1069 194 1124 216 tum
1137 190 1232 220 animi.
1251 194 1307 216 tum
1319 190 1449 224 corporis,
1468 191 1535 225 regit
1545 191 1693 225 quaesitor.
1706 189 1787 217 flectit
1798 189 1859 218 libi-

1044 247 1046 255 .
1068 227 1115 258 do,
1137 227 1284 261 corrumpit
1295 236 1371 261 spes.
1394 227 1510 254 infirmat
1521 232 1622 259 metus,
1645 228 1711 254 utin
1723 233 1859 255 toti-erum

1068 264 1201 299 angustiis
1213 263 1279 290 nihil
1294 264 1395 291 veritati
1409 264 1458 291 loci
1469 264 1646 300 relinquatur.
1686 265 1743 291 Vita
1756 265 1783 291 P.
1797 264 1861 292 Sul-

1070 301 1107 327 lae
1121 306 1287 336 torqueatur:
1309 310 1342 327 cx
1353 310 1382 327 ca
1393 306 1544 336 quaeratur.
1558 311 1622 329 num
1634 311 1702 338 quae
1712 302 1860 330 occultetur

1069 338 1160 369 libido,
1175 347 1239 364 num
1251 338 1322 373 quod
1335 338 1410 365 lateat
1423 338 1535 370 facinus.
1549 348 1613 366 num
1624 348 1693 375 quae
1703 339 1858 372 crudelitas,

1069 385 1132 402 num
1145 384 1213 410 quae
1225 375 1344 402 audacia.
1361 376 1433 402 Nihil
1444 376 1540 403 erroris
1550 377 1600 403 erit
1611 377 1636 404 in
1647 386 1742 403 caussa
1754 386 1802 403 nec
1812 377 1861 404 ot»

1067 414 1216 443 scuritatis,
1232 413 1347 444 iudices,
1364 413 1387 439 si
1399 422 1412 439 a
1425 413 1500 439 vobis
1514 414 1581 440 vitae
1593 419 1735 449 perpetuae
1749 423 1812 445 vox,
1829 423 1860 441 ea

1067 460 1135 485 quae
1146 451 1305 485 gravissima
1316 450 1396 477 debet
1407 459 1474 481 csse,
1487 450 1619 478 audietur.
1649 452 1693 478 79.
1710 451 1821 478 Nullum
1833 453 1861 479 in

1068 488 1115 514 hac
1131 497 1225 514 caussa
1241 492 1334 514 testem
1352 488 1491 514 timemus:
1515 488 1582 514 nihil
1597 496 1761 524 quemquam
1781 490 1859 520 scire,

1068 525 1134 552 nihil
1149 525 1258 556 vidisse,
1272 524 1338 552 nibil
1351 525 1459 552 audisse
1470 525 1639 552 arbitramur.
1661 526 1712 552 Sed
1723 531 1824 557 tamen.
1837 526 1861 553 si

1068 562 1135 589 nihil
1148 572 1194 589 vos
1207 563 1234 589 1¹.
1247 562 1337 589 Sullae
1349 562 1453 589 fortuna
1465 567 1566 594 movet.
1580 562 1692 594 iudices,
1706 568 1792 590 vestra
1804 572 1861 591 mo·

1068 605 1136 626 veat.
1178 600 1268 627 Vestra
1284 601 1369 631 enim.
1386 601 1434 635 qui
1449 609 1512 627 cum
1523 609 1629 627 summa
1640 600 1770 636 elegantia
1781 605 1862 636 atque

1068 638 1218 674 integritate
1231 638 1350 669 vixistis.
1364 638 1413 664 hoc
1425 639 1540 664 maxime
1552 639 1675 669 interest,
1692 647 1744 664 non
1755 646 1788 665 ex
1800 637 1862 665 tibi-

1067 675 1128 701 dine
1144 680 1189 701 aut
1205 675 1341 701 simultate
1357 680 1402 702 aut
1418 675 1524 702 levitate
1540 676 1648 702 testium
1659 684 1768 702 caussas
1780 675 1862 702 hone-

1067 718 1168 739 storum
1181 712 1321 739 hominum
1334 713 1488 747 ponderari.
1505 712 1553 739 scd
1569 713 1596 739 in
1612 713 1717 748 magnis
1731 712 1863 748 disquisi-

1067 750 1186 776 tionibus
1207 751 1408 785 repentinisque
1429 749 1557 785 periculis
1572 751 1654 776 vitam
1672 750 1754 776 unius
1768 750 1863 776 cuius·

1066 796 1119 823 que
1131 796 1189 814 esse
1201 792 1304 814 testem.
1326 788 1411 820 Quam
1424 797 1480 819 vos,
1495 787 1606 819 iudices,
1621 787 1701 814 nolite
1712 788 1794 814 armis
1804 787 1863 814 suis

1067 824 1206 860 spoliatam
1229 830 1308 860 atque
1329 825 1454 852 nudatam
1475 825 1591 852 obiicere
1613 824 1742 856 invidiae,
1765 824 1862 851 dedere

1067 863 1225 897 suspicioni.
1266 863 1366 889 Munitc
1377 871 1548 889 communem
1559 871 1646 889 arcem
1659 862 1798 893 bonorum,
1814 862 1863 889 ob-

1067 900 1161 926 struite
1173 899 1294 936 perfugia
1306 900 1499 935 improborum.
1522 900 1612 927 Valeat
1625 899 1659 926 ad
1670 908 1782 934 poenam
1793 904 1819 926 et
1829 898 1861 926 ad

1067 937 1181 963 salutem
1198 937 1360 972 plurimum.
1377 946 1458 972 quam
1475 937 1558 964 solam
1576 937 1673 963 videtis
1689 938 1775 971 ipsam
1791 945 1824 963 ex
1836 937 1862 963 vi

1066 983 1115 1001 sua
1127 980 1273 1010 naturaque
1286 975 1411 1002 facillime
1422 975 1551 1010 perspici,
1564 975 1655 1001 subito
1665 973 1732 1000 flecti
1744 974 1864 1010 fingique

1068 1021 1118 1039 non
1132 1021 1219 1047 posse.
1259 1012 1360 1039 XXIX.
1378 1014 1419 1039 80.
1441 1012 1512 1044 Quid
1529 1011 1608 1039 vero?
1629 1012 1693 1038 haec
1709 1013 1861 1042 auctoritas,

1067 1050 1182 1085 (semper
1197 1050 1268 1076 enim
1284 1050 1317 1077 de
1332 1059 1362 1076 ea
1378 1049 1522 1076 dicendum
1539 1055 1592 1076 est:
1615 1058 1781 1084 quamquam
1795 1057 1810 1075 a
1821 1057 1864 1075 me

1069 1087 1160 1113 timide
1176 1087 1332 1122 modiceque
1343 1087 1467 1122 dicetur.)
1478 1087 1554 1122 quid,
1568 1087 1688 1122 inquam,
1698 1086 1761 1113 haec
1772 1091 1864 1113 aucto-

1068 1125 1132 1151 ritas
1144 1129 1232 1151 nostra
1241 1145 1247 1155 ,
1264 1125 1312 1160 qui
1329 1134 1343 1151 a
1358 1125 1452 1151 ceteris
1464 1125 1654 1151 coniurationis
1665 1124 1769 1150 caussis
1780 1124 1865 1150 absti-

1068 1162 1192 1193 nuimus,
1211 1162 1239 1188 1‘.
1257 1161 1360 1188 Sullam
1375 1161 1560 1188 defendimus:
1585 1161 1652 1188 nihil
1670 1161 1741 1187 hunc
1757 1161 1863 1188 tandem

1068 1198 1190 1226 iuvabit?
1210 1199 1297 1226 Grave
1308 1204 1348 1226 est
1359 1199 1408 1226 hoc
1418 1199 1520 1226 dictum
1533 1198 1656 1229 fortasse,
1670 1199 1787 1230 iudices,
1803 1207 1864 1234 gra-

1069 1245 1110 1268 ve,
1122 1237 1144 1263 si
1157 1237 1310 1271 appetimus
1322 1236 1438 1272 aliquid:
1457 1237 1493 1267 si.
1506 1245 1592 1271 quum
1603 1236 1682 1262 ceteri
1693 1235 1728 1262 de
1739 1235 1816 1262 nobis
1826 1235 1865 1262 si-

1069 1274 1136 1305 lent,
1150 1283 1202 1300 non
1214 1275 1293 1300 etiam
1305 1279 1409 1300 nosmet
1420 1274 1472 1309 ipsi
1485 1278 1617 1304 tacemus,
1629 1281 1721 1309 grave.
1761 1272 1828 1304 Sed,
1841 1273 1865 1300 si

1069 1311 1209 1342 laedimur,
1223 1312 1246 1337 si
1258 1320 1425 1342 accusamur,
1434 1311 1457 1337 si
1470 1311 1496 1337 in
1508 1310 1638 1338 invidiam
1651 1318 1789 1337 vocamur:
1803 1318 1865 1345 pro-

1069 1348 1136 1376 fecto
1147 1348 1306 1380 conceditis,
1324 1348 1441 1380 iudices.
1459 1353 1489 1375 ut
1503 1348 1581 1375 nobis
1593 1348 1740 1374 libertatem
1752 1348 1866 1375 retinere

1069 1386 1155 1417 liceat,
1173 1387 1196 1413 si
1208 1386 1299 1413 minus
1311 1385 1387 1412 liceat
1398 1386 1566 1422 dignitatem.
1607 1386 1648 1412 81.
1665 1385 1866 1412 Accusatisunt

1069 1432 1122 1450 uno
1134 1424 1242 1450 nomine
1253 1423 1421 1450 consulares:
1443 1428 1472 1450 ut
1488 1424 1540 1450 iam
1556 1422 1678 1450 videatur
1689 1422 1798 1449 honoris
1807 1431 1866 1449 am-

1069 1461 1186 1496 plissimi
1198 1470 1295 1488 nomen
1306 1461 1368 1496 plus
1381 1460 1506 1491 invidiae,
1519 1469 1600 1496 quam
1612 1460 1751 1496 dignitatis
1761 1460 1864 1487 afferre.

1068 1498 1229 1529 Adfuerunt,
1238 1499 1334 1534 inquit,
1343 1498 1472 1525 Catilinae
1483 1498 1616 1533 illumque
1628 1497 1781 1524 laudarunt.
1797 1496 1866 1524 Nul-

1070 1536 1094 1562 la
1106 1541 1162 1563 tum
1174 1536 1289 1571 patebat,
1298 1536 1371 1562 nulla
1383 1541 1438 1562 erat
1448 1536 1552 1571 cognita
1563 1535 1725 1562 coniuratio:
1737 1534 1866 1562 defende-

1068 1573 1133 1600 bant
1144 1573 1274 1605 amicum,
1291 1573 1400 1600 aderant
1411 1573 1541 1608 supplici,
1560 1573 1629 1599 vitae
1644 1573 1704 1599 eius
1720 1571 1866 1607 turpitudi-

1070 1619 1130 1637 nem
1152 1611 1178 1637 in
1200 1611 1316 1637 summis
1336 1611 1395 1637 eius
1415 1610 1543 1645 periculis
1566 1619 1619 1637 non
1643 1610 1864 1645 insequebantur.

1069 1647 1139 1680 Quin
1151 1648 1230 1674 etiam
1242 1656 1338 1683 parens
1350 1652 1427 1679 tuus,
1445 1648 1589 1682 Torquate,
1606 1647 1701 1674 consul
1716 1655 1761 1674 reo
1774 1646 1807 1673 de
1817 1655 1866 1682 pe—

1068 1686 1157 1711 cuniis
1176 1685 1331 1720 repetundis
1347 1685 1475 1712 Catilinae
1497 1684 1548 1711 fuit
1561 1684 1720 1716 advocatus.
1742 1684 1866 1719 improbo

1068 1723 1180 1753 homini,
1193 1728 1219 1749 at
1230 1722 1356 1757 supplici,
1371 1722 1481 1749 fortasse
1492 1722 1595 1753 audaci,
1607 1726 1633 1748 at
1643 1721 1788 1757 aliquando
1798 1722 1866 1748 ami-

1067 1769 1108 1786 co.
1139 1760 1189 1787 Cui
1199 1768 1286 1795 quum
1297 1759 1382 1786 adfuit
1394 1765 1452 1794 post
1463 1759 1577 1786 delatam
1588 1759 1621 1785 ad
1632 1768 1694 1785 eum
1707 1759 1820 1794 primam
1832 1758 1866 1785 il-

1069 1797 1120 1824 lam
1132 1797 1341 1824 coniurationem
1350 1818 1356 1828 ,
1374 1797 1503 1824 indicavit
1517 1805 1546 1823 se
1557 1796 1665 1823 audisse
1676 1796 1794 1831 aliquid,
1811 1805 1865 1824 non

1068 1834 1225 1861 credidisse.
1265 1835 1299 1861 At
1309 1834 1380 1861 idem
1392 1843 1445 1861 non
1456 1834 1543 1861 adfuit
1553 1833 1606 1860 alio
1616 1834 1644 1860 in
1656 1833 1765 1865 iudicio,
1777 1842 1865 1869 quum

1068 1872 1192 1898 adessent
1203 1872 1293 1898 ceteri.
1319 1871 1347 1898 Si
1359 1877 1450 1907 postea
1461 1876 1586 1907 cognorat
1597 1871 1654 1906 ipse
1665 1870 1779 1906 aliquid,
1791 1871 1865 1906 quod

1068 1910 1097 1936 in
1116 1909 1258 1936 consulatu
1278 1910 1439 1945 ignorasset:
1465 1908 1660 1945 ignoscendum
1680 1913 1722 1935 est
1743 1909 1791 1940 iis,
1815 1909 1865 1944 qui

1069 1951 1160 1982 postea
1180 1946 1248 1973 nihil
1269 1946 1421 1973 audierunt.
1461 1946 1508 1973 Sin
1528 1946 1574 1972 illa
1594 1954 1637 1972 res
1658 1946 1744 1981 prima
1765 1945 1863 1972 valuit:

1069 1993 1135 2011 num
1151 1984 1309 2015 inveterata,
1331 1993 1414 2019 quam
1430 1992 1535 2015 recens,
1557 1983 1652 2010 debuit
1667 1991 1727 2010 esse
1740 1982 1866 2019 gravior?

1069 2021 1122 2048 Sed
1141 2021 1164 2048 si
1181 2026 1244 2048 tuus
1260 2030 1369 2056 parens,
1387 2022 1466 2048 etiam
1482 2021 1509 2048 in
1524 2020 1570 2048 illa
1585 2021 1741 2056 suspicione
1750 2019 1865 2056 periculi

1069 2059 1126 2090 sui,
1145 2063 1232 2085 tamen
1247 2059 1412 2086 humanitate
1423 2058 1555 2085 adductus
1567 2058 1766 2085 advocationem
1777 2057 1866 2085 homi-

1069 2097 1111 2123 nis
1122 2097 1316 2131 improbissimi
1328 2096 1393 2123 sella
1404 2095 1492 2123 curuli
1503 2101 1583 2131 atque
1593 2096 1756 2122 ornamentis
1767 2099 1794 2122 et
1806 2095 1865 2122 suis

1069 2139 1094 2160 et
1104 2133 1259 2160 consulatus
1271 2133 1434 2160 honestavit:
1447 2133 1514 2169 quid
1525 2132 1756 2168 est,quamohrem
1766 2141 1866 2159 eonsu-

1069 2171 1147 2202 lares,
1160 2171 1343 2206 quiCatilinae
1354 2170 1506 2202 adfuerunt,
1520 2169 1767 2205 reprehendantur?
1781 2170 1866 2197 82.ss

1069 2208 1150 2235 iidem
1166 2209 1214 2239 iis,
1231 2209 1278 2244 qui
1295 2213 1355 2235 ante
1366 2208 1438 2235 hune
1449 2217 1571 2235 caussam
1582 2207 1615 2234 de
1625 2207 1808 2234 coniuratione
1821 2207 1865 2234 di-

1069 2250 1174 2277 xerunt,
1189 2255 1241 2273 non
1253 2245 1406 2272 adfuerunt.
1447 2246 1530 2272 Tanto
1540 2244 1640 2272 scelere
1650 2244 1766 2271 astrictis
1775 2243 1865 2272 homi-

1069 2283 1150 2310 nibus
1165 2288 1317 2310 statuerunt
1332 2283 1399 2310 nihil
1411 2292 1425 2310 a
1436 2291 1465 2309 se
1475 2282 1637 2313 adiumenti,
1659 2280 1728 2308 nihil
1739 2281 1808 2316 opis,
1820 2281 1865 2308 ni-

1069 2320 1107 2347 hil
1118 2320 1213 2347 auxilii
1226 2320 1287 2347 ferri
1298 2325 1428 2356 oportere.
1449 2319 1546 2355 Atque,
1554 2323 1584 2346 ut
1593 2318 1627 2345 de
1636 2327 1729 2345 eornm
1739 2323 1865 2346 constan-

1068 2358 1104 2384 tia
1115 2363 1194 2393 atque
1205 2358 1295 2384 animo
1305 2358 1333 2384 in
1345 2357 1538 2393 rempublicam
1549 2356 1645 2387 dicam,
1658 2364 1774 2391 quorum
1785 2356 1864 2383 tacita

1066 2395 1184 2431 gravitas
1195 2400 1220 2422 et
1231 2395 1297 2422 fides
1307 2395 1341 2422 de
1352 2403 1406 2422 uno
1416 2403 1525 2430 quoque
1536 2393 1663 2428 loquitur.
1671 2401 1760 2428 neque
1769 2394 1865 2420 cuius-

1067 2441 1148 2467 quam
1159 2437 1313 2459 ornamenta
1324 2432 1450 2459 orationis
1460 2430 1602 2462 desiderat,
1618 2434 1706 2465 potest
1715 2431 1862 2466 quisquam

1066 2470 1155 2496 dicere
1165 2478 1296 2505 umquam
1307 2469 1442 2501 meliores,
1453 2468 1584 2499 fortiores.
1596 2468 1787 2495 constantiores
1797 2476 1863 2495 con-

1066 2507 1170 2534 sulares
1181 2507 1280 2538 fuisse,
1293 2515 1376 2542 quam
1386 2507 1421 2533 iis
1431 2505 1598 2540 temporibus
1608 2509 1633 2531 et
1644 2504 1785 2539 periculis.
1797 2505 1862 2540 qui-

1066 2544 1118 2570 bus
1128 2553 1212 2579 paene
1222 2552 1350 2579 oppressa
1360 2548 1401 2570 est
1410 2541 1581 2578 respublica?
1600 2541 1667 2574 Quis
1678 2550 1730 2569 non
1741 2542 1776 2569 de
1785 2551 1861 2570 eom-

1065 2582 1143 2608 muni
1153 2581 1240 2608 salute
1250 2581 1427 2616 apertissime,
1435 2581 1497 2616 quis
1508 2588 1561 2606 non
1572 2578 1725 2611 fortissime,
1733 2579 1796 2615 quis
1806 2588 1860 2606 non

1064 2619 1280 2646 constantissime
1290 2617 1393 2645 sensit?
1402 2618 1495 2653 Neque
1505 2625 1555 2653 ego
1565 2617 1708 2652 praecipue
1718 2616 1752 2644 de
1761 2625 1861 2644 consu-

1065 2655 1167 2683 laribus
1177 2655 1296 2692 disputo.
1335 2656 1403 2682 Nam
1413 2654 1479 2682 haec
1489 2659 1515 2682 et
1524 2654 1665 2682 homiuum
1675 2655 1860 2682 ornatissimo-
