1941 3052
435 129 621 156 ORATIO
653 129 742 157 PRO
774 131 803 156 P.
837 130 1057 163 QUINTIO.
1092 132 1188 158 CAP.

83 201 112 229 id
133 201 259 236 iniquum
281 209 340 227 esse
358 200 385 227 in
398 200 549 227 Naevium?
567 200 670 233 Quintii
683 201 761 232 bona,
778 201 874 236 inquit,

83 248 117 266 ex
139 238 224 265 edicto
242 239 369 273 praetoris
387 247 509 273 possessa
527 243 597 264 sunt.
636 239 715 274 Ergo,
731 238 759 265 id
773 243 801 264 ut
814 247 877 265 con-

83 276 165 307 fitear,
186 275 319 310 postulas,
342 279 380 306 ut,
401 275 474 310 quod
488 284 635 310 numquam
650 275 748 302 factum
763 284 821 302 esse
836 276 877 301 iu-

83 313 155 340 dicio
180 312 364 343 defendimus,
388 312 416 338 id
436 313 545 347 proinde
563 313 641 348 quasi
659 312 759 339 factum
777 314 811 339 sit
830 321 877 339 no-

83 355 138 377 stro
162 350 262 376 iudicio
287 349 487 376 confirmemus.
528 351 569 376 46.
597 350 712 376 Inveniri
739 350 816 380 ratio,
846 350 875 376 C.

82 387 194 422 Aquilli,
204 396 254 413 non
266 391 360 421 potest,
369 391 398 413 ut
412 387 444 413 ad
454 396 534 413 suum
545 387 662 422 quisque
671 396 752 422 quam
759 387 875 422 primum

83 425 141 451 sine
163 425 324 459 cuiusquam
347 424 484 456 dedecore,
505 424 614 450 infamia
632 425 803 459 pernicieque
816 433 877 459 per-

82 460 189 488 veniat‘?
216 461 344 493 Profecto,
369 462 392 488 si
416 462 483 496 quid
506 462 654 493 deberetur,
679 466 792 496 peteret:
825 470 876 487 non

82 499 171 526 omnia
189 499 289 525 iudicia
311 499 367 525 sieri
390 499 489 530 mallet,
509 508 590 534 quam
609 508 693 525 unum
712 498 789 529 illud,
806 499 876 524 unde

83 536 148 562 haee
170 536 258 562 omnia
282 540 437 563 nascuntur.
478 536 529 568 Qui
551 537 619 562 inter
636 540 673 562 tot
687 544 769 561 annos
784 544 816 561 ne
830 544 877 570 ap-

81 573 187 608 pellarit
200 573 309 608 quidem
320 573 469 606 Quintium,
485 582 571 608 quum
584 577 699 607 potestas
714 577 783 598 esset
796 581 877 608 agen—

81 610 110 637 di
132 610 265 645 quotidie:
288 612 344 645 qui,
365 620 419 645 quo
437 615 554 645 tempore
576 610 693 644 primum
712 609 780 636 male
798 618 876 645 agere

81 649 176 682 coepit.
202 649 230 674 in
249 648 408 674 vadimoniis
427 647 578 674 differendis
597 652 703 681 tempus
721 655 800 673 omne
813 656 876 673 eon-

81 686 241 720 sumpserit:
263 686 310 720 qui
334 690 423 720 postea
441 683 541 721 [quam]
561 684 745 710 vadimonium
767 693 875 718 quoque

81 723 196 748 missum
211 722 309 753 fecerit,
326 722 397 748 hunc
411 730 458 756 per
470 722 581 748 insidias
596 722 622 747 vi
636 721 669 747 de
683 730 745 756 agro
755 730 876 747 commu-

81 760 109 786 ni
128 759 265 786 deiecerit:
287 760 343 794 qui,
364 767 450 794 quum
464 758 497 785 de
511 768 538 784 re
552 759 647 794 agendi
662 758 736 784 nullo
750 767 876 784 recusan—

81 801 106 824 te
126 801 240 831 potestas
255 796 358 827 fuisset,
379 796 550 831 sponsionem
565 796 597 822 de
612 796 706 830 probro
721 795 804 821 facere
819 804 876 821 ma-

81 833 172 860 luerit:
200 834 256 868 qui,
282 842 366 868 quum
390 838 528 860 revocetur
549 833 582 859 ad
601 833 629 859 id
646 833 786 863 iudicium,
803 833 875 859 unde

80 871 145 897 haec
167 875 226 897 nata
245 875 308 896 sunt
325 871 422 902 omnia,
436 870 614 897 conditionem
629 871 819 905 aequissimam
834 879 875 896 re·-

79 908 186 944 pudiet:
214 907 327 934 fateatur
343 917 372 934 se
386 917 438 934 non
452 909 602 943 pecuniam,
618 908 666 934 sed
680 908 760 933 vitam
775 912 800 933 et
813 916 875 933 san-

79 946 190 981 guinem
204 949 306 980 petere3
328 946 352 972 is
366 954 418 972 non
432 945 481 971 hoc
495 945 582 980 palam
597 945 674 971 dicit:
695 945 761 971 mihi
775 945 798 970 si
809 945 875 979 quid

79 983 229 1014 deberetur,
254 987 380 1017 peterem,
401 987 481 1017 atque
495 983 560 1009 adeo
574 982 732 1017 iampridem
746 982 874 1008 abstulis-

79 1029 150 1046 sem:
174 1020 214 1046 47.
231 1020 298 1047 nihil
312 1021 362 1047 hoc
375 1024 446 1046 tanto
461 1020 574 1056 negotio,
591 1019 658 1046 nihil
675 1024 727 1046 tam
741 1019 874 1045 invidioso

78 1057 187 1088 iudicio,
212 1057 279 1084 nihil
303 1061 357 1084 tam
375 1058 480 1092 copiosa
494 1057 665 1083 advocatione
678 1062 774 1087 uterer,
791 1057 813 1082 si
828 1065 875 1091 pe-

78 1094 189 1121 tendum
208 1099 291 1121 esset:
313 1095 526 1130 extorquendum
541 1099 580 1120 est
593 1095 678 1121 invito
692 1099 770 1129 atque
784 1095 875 1129 ingra—

79 1132 137 1158 tiis:
159 1131 232 1167 quod
255 1141 307 1159 non
328 1132 415 1163 debet,
440 1132 608 1166 eripiendum
624 1136 703 1167 atque
721 1132 875 1166 exprimen-

78 1169 144 1196 dum
158 1174 212 1196 est:
233 1170 266 1196 de
281 1169 393 1196 fortunis
407 1170 533 1196 omnibus
547 1170 575 1195 P.
588 1169 714 1201 Quintius
729 1169 874 1195 deturban-

77 1207 129 1234 dus
152 1212 205 1234 est:
227 1212 356 1242 potentes,
377 1207 478 1238 diserti,
499 1206 602 1233 nobiles
620 1215 712 1233 omnes
727 1206 873 1233 advocandi

77 1248 155 1271 sunt:
183 1244 333 1271 adhibenda
356 1245 398 1271 vis
420 1249 460 1271 est
481 1245 599 1271 veritati:
622 1244 709 1270 minae
728 1244 870 1270 iactentur:

78 1281 196 1317 pericula
212 1282 397 1308 intendantur:
426 1281 581 1308 formidines
599 1286 775 1316 opponantur,
797 1286 826 1307 ut
839 1281 872 1306 iis

77 1319 158 1345 rebus
189 1318 332 1354 aliquando
360 1319 447 1345 victus
471 1323 496 1345 et
519 1319 674 1353 perterritus
697 1319 755 1353 ipse
780 1317 873 1344 cedat‘?

76 1356 150 1388 Quae
173 1356 325 1382 mehercule
342 1357 439 1387 omnia,
460 1365 555 1390 quum,
576 1356 623 1390 qui
637 1360 726 1382 contra
740 1359 869 1391 pugnent,

76 1393 155 1420 video
181 1398 206 1420 et
228 1402 314 1428 quum
332 1393 410 1419 illum
433 1402 589 1419 consessum
608 1392 758 1423 considero,
779 1392 871 1418 adesse

76 1435 156 1466 atque
178 1431 332 1465 impendere
355 1430 480 1457 videntur
505 1438 592 1465 neque
614 1430 692 1456 vitari
715 1430 771 1456 ullo
794 1430 872 1456 modo

76 1476 164 1503 posse.
205 1468 294 1500 Quum
321 1473 410 1494 autem
427 1468 461 1494 ad
480 1472 512 1498 te,
533 1467 562 1494 C.
582 1467 693 1502 Aquilli,
710 1467 800 1493 oculos
815 1468 872 1493 ani-

76 1514 206 1540 mumque
224 1505 316 1537 retuli,
339 1514 393 1540 quo
411 1506 508 1531 maiore
519 1509 613 1531 conatu
630 1504 773 1539 studioque
787 1513 872 1539 agun-

75 1548 127 1574 tur,
153 1551 184 1569 eo
202 1542 300 1569 leviora
314 1543 513 1577 infirmioraque
527 1542 660 1568 existimo.
700 1541 773 1567 Nihil
789 1542 871 1577 igitur

74 1580 176 1611 debuit,
193 1584 223 1606 ut
238 1585 266 1606 tu
280 1581 338 1615 ipse
349 1579 495 1614 praedicas.

131 1618 172 1644 48.
193 1616 263 1649 Quid
277 1618 300 1643 si
312 1616 468 1643 debuisset?
481 1616 646 1643 Continuone
659 1624 753 1642 caussa
765 1615 868 1646 fuisset,

74 1663 123 1681 cur
140 1663 155 1681 a
167 1659 287 1689 praetore
309 1654 466 1689 postulares,
494 1658 524 1680 ut
541 1654 608 1680 bona
623 1652 792 1688 possideres?
811 1653 869 1680 Non

73 1692 167 1727 opinor
180 1692 209 1718 id
221 1691 331 1726 quidem
346 1700 433 1727 neque
447 1692 489 1718 ius
503 1700 570 1721 esse,
587 1699 674 1726 neque
684 1691 812 1725 cuiquam
823 1699 870 1717 ex-

74 1729 175 1764 pedire.
215 1728 285 1761 Quid
304 1729 387 1765 igitur
404 1727 584 1755 demonstrat?
609 1728 798 1755 Vadimonium
816 1728 868 1754 sibi

74 1767 110 1793 ait
132 1774 190 1793 esse
212 1766 357 1793 desertum.
385 1766 443 1793 XV.
463 1766 614 1800 Antequam
633 1765 714 1792 doceo
727 1765 755 1791 id
770 1764 868 1791 factum

74 1812 126 1830 non
145 1812 213 1833 esse,
234 1803 298 1830 libet
312 1803 387 1835 mihi,
404 1803 433 1830 C.
448 1803 559 1838 Aquilli,
576 1811 609 1829 ex
622 1802 702 1829 officii
717 1803 815 1829 ratione
830 1807 869 1829 at-

73 1849 126 1876 que
147 1849 180 1867 ex
205 1841 326 1867 omnium
344 1841 537 1867 consuetudine
555 1849 611 1867 rem
629 1841 715 1875 ipsam
730 1844 755 1866 et
770 1839 867 1866 factum

73 1877 155 1904 simul
170 1878 232 1905 Sex.
248 1878 340 1905 Naevii
354 1878 530 1905 considerare.
563 1877 604 1904 Ad
619 1877 802 1904 vadimonium
817 1886 868 1903 non

73 1920 188 1946 venerat,
214 1920 244 1941 ut
265 1916 313 1947 ais,
337 1916 370 1946 is,
391 1916 501 1950 quicum
521 1914 569 1941 tibi
592 1914 721 1946 affinitas,
746 1915 866 1945 societas,

73 1961 165 1979 omnes
183 1952 299 1988 denique
322 1961 432 1979 caussae
450 1957 475 1978 et
488 1952 700 1979 necessitudines
714 1957 817 1978 veteres
828 1953 869 1978 in-

72 1989 249 2016 tercedebant.
299 1990 406 2016 lllicone
433 1990 466 2016 ad
492 1994 638 2024 praetorem
665 1990 703 2015 ire
728 1989 870 2016 convenit?

72 2027 232 2054 continuone
255 2035 348 2054 verum
374 2027 425 2053 fuit
447 2026 590 2062 postulare,
612 2031 641 2053 ut
655 2035 688 2053 ex
701 2026 787 2053 edicto
801 2027 868 2053 hona

72 2064 210 2099 possidere
229 2063 336 2091 liceret?
355 2064 388 2090 ad
411 2064 475 2090 haec
498 2068 615 2090 extrema
638 2068 663 2090 et
682 2063 868 2091 inimicissima

72 2102 130 2129 iura
145 2107 198 2129 tam
212 2102 309 2137 cupide
321 2101 488 2132 decurrebas,
503 2106 532 2128 ut
543 2101 591 2127 tibi
603 2100 670 2127 nihil
680 2101 707 2127 in
720 2106 865 2135 posterum,

71 2139 145 2175 quod
163 2140 273 2174 gravius
289 2143 368 2174 atquo
381 2138 517 2164 crudelius
531 2138 616 2165 facere
630 2147 732 2173 posses,
749 2146 869 2165 reserva-

72 2176 133 2203 res‘?
157 2178 197 2203 49.
218 2177 284 2203 Nam
304 2176 370 2211 quid
385 2176 486 2202 homini
500 2180 585 2211 potest
600 2176 714 2211 turpius,
730 2176 797 2211 quid
812 2177 868 2202 viro

71 2214 197 2241 miserius
219 2219 265 2240 aut
286 2214 408 2240 acerbius
422 2222 474 2239 usu
487 2212 594 2240 venire?
606 2213 678 2248 quod
694 2218 794 2239 tantum
806 2222 869 2239 eve.-

71 2252 129 2278 nire
151 2251 277 2282 dedecus,
303 2259 371 2286 quae
390 2255 461 2277 tanta
478 2250 615 2277 calamitas
634 2251 748 2277 inveniri
765 2250 868 2285 potest?

71 2288 214 2315 Pecuniam
238 2289 260 2315 si
279 2289 396 2323 cuipiam
416 2287 521 2314 fortuna
534 2288 641 2319 ademit,
658 2292 703 2314 aut
716 2288 738 2314 si
753 2288 867 2314 alicuius

71 2326 170 2360 eripuit
187 2326 299 2352 iniuria:
323 2330 419 2356 tamen,
440 2325 506 2351 dum
524 2325 686 2351 existimatio
700 2330 740 2351 est
753 2325 863 2360 integra.
889 2348 890 2355 ,

888 2378 897 2395 κ
919 2367 962 2388 tua
989 2371 1029 2393 re,
1053 2372 1138 2397 quum
1166 2368 1272 2398 tempus
1293 2370 1359 2393 crat.
1384 2364 1523 2391 consulere
1549 2365 1648 2391 oblitus
1674 2375 1712 2391 es.

71 2362 148 2389 facile
170 2362 322 2390 consolatur
340 2362 464 2389 honestas
482 2367 636 2397 egestatem.
676 2362 709 2388 At
724 2371 774 2389 non
790 2371 867 2388 nemo

70 2404 116 2426 aut
139 2400 285 2436 ignominia
308 2400 416 2426 affectus
443 2404 489 2426 aut
512 2399 612 2425 iudicio
634 2400 705 2434 turpi
728 2400 866 2426 convictus
888 2413 896 2431 :³

888 2438 896 2458 ἱ·
919 2436 1054 2463 Marcelle:
1078 2437 1260 2464 vadimonium
1276 2439 1342 2464 inihi
1357 2448 1408 2465 non
1422 2439 1488 2465 obiit
1499 2440 1609 2474 quidum
1624 2441 1713 2467 socius

70 2436 148 2464 bonis
161 2437 271 2472 quidem
285 2437 343 2464 suis
357 2438 454 2469 utitur;
477 2436 586 2463 alterius
599 2445 672 2471 opes,
689 2436 716 2462 id
729 2436 801 2471 quod
816 2437 867 2462 mi—

71 2475 213 2501 serrimum
236 2478 285 2506 est,
305 2483 357 2501 non
372 2478 520 2509 exspectat:
544 2474 593 2500 hoc
607 2478 693 2500 tamen
708 2474 735 2500 in
750 2474 866 2500 miseriis

70 2510 224 2538 adiumento
245 2516 270 2538 et
292 2511 385 2538 solatio
407 2511 573 2538 sublevatur.
614 2510 697 2537 Cuius
718 2519 780 2537 vero
798 2510 865 2537 bona

70 2549 224 2582 venierunt;
246 2549 325 2575 cuius
348 2557 399 2575 non
419 2548 497 2575 modo
511 2547 572 2574 illae
585 2547 768 2582 amplissimae
782 2547 866 2574 fortu-

71 2593 127 2617 nae,
152 2585 199 2612 sed
222 2586 300 2612 etiam
323 2586 411 2612 victus
434 2586 602 2620 vestitusque
626 2585 791 2611 necessarius
813 2585 865 2611 sul)

69 2631 198 2658 praecone
216 2632 278 2650 cum
296 2622 424 2650 dedecore
440 2623 577 2649 subiectus
595 2626 648 2648 est:
683 2623 706 2648 is
721 2630 771 2648 non
787 2622 866 2648 modo
886 2623 895 2656 ,i

70 2667 103 2687 ex
123 2668 236 2687 numero
259 2660 381 2687 vivorum
404 2660 570 2691 exturbatur,
589 2659 646 2691 sed,
662 2659 684 2686 si
698 2659 752 2686 lieri
768 2664 862 2695 potest,
886 2666 887 2669 ’

894 2506 896 2516 l

894 2518 895 2528 l

887 2537 895 2580 i
919 2547 976 2574 lone
1000 2557 1013 2573 a
1033 2553 1160 2583 praetore.
1182 2555 1211 2576 ut
1229 2550 1288 2576 eius
1306 2550 1373 2576 bona
1388 2551 1453 2577 mihi
1469 2551 1604 2585 possidere
1621 2552 1713 2579 liceat?

1226 133 1252 158 ll
1276 148 1312 151 —
1335 134 1374 159 Π.
1674 138 1722 162 ⁵209

929 201 997 227 infra
1020 202 1098 228 etiam
1122 206 1238 229 mortuos
1261 202 1426 229 amandatur.
1466 204 1571 230 Etenim
1591 214 1660 230 mors
1676 206 1723 231 ho-

930 243 1002 265 nesta
1020 248 1100 274 saepe
1118 240 1198 265 vitam
1214 248 1321 274 quoque
1335 245 1440 275 turpem
1455 246 1575 267 exornat:
1599 242 1653 267 vita
1667 247 1722 268 tnr-

929 276 970 310 pis
993 285 1026 302 ne
1044 277 1121 302 morti
1136 277 1245 311 quidem
1260 277 1385 303 honestae
1400 277 1487 304 locum
1501 278 1638 313 relinquit.
1679 281 1720 305 50.

928 314 997 348 Ergo
1021 313 1136 345 hercule,
1156 315 1234 340 cuius
1248 314 1316 341 bona
1331 323 1364 341 ex
1377 315 1462 341 edicto
1476 315 1655 349 possidentur,
1674 317 1723 342 hu-

928 351 971 376 ius
985 351 1072 376 omnis
1087 351 1155 377 fama
1170 356 1194 377 et
1208 352 1369 378 existimatio
1382 361 1443 378 cum
1455 353 1532 378 bonis
1543 353 1624 379 simul
1636 354 1723 387 possi-

928 387 1019 413 detur:
1041 388 1074 413 de
1088 397 1142 422 quo
1157 388 1240 415 libelli
1254 390 1281 415 in
1296 389 1476 416 celeberrimis
1491 389 1554 416 locis
1569 399 1723 424 proponun—

928 429 979 455 tur,
1004 425 1067 451 huic
1087 434 1118 451 ne
1137 426 1222 460 perire
1236 426 1345 461 quidem
1361 428 1436 452 tacite
1450 427 1616 462 obscureque
1629 436 1723 454 conce-

928 462 1014 488 ditur:
1040 463 1083 488 cui
1107 464 1227 498 magistri
1251 463 1317 489 flunt
1341 468 1365 490 et
1389 464 1489 491 domini
1513 465 1720 495 constituuntur,

928 499 984 533 qui,
1010 508 1061 533 qua
1082 500 1138 535 lege
1153 505 1177 526 et
1191 509 1243 534 qua
1257 501 1406 527 conditione
1421 506 1517 536 pereat,
1536 503 1720 536 pronuntient:

927 536 960 562 de
983 545 1037 570 quo
1058 536 1166 563 homine
1189 539 1325 571 praeconis
1350 547 1401 565 vox
1418 539 1549 573 praedicat
1569 544 1593 565 et
1607 541 1720 574 pretium

927 573 1045 606 conficit,
1075 574 1137 600 huic.
1160 575 1362 601 acerbissimum
1387 577 1448 602 vivo
1466 576 1621 611 videntique
1640 576 1722 602 sunus

928 611 1047 636 ducitur:
1078 612 1100 636 si
1125 611 1206 637 funus
1224 612 1251 637 id
1270 613 1422 639 habendum
1443 614 1484 644 sit,
1506 622 1559 648 quo
1578 622 1629 640 non
1644 615 1721 639 amici

927 648 1088 674 conveniunt
1110 648 1142 674 ad
1165 650 1305 683 exsequias
1324 650 1544 681 cohonestandas,
1569 651 1616 677 sed
1641 652 1722 677 liono-

927 694 987 710 rum
1008 691 1147 720 emptores,
1170 691 1199 712 ut
1216 687 1360 717 carnifices,
1377 688 1410 713 ad
1424 688 1550 722 reliquias
1570 689 1638 714 vitae
1654 688 1721 714 lace-

927 722 1021 748 randas
1044 727 1069 748 et
1092 722 1286 749 distrahendas.
1331 725 1400 750 XVI.
1430 726 1471 750 51.
1496 726 1586 759 Itaque
1609 727 1721 751 maiores

927 760 1009 785 nostri
1029 768 1086 785 raro
1104 760 1131 785 id
1148 760 1265 786 accidere
1280 761 1435 793 voluerunt3
1458 767 1599 796 praetores,
1617 768 1645 788 ut
1659 772 1721 789 con-

926 796 1039 822 siderate
1058 797 1138 827 fieret,
1160 804 1391 832 comparaveruntg
1420 799 1469 825 viri
1488 799 1559 829 boni,
1575 808 1659 834 quuni
1675 809 1721 834 pa-

927 833 979 859 lam
1003 833 1168 865 fraudantur,
1193 844 1278 869 quum
1297 836 1455 870 experiundi
1474 842 1590 870 potestas
1605 846 1655 863 non
1671 843 1718 867 est,

927 871 1018 897 timide
1041 876 1128 897 tamen
1151 877 1176 898 et
1190 873 1350 906 pedetentim
1369 874 1438 899 istuc
1456 873 1630 903 descendunt,
1652 875 1720 900 viae

926 910 1082 934 necessitate
1100 910 1190 940 coacti,
1212 910 1298 941 inviti,
1323 910 1414 936 multis
1434 911 1593 937 vadimoniis
1607 911 1719 937 desertis

926 955 1004 980 saepe
1022 946 1096 972 illusi
1115 955 1144 972 ac
1162 946 1291 973 destituti.
1333 948 1505 974 Considerant
1519 949 1599 979 enim,
1616 948 1682 983 quid
1697 954 1720 974 et

926 988 1056 1018 quantum
1072 984 1114 1015 sit,
1131 984 1240 1010 alterius
1256 985 1321 1011 bona
1337 986 1510 1019 proscribere.
1550 986 1721 1021 Iugulareci-

927 1030 986 1046 vem
1010 1030 1042 1047 ne
1064 1022 1122 1047 iure
1140 1022 1250 1056 quidem
1265 1023 1408 1057 quisquam
1423 1023 1510 1049 bonus
1525 1022 1595 1049 vult:
1619 1023 1718 1049 mavult

926 1059 997 1084 enim
1011 1067 1225 1090 commemorare,
1242 1068 1279 1090 se,
1295 1069 1379 1095 quum
1391 1065 1481 1095 posset
1494 1060 1612 1095 perdere,
1627 1069 1720 1095 peper-

925 1096 1002 1126 cisse,
1019 1104 1109 1130 quam,
1125 1105 1210 1131 quum
1226 1106 1331 1131 parcere
1343 1098 1466 1132 potuerit,
1479 1098 1636 1132 perdidisse.
1654 1098 1720 1124 llaec

926 1133 952 1158 in
976 1133 1098 1159 homines
1116 1134 1302 1165 alienissimos,
1323 1135 1655 1170 deniqueinimicissimos
1671 1136 1719 1161 viri

925 1170 987 1196 boni
1011 1170 1112 1197 faciunt
1134 1175 1159 1197 et
1177 1171 1316 1198 hominum
1335 1173 1539 1199 existimationis
1557 1177 1582 1198 et
1600 1182 1720 1198 commu-

925 1208 966 1233 nis
990 1207 1163 1234 humanitatis
1182 1217 1290 1235 caussa:
1322 1214 1363 1240 ut,
1384 1219 1469 1245 quum
1488 1211 1541 1244 ipsi
1560 1210 1626 1236 nihil
1645 1211 1717 1236 alteri

924 1245 1038 1271 scientes
1062 1246 1292 1275 incommodarint,
1315 1247 1380 1273 nihil
1400 1248 1467 1282 ipsis
1486 1248 1543 1273 iure
1558 1248 1717 1273 incommodi

924 1282 1016 1308 cadere
1039 1284 1133 1317 possit.
1174 1283 1214 1309 Ad
1239 1284 1421 1310 vadimonium
1442 1293 1494 1311 non
1513 1285 1595 1310 venit.
1636 1284 1720 1317 Οιιιεἢ

924 1320 1103 1355 Propinquus.
1139 1320 1167 1347 Si
1182 1330 1223 1347 res
1238 1322 1287 1347 ista
1301 1322 1459 1357 gravissima
1474 1331 1522 1348 sua
1537 1327 1630 1356 sponte
1646 1323 1719 1348 vide-

924 1361 1004 1388 retur,
1026 1362 1113 1384 tamen
1132 1359 1190 1384 eius
1204 1359 1326 1385 atrocitas
1341 1359 1547 1385 necessitudinis
1562 1360 1668 1385 nomine
1683 1359 1719 1385 le-

924 1399 1038 1421 varetur.
1074 1396 1116 1421 52.
1132 1395 1172 1421 Ad
1187 1396 1369 1422 vadimonium
1386 1406 1436 1423 non
1452 1398 1534 1423 venit.
1566 1396 1651 1428 Quis-‘2'
1671 1397 1719 1423 So-

923 1431 991 1457 cius.
1032 1432 1118 1458 Etiam
1141 1434 1250 1468 gravius
1270 1434 1373 1468 aliquid
1391 1435 1415 1460 ei
1434 1434 1544 1460 deberes
1564 1434 1715 1460 concedere.

923 1469 1033 1503 quicum
1063 1474 1088 1495 te
1115 1475 1160 1496 aut
1187 1470 1309 1496 voluntas
1336 1476 1523 1507 congregasset
1546 1476 1590 1496 aut
1615 1471 1716 1497 fortuna

922 1507 1116 1532 coniunxisset.
1156 1507 1197 1533 Ad
1211 1507 1393 1534 vadimonium
1409 1517 1460 1534 non
1475 1509 1556 1534 venit.
1579 1508 1663 1540 Quis‘?
1683 1510 1715 1534 Is.

922 1544 969 1577 qui
985 1543 1032 1569 tibi
1048 1549 1150 1578 praesto
1164 1553 1270 1579 semper
1285 1545 1343 1571 fuit.
1366 1546 1435 1581 Ergo
1449 1546 1476 1571 in
1491 1554 1561 1576 euin,
1576 1546 1622 1580 qui
1635 1546 1716 1571 semel

923 1581 972 1606 hoc
995 1582 1136 1612 commisit,
1166 1586 1194 1608 ut
1218 1583 1265 1608 tihi
1287 1587 1390 1617 praesto
1406 1592 1456 1609 non
1471 1587 1548 1613 esset,
1565 1584 1652 1608 onmia
1669 1582 1717 1609 tela

922 1618 1067 1649 coniecisti,
1080 1628 1148 1653 quae
1163 1624 1251 1653 parata
1266 1624 1328 1645 sunt
1345 1621 1370 1645 in
1385 1629 1437 1649 eos,
1454 1621 1501 1655 qui
1516 1620 1647 1654 permulta
1662 1629 1718 1646 nta—

922 1654 946 1680 le
969 1655 1064 1690 agendi
1083 1664 1177 1682 caussa
1196 1656 1390 1692 fraudandique
1411 1656 1546 1683 feccrunt‘.⁷
1566 1659 1608 1683 513.
1625 1657 1652 1683 Si
1667 1657 1718 1683 du-

922 1692 1037 1726 pondius
1063 1698 1125 1719 tuus
1144 1698 1275 1727 ageretur,
1295 1694 1356 1720 Sex.
1378 1695 1469 1725 Naevi,
1486 1695 1508 1720 si
1524 1695 1550 1720 in
1566 1694 1675 1729 parvula
1691 1704 1717 1720 re

921 1730 1051 1764 captionis
1075 1730 1178 1765 aliquid
1197 1739 1325 1762 vererere,
1346 1740 1398 1757 non
1417 1732 1506 1758 statim
1525 1732 1557 1757 ad
1577 1732 1605 1758 C.
1622 1731 1717 1766 Aquil-

922 1766 988 1792 lium
1011 1771 1056 1793 aut
1079 1767 1111 1793 ad
1130 1776 1221 1794 eorum
1241 1769 1367 1803 aliquem,
1390 1769 1437 1804 qui
1452 1769 1638 1798 consuluntur,
1655 1778 1717 1795 con-

921 1803 1069 1831 currisses‘?
1088 1804 1177 1836 Quum
1202 1806 1243 1831 ius
1262 1806 1402 1837 amicitiae,
1422 1807 1564 1837 societatis,
1581 1806 1716 1832 affinitatis

920 1847 1056 1877 ageretur:
1078 1851 1163 1876 quum
1182 1842 1261 1869 osticii
1277 1844 1404 1869 rationem
1420 1849 1498 1878 atque
1513 1844 1716 1870 existimationis

919 1879 980 1905 duci
996 1880 1161 1906 conveniret:
1190 1888 1220 1906 eo
1239 1885 1355 1915 tempore
1375 1886 1402 1907 tu
1422 1890 1472 1907 non
1485 1881 1562 1907 modo
1577 1890 1627 1907 non
1639 1881 1671 1907 ad
1686 1882 1714 1907 f..

920 1916 1070 1951 Aquillium
1085 1922 1129 1943 aut
1145 1918 1173 1943 L.
1188 1918 1339 1948 Lucullum,
1353 1918 1400 1944 sed
1415 1927 1447 1944 ne
1461 1920 1550 1953 ipsum
1562 1919 1671 1953 quidem
1685 1920 1715 1944 ad

921 1958 945 1980 te
963 1953 1091 1986 retulisti:
1115 1963 1146 1980 ne
1166 1954 1230 1980 haec
1248 1955 1358 1989 quidem
1378 1960 1463 1982 tecum
1481 1955 1584 1982 locutus
1599 1955 1646 1981 es'?
1666 1956 1715 1981 llo-

920 2000 962 2017 rae
981 1991 1049 2017 duae
1069 1991 1188 2023 fuerunt3
1211 1992 1337 2024 Quintius
1356 1992 1388 2019 ad
1408 1993 1590 2019 vadimonium
1606 2002 1656 2019 non
1672 2002 1716 2019 vc-

920 2029 967 2054 nit.
1008 2028 1077 2060 Quid
1093 2029 1159 2064 ago‘?
1179 2029 1206 2055 Si
1222 2030 1373 2056 mehercule
1388 2030 1452 2056 haec
1467 2035 1553 2056 tecum
1568 2031 1623 2056 duo
1637 2031 1714 2056 verba

920 2065 1042 2092 fecisses:
1074 2066 1144 2098 Quid
1159 2066 1225 2102 ago‘?
1245 2067 1401 2102 respirasset
1415 2067 1548 2102 cupiditas
1560 2073 1640 2102 atque
1654 2076 1716 2094 ava-

920 2103 978 2129 ritia
1001 2103 1166 2138 paullulum:
1190 2104 1292 2139 aliquid
1317 2104 1365 2131 loci
1390 2105 1483 2131 rationi
1502 2110 1527 2131 ct
1545 2105 1656 2131 consilio
1669 2105 1716 2131 de-

919 2140 1019 2166 disses:
1051 2145 1079 2166 tu
1099 2145 1122 2166 te
1140 2141 1308 2175 collegisses:
1341 2143 1434 2168 nonin
1448 2151 1506 2168 eam
1521 2142 1714 2177 turpitudinem

920 2178 1048 2208 venisses,
1070 2183 1097 2203 ut
1118 2178 1166 2204 hoc
1185 2179 1232 2205 tibi
1251 2184 1321 2205 esset
1339 2179 1410 2214 apud
1426 2179 1490 2205 tales
1505 2180 1575 2205 viros
1589 2181 1715 2206 contiten-

919 2214 993 2245 dum,
1013 2223 1066 2249 qua
1081 2215 1128 2241 tibi
1144 2215 1326 2242 vadimonium
1343 2225 1393 2242 non
1409 2217 1443 2242 sit
1457 2217 1568 2246 obitum,
1585 2217 1675 2242 eadem
1691 2222 1714 2243 te

920 2252 981 2277 hora
1004 2252 1147 2278 consilium
1170 2253 1282 2288 cepisse.
1304 2253 1419 2279 hominis
1439 2255 1580 2288 propinqui
1597 2253 1714 2280 fortunas

919 2288 1042 2315 funditus
1065 2294 1191 2315 evertere..
1232 2290 1312 2317 xvii.
1341 2292 1383 2317 54.
1404 2291 1460 2325 Ego
1478 2299 1525 2325 pro
1544 2296 1567 2316 tc
1582 2300 1652 2317 nunc
1667 2291 1714 2317 hos

918 2325 1037 2357 consulo,
1063 2330 1123 2360 post
1147 2331 1252 2361 tempus
1271 2332 1295 2353 et
1310 2328 1336 2354 in
1351 2327 1436 2353 aliena
1451 2336 1486 2357 re.
1503 2329 1628 2362 quoniam
1646 2334 1671 2354 tu
1687 2329 1713 2355 in

917 2400 1021 2431 Quaero
1043 2400 1090 2426 abs
1109 2405 1141 2431 te.
1163 2401 1192 2427 C.
1208 2401 1319 2436 Aquilli.
1338 2402 1365 2427 L.
1383 2402 1476 2431 Lucili,
1495 2402 1522 2428 P.
1538 2402 1659 2434 Quintili.
1677 2404 1711 2430 M.

917 2478 942 2500 et
956 2473 1044 2500 artinis
1059 2483 1144 2505 meus,
1160 2475 1270 2509 quicum
1287 2476 1351 2502 inihi
1368 2477 1536 2503 necessitudo
1549 2482 1634 2507 vetus,
1650 2487 1713 2504 con-

918 2511 1043 2537 troversia
1062 2511 1095 2537 (le
1114 2520 1140 2537 rc
1155 2513 1305 2546 pecuniaria
1325 2521 1415 2540 recens
1430 2514 1578 2541 intercedit.
1621 2516 1713 2541 Postu-

894 2582 895 2618 1
916 2593 958 2616 nn,
979 2594 1063 2620 quum
1084 2586 1180 2613 llomae
1199 2587 1295 2613 (lomus
1309 2588 1376 2618 cius,
1399 2597 1473 2618 uxor,
1497 2588 1572 2615 liberi
1587 2590 1649 2620 sint,
1665 2590 1712 2616 do-

917 2631 990 2648 mum
1006 2623 1094 2657 potius
1108 2623 1282 2650 denuntiem?
1308 2624 1378 2657 Quid
1393 2630 1440 2654 est,
1457 2626 1528 2660 quod
1544 2626 1592 2652 hac
1607 2627 1710 2653 tandem

916 2659 949 2686 de
972 2668 999 2686 re
1022 2660 1098 2686 vohis
1117 2662 1201 2695 possit
1219 2661 1322 2688 videri?
1342 2662 1460 2689 Profecto
1476 2663 1499 2689 si
1514 2669 1583 2690 recte
1598 2670 1710 2690 vestr-‘nn

1478 2713 1507 2735 27
