1941 3052
214 100 262 126 7:⁵5
790 100 831 124 80.
864 98 897 124 M.

269 167 306 188 [V.
323 167 340 188 Α
349 168 399 187 ΚΩ.
417 166 512 187 ''l-neu·
523 168 548 186 ιιΙ
563 166 679 193 ‘pt-inlan-
691 166 825 193 nuperiorem
837 166 971 193 tuln-tulerit
982 173 1006 187 ιο

215 202 237 222 iu
249 201 384 230 reipublirn·
395 205 503 228 ..utut-i·-
515 202 561 221 run
572 201 697 228 pulllrrtur.

325 239 354 256 (ln
365 238 427 256 ‘'ulli-
438 239 569 260 ‘rum-uum.
579 238 667 257 Ληιηιιέιι,
681 238 779 255 ”alubrit-
791 245 838 254 ι-ιιιι,
851 239 904 258 710.)

375 280 581 307 PLANCUS
621 280 852 307 ClCEllONl.

272 320 293 344 t.
310 315 487 344 firmissimae
500 317 566 343 mibi
579 322 638 343 tuae
651 317 750 344 litterae
763 317 879 349 fuerunt¹
896 326 963 353 quas
974 326 1008 345 ex

216 355 306 382 Furuii
324 364 445 380 sermone
462 359 485 380 te
502 355 644 389 scripsisse
660 355 848 381 animadverti.
888 355 944 391 Ego
959 364 1008 381 au-

215 398 266 418 tem
280 392 414 426 praeteriti
427 392 553 426 temporis
565 393 765 418 excusationem
781 392 874 423 nfl'ero,
893 392 966 428 quod
983 397 1007 419 te

215 428 361 463 profectum
383 429 534 461 audieram3
558 437 606 455 ncc
628 429 712 455 multo
731 435 790 456 ante
807 429 910 456 redisse
926 430 1004 460 scivi,

213 475 294 500 (μιειιιι
307 474 339 492 ex
351 465 462 500 epistola
475 470 518 492 tua
529 467 652 501 cognovi.
689 467 799 493 Nullum
811 467 882 493 enim
895 468 957 493 inte
967 467 1009 494 of-

215 504 318 533 livium,
337 512 368 528 ue
382 503 525 529 minimum
537 503 660 538 quidem,
677 504 735 530 sinc
747 505 863 530 maxima
876 504 955 539 culpa
968 505 1009 531 vi-

213 540 277 566 deor
293 548 370 573 posse
387 541 544 574 praeterire;
572 541 598 567 in
615 550 668 576 quo
684 541 782 568 tuendo
799 542 884 568 babeo
898 551 1008 568 caussas

214 577 345 611 plurimas
358 576 399 603 vel
412 582 536 612 paternae
550 578 767 609 necessitudinis,
778 579 818 604 vel
832 588 905 605 meae
916 588 929 605 a
942 588 1009 614 pue-

214 615 272 640 ritia
279 614 465 641 observantiae
474 615 515 641 vel
524 616 561 641 tui
568 624 629 651 erga
638 625 678 642 me
686 617 772 642 mutui
780 617 887 643 amoris.
905 618 929 643 Ξ.
937 618 1009 649 Qua-

213 660 250 681 re,
264 651 300 677 mi
312 652 413 683 Cicero,
428 652 500 687 quod
512 661 570 679 mea
583 657 681 688 tuaque
693 654 793 688 patitur
803 658 883 683 aetas,
897 662 1009 688 persua-

212 688 245 714 de
258 688 306 714 tibi
319 693 342 715 tc
354 697 439 715 unum
451 698 519 720 esse,
529 690 555 716 in
567 699 621 725 quo
633 700 682 724 ego
692 690 804 717 colendo
816 692 928 725 patriam
941 691 1008 718 mihi

212 726 398 752 constituerim
410 728 587 754 sanctitatem.
627 727 724 754 Omnia
741 728 823 763 igitur
838 733 881 755 tua
896 729 1008 755 consilia

213 763 281 789 mibi
298 772 349 790 non
366 764 452 799 magis
469 764 626 798 prudentiae
643 765 734 799 plena,
752 774 821 800 quae
837 775 942 792 summa
957 771 1006 797 est,

213 800 348 831 videntur,
357 809 438 835 quam
451 801 595 831 fidelitatis,
604 811 685 836 quam
696 811 745 837 ego
757 811 789 829 cx
801 812 858 829 mea
869 804 1009 829 conscien-

213 838 248 864 tia
261 838 365 864 metior.

213 875 280 901 nitio
300 878 343 901 tua
367 884 409 901 me
426 876 584 910 reprimere,
606 882 651 903 aut
669 878 691 903 si
708 877 874 908 dubitarem,
897 878 1009 904 hortatio

213 911 352 946 impellere
372 918 474 947 posset,
496 918 524 940 ut
540 913 567 939 id
582 923 721 949 sequerer,
744 914 816 949 quod
833 920 860 941 tu
876 915 1008 949 optimum

208 954 331 983 putares.
372 950 449 976 Nunc
462 959 524 976 vero
535 951 665 985 quidest,
679 951 751 986 quod
764 961 805 977 me
819 952 844 978 in
856 952 935 978 aliam
948 961 1009 987 par-

212 990 266 1012 tem
278 986 381 1012 trabere
393 987 495 1021 possit‘?
507 987 699 1024 Quaecumque
712 990 737 1015 in
751 998 792 1014 mc
804 989 871 1015 bona
884 995 955 1020 sunt,
965 994 1009 1016 aut

214 1022 334 1050 fortunae
346 1024 475 1051 beneficio
488 1025 585 1052 tributa
598 1031 642 1052 aut
654 1035 713 1052 meo
725 1026 812 1052 labore
825 1031 911 1061 parta,
929 1028 978 1053 etsi
995 1036 1008 1052 a

213 1065 237 1086 te
253 1066 360 1095 propter
375 1070 493 1088 amorem
508 1063 597 1089 carius
613 1069 675 1090 sunt
691 1064 843 1094 aestimata,
861 1069 948 1090 tamen
966 1063 1008 1090 vel
1030 1079 1031 1082 =

213 1098 396 1124 inimicissimi
409 1099 509 1125 iudicio
521 1104 591 1126 tanta
607 1106 682 1132 sunt,
699 1106 728 1127 ut
743 1106 847 1135 practer
861 1101 957 1128 bonam
970 1101 1009 1127 fa·-

213 1143 284 1161 mam
297 1135 364 1161 nihil
376 1136 528 1163 desiderare
541 1137 691 1164 videantur.
722 1140 747 1164 3.
762 1138 849 1170 Quare
862 1138 911 1165 boc
923 1147 1008 1165 unum

212 1171 262 1198 tibi
273 1173 417 1206 persuade.
431 1179 562 1208 quantum
575 1175 680 1201 viribus
691 1176 770 1206 eniti,
792 1175 905 1202 consilio
917 1177 1008 1210 provi-

213 1208 284 1240 dere,
299 1211 453 1237 auctoritate
465 1220 571 1238 movere
583 1217 682 1246 potero,
693 1213 742 1238 hoc
751 1221 830 1239 omne
842 1213 1008 1248 reipublicae

212 1254 319 1281 semper
331 1247 462 1274 futurum.
503 1249 560 1275 Non
572 1254 611 1276 est
622 1250 729 1285 ignotus
741 1250 808 1276 mihi
820 1259 916 1276 sensus
928 1255 1005 1284 tuus;

212 1291 314 1318 neque,
332 1285 356 1310 si
372 1284 497 1316 facultas,
514 1286 641 1320 optabilis
653 1287 719 1313 mihi
731 1287 857 1322 quidem,
874 1288 914 1314 tui
931 1297 1008 1323 prae-

211 1321 296 1347 sentis
311 1327 394 1353 esset,
412 1331 541 1357 umquam
560 1332 573 1349 a
594 1325 648 1350 tuis
667 1324 789 1350 consiliis
810 1324 1004 1360 discreparem3

212 1366 260 1384 nec
272 1367 344 1385 nunc
355 1360 532 1391 committam,
551 1365 579 1387 ut
593 1360 680 1387 ullum
697 1370 787 1388 meum
803 1361 902 1388 factum
917 1371 1009 1398 repre-

212 1394 329 1422 hendere
341 1397 398 1422 iure
409 1398 508 1431 possis.
524 1399 548 1424 4.
561 1397 627 1424 Sum
639 1399 665 1425 in
677 1399 875 1434 exspectatione
885 1401 1008 1427 omnium

212 1440 315 1463 rerum,
333 1434 400 1468 quid
417 1435 442 1460 in
455 1434 542 1461 Gallia
553 1436 688 1467 citeriore,
706 1436 773 1471 quid
790 1438 817 1462 in
830 1436 899 1463 Urbe
915 1446 1007 1464 mense

211 1470 334 1497 Ianuario
353 1476 474 1506 geratur,
499 1477 527 1498 ut
541 1473 635 1500 sciam.
675 1474 784 1500 Interim
801 1475 947 1501 maximam
964 1475 1008 1501 hic

211 1506 422 1535 sollicitudinem
434 1518 581 1545 curamque
592 1511 725 1542 sustineo,
743 1519 775 1537 ne
787 1511 856 1537 inter
867 1511 953 1539 aliena
966 1513 1008 1539 vi-

211 1544 247 1570 tia
262 1544 311 1571 hae
328 1551 422 1581 gentes
438 1551 526 1573 nostra
543 1547 612 1574 mala
628 1557 705 1574 suam
721 1553 815 1583 putent
827 1550 1005 1576 occasionem.

211 1581 288 1613 Quod
303 1582 326 1608 si
342 1583 467 1617 proinde,
491 1589 520 1611 ut
535 1585 592 1619 ipse
609 1594 724 1616 mereor,
748 1585 816 1611 mihi
830 1588 1004 1614 successerit:

211 1623 281 1645 certe
292 1624 317 1646 et
327 1620 385 1651 tibi,
393 1622 437 1647 cui
449 1622 567 1648 maxime
578 1623 666 1657 cupio,
675 1627 701 1649 et
710 1622 838 1649 omnibus
850 1624 916 1650 viris
927 1624 1006 1651 bonis

211 1655 385 1684 satisfaciam.
426 1659 477 1684 Fac
488 1658 577 1685 valeas
589 1668 685 1694 meque
698 1664 791 1686 mutuo
805 1659 914 1697 diligas.

264 1726 290 1746 V.
309 1726 327 1746 A
335 1726 353 1745 R
359 1727 386 1747 G.
402 1728 479 1748 Denuo
491 1728 596 1749 Plancum
607 1730 633 1749 ud
644 1730 744 1749 tuendum
757 1729 911 1756 rempublicam
921 1729 1007 1756 gloriae

211 1760 309 1781 flfimulls
320 1761 420 1787 insfignt.
453 1765 539 1785 (ltu-nnc.
550 1766 615 1786 Pansa,
627 1766 688 1783 Hirtio
699 1772 745 1783 cuss-
757 1768 812 1790 711.)

417 1806 561 1834 CICERO
586 1808 741 1836 PLANCO
766 1809 794 1836 S.

269 1844 292 1869 f.
303 1837 389 1870 Binas
401 1852 414 1870 a
426 1849 450 1870 te
462 1846 552 1880 accepi
565 1845 665 1872 litteras
676 1846 769 1872 eodem
781 1847 918 1882 exemplo;
932 1847 1005 1882 quod

211 1881 302 1914 ipsum
313 1887 470 1916 argumento
481 1883 548 1908 mibi
562 1882 612 1909 fuit
623 1883 778 1918 diligentiae
790 1889 860 1911 tuae.
897 1885 1006 1911 Intelle-

211 1917 240 1943 xi
255 1918 327 1943 enim
344 1922 368 1944 te
385 1918 515 1950 laborare,
539 1925 568 1946 ut
579 1920 612 1946 ad
624 1929 666 1946 me
678 1921 745 1947 mihi
757 1923 1004 1956 exspectatissimae
1026 1938 1027 1947 1

212 1953 312 1980 litterae
324 1954 514 1989 perferrentur.
548 1957 589 1983 Ex
599 1958 701 1992 quibus
713 1959 772 1993 cepi
785 1958 901 1985 fructum
913 1959 1005 1994 dupli-

210 1999 268 2017 cem
283 1992 405 2027 mihique
422 1993 449 2019 in
464 1996 661 2028 comparatione
676 1995 817 2022 difficilem
832 1996 865 2022 ad
880 1997 1006 2024 iudican-

210 2027 290 2055 dum:
313 2038 465 2056 amoremne
477 2039 538 2066 erga
551 2040 592 2057 me
604 2036 695 2063 tuum,
713 2042 745 2059 an
761 2034 883 2060 animum
894 2035 921 2060 in
935 2043 1005 2060 rem-

209 2065 348 2100 publicam
363 2066 450 2101 pluris
466 2068 662 2095 aestimandum
682 2075 814 2104 putarem.
855 2071 903 2097 Est
916 2073 1005 2098 omni-

210 2111 243 2129 no
258 2104 358 2138 patriae
374 2105 469 2131 caritas
485 2114 543 2132 meo
558 2106 669 2141 quidem
686 2107 787 2133 iudicio
803 2109 933 2135 maxima:
956 2109 1005 2135 sed

209 2148 284 2166 amor
294 2140 493 2177 voluntatisque
504 2144 656 2170 coniunctio
667 2143 729 2178 plus
738 2149 808 2171 certe
820 2145 899 2172 babet
909 2147 1005 2172 suavi-

210 2177 280 2204 tatis.
321 2179 412 2213 Itaque
427 2181 643 2207 commemoratio
659 2186 703 2207 tua
719 2186 843 2216 paternae
855 2184 1005 2210 necessitu-

209 2214 281 2241 dinis
292 2214 549 2252 benevolentiaeque
561 2219 628 2248 eius.
645 2227 727 2253 quam
738 2227 800 2255 erga
812 2228 854 2246 me
865 2229 879 2246 a
888 2221 1004 2254 pueritia
1025 2238 1033 2252 =,

209 2251 382 2283 contulisses,
399 2258 601 2290 ceterarumque
618 2264 720 2287 rerum,
738 2265 807 2291 quae
823 2257 856 2283 ad
872 2266 931 2284 eam
941 2266 1005 2284 sen·
1025 2271 1026 2277 κ

209 2289 319 2315 tentiam
330 2290 508 2324 pertinebant,
516 2292 702 2319 incredibilem
714 2293 784 2320 mihi
795 2293 922 2321 laetitiam
934 2299 1005 2321 attu—

210 2325 306 2353 lerunt.
346 2328 371 2353 2.
396 2328 498 2355 Rursus
508 2329 651 2356 declaratio
662 2331 746 2356 animi
757 2331 809 2362 tui,
827 2340 909 2366 quem
920 2332 1004 2358 habe-

209 2370 251 2388 res
261 2363 294 2389 de
306 2364 454 2398 republica,
467 2375 603 2402 quemque
615 2367 757 2394 habiturus
768 2377 841 2394 esses
849 2389 855 2399 ,
869 2369 936 2395 mihi
948 2373 1004 2396 erat

197 2400 420 2428 iucundissima:
432 2411 517 2438 eoque
528 2405 613 2430 maior
622 2409 678 2431 erat
689 2404 754 2431 haec
765 2404 873 2436 laetitia,
886 2406 959 2441 quod
969 2406 1003 2432 ad

209 2435 254 2461 illa
266 2439 402 2471 superiora
414 2440 566 2467 accedebat.
602 2442 691 2476 Itaque
703 2446 727 2468 te
739 2451 791 2468 non
803 2442 892 2469 hortor
902 2443 1000 2475 solum,

210 2473 247 2498 mi
258 2473 365 2505 Plance,
381 2476 428 2502 sed
440 2477 518 2511 plane
529 2479 609 2504 etiam
619 2487 678 2509 oro,
694 2478 767 2513 quod
778 2478 829 2505 feci
842 2480 884 2506 his
896 2479 1000 2511 litteris,

209 2509 310 2543 quibus
326 2515 353 2537 tu
369 2511 566 2541 humanissime
582 2515 757 2550 respondisti,
780 2521 810 2542 ut
830 2521 881 2543 tota
902 2522 1000 2549 mente,

209 2547 336 2581 omnique
355 2550 438 2576 animi
459 2551 562 2585 impetu
583 2553 611 2578 in
632 2552 827 2587 rempublicam
848 2554 1000 2581 incumbas.
1023 2574 1025 2585 .

210 2582 338 2614 Nihilest,
347 2586 418 2618 quod
431 2587 479 2613 tibi
491 2589 584 2615 maiori
596 2589 694 2615 fructui
705 2589 859 2624 gloriaeque
870 2599 929 2617 esse
939 2600 1003 2626 pos-
1023 2593 1025 2603 ¹

929 98 959 124 T.
994 97 1268 124 CtCEnoxts

1034 168 1037 200 ζ
1059 167 1223 203 praeclarius
1234 173 1278 194 aut
1290 170 1481 203 praestantius,
1498 178 1578 204 quam
1590 170 1623 196 de
1634 171 1770 206 republica
1782 171 1850 198 benc

1034 202 1036 212 ¹
1060 206 1166 231 ruere-ri.
1195 208 1219 231 3.
1237 205 1331 232 Adhuc
1343 207 1414 232 enirn
1426 221 1460 226 -—
1473 208 1571 241 patitur
1583 212 1625 234 tua
1638 217 1742 235 numina
1755 209 1852 235 buma-

1060 243 1129 269 nitas
1139 247 1165 268 et
1176 243 1319 277 sapientia,
1334 252 1388 271 me,
1402 243 1473 278 quod
1486 245 1607 272 seutiam.
1622 244 1705 272 libere
1716 245 1804 272 dicere
1815 261 1852 266 —

1036 298 1037 307 ,
1061 279 1163 305 fortuna
1184 280 1344 315 suffragante
1362 280 1462 306 videris
1478 290 1518 307 ren
1535 282 1665 308 maximas
1676 288 1848 310 consecutus:

1036 332 1037 336 =
1059 316 1131 351 quod
1143 326 1307 351 quamquam
1319 318 1376 343 sine
1390 318 1485 343 virtute
1497 327 1547 344 non
1558 320 1705 353 potuisses:
1719 325 1806 346 tamen
1818 329 1853 347 ex

405 838 492 870 Quare
504 839 526 865 si
539 844 584 865 aut
595 839 671 866 aliter
681 840 818 869 sentirem.
835 845 904 867 certe
916 840 1009 866 admo-
1037 850 1038 855 ¹

209 2620 257 2646 sit:
279 2629 327 2647 nec
347 2622 496 2658 quidquam
517 2633 551 2651 ex
569 2626 696 2652 omnibus
718 2626 799 2652 rebus
818 2627 945 2654 humanis
962 2633 1002 2655 est
1024 2638 1025 2647 ¹

1061 354 1176 380 maxima
1190 359 1262 388 parte
1272 363 1315 383 ea,
1331 363 1400 389 quae
1411 364 1439 380 es
1451 355 1576 389 adeptus,
1595 355 1714 382 fortunae
1725 358 1852 391 tempori-

1061 391 1165 425 busqu«¹
1179 391 1342 417 tribuuntur.
1384 392 1429 418 llis
1441 393 1606 427 temporibus
1617 393 1788 420 difficillimis
1800 395 1853 420 rei-

1036 425 1037 447 l
1060 428 1198 463 publicae,
1215 428 1350 463 quidquid
1366 429 1539 459 subveneris,
1558 429 1584 456 id
1599 431 1649 456 erit
1661 436 1743 457 totum
1755 437 1780 457 et
1791 440 1853 466 pro-

1061 467 1149 500 prium
1163 471 1248 491 tuum.
1290 465 1448 492 lut-redibile
1459 471 1500 493 est
1511 468 1632 493 omnium
1644 468 1758 494 civium.
1774 468 1852 495 latro-

1061 503 1142 529 nibus
1157 503 1290 538 exceptis,
1307 503 1400 529 odium
1418 504 1443 530 in
1461 504 1619 530 Antonium:
1642 514 1736 541 magna
1751 514 1813 540 spes
1825 506 1851 533 in

1060 545 1097 570 te,
1114 545 1139 566 et
1156 541 1181 566 in
1197 545 1241 566 tuo
1252 541 1370 566 exercitu
1382 549 1476 576 magna
1488 542 1659 576 exspectatio.
1699 543 1792 573 Cuius.
1805 551 1853 578 per

1059 578 1136 607 deos,
1159 578 1258 613 gratiae
1277 577 1432 612 gloriaeque
1447 587 1511 604 cave
1532 584 1638 613 tempus
1658 580 1773 606 amittas.
1806 580 1852 606 Sic

1061 623 1163 642 moneo.
1178 620 1205 641 ut
1218 615 1317 641 filiurn:
1334 616 1373 640 sic·
1385 614 1469 645 faveo,
1483 621 1512 642 ut
1523 616 1603 642 mibi:
1625 617 1664 643 sic
1676 617 1773 647 boi-tor.
1788 623 1816 644 ut
1826 622 1852 643 et

1060 661 1107 687 pro
1119 653 1201 687 patria
1214 657 1239 678 et
1250 653 1456 678 amicissimum.

1114 721 1150 742 Vl.
1171 722 1188 742 A
1196 722 1246 742 RG.
1262 721 1367 742 Plancum
1383 721 1496 746 hortatur,
1515 726 1538 742 ut
1553 722 1654 747 “iungat
1673 730 1697 743 ιε
1715 729 1728 743 ι
1745 722 1852 743 non-ieme

1060 755 1164 776 mulorum
1176 763 1292 784 pact-mque
1303 756 1384 776 =irtute
1395 756 1481 783 potina,
1492 763 1555 783 quum
1566 757 1632 777 nmi-
1643 757 1724 784 ponitis
1735 759 1851 785 parandum

1060 798 1109 812 ene
1119 791 1163 811 nit-i
1174 792 1312 819 persuadeat.
1350 794 1436 814 ntum-z.
1446 793 1512 813 Paua,
1523 794 1584 811 uiam
1595 801 1641 811 mn.
1653 797 1706 816 711.)

1261 836 1428 863 CtCERO
1468 837 1657 864 PLANCO.

1118 881 1140 905 4.
1165 873 1244 910 Quae
1262 879 1366 905 locutus
1380 884 1419 905 est
1431 879 1546 905 Furnius
1562 884 1650 906 noster
1663 879 1696 905 de
1707 881 1796 906 animo
1807 886 1852 907 tuo

1061 917 1087 942 in
1100 916 1342 950 rempublicam,ea
1354 917 1507 952 gratissima
1519 916 1626 942 fuerunt
1637 918 1750 945 senatui.
1765 926 1852 952 popu-

1062 953 1139 988 loque
1152 954 1268 980 Romano
1280 954 1480 988 probatissima;
1495 962 1564 988 quae
1575 959 1662 980 autem
1675 955 1796 980 recitatae
1809 955 1852 981 lit-

1061 995 1129 1017 terae
1141 991 1242 1017 suntin
1254 996 1356 1021 senatu,
1371 999 1540 1025 nequaquam
1552 992 1701 1017 consentire
1712 1000 1773 1017 cum
1785 992 1852 1018 Fur-

1037 1052 1038 1057 ,
1061 1029 1098 1054 nii
1110 1029 1227 1054 oratione
1239 1028 1312 1054 visae
1324 1032 1396 1054 sunt.
1419 1028 1493 1054 Pacis
1505 1028 1576 1054 enim
1589 1032 1679 1054 auctor
1689 1037 1756 1058 eras,
1765 1037 1851 1063 quum

1059 1065 1160 1099 collega
1173 1070 1243 1095 tuuS.
1261 1065 1301 1091 vir
1311 1065 1487 1096 clarissimus,
1501 1073 1514 1091 a
1527 1064 1691 1091 foedissimis
1704 1065 1852 1092 latronibus

1059 1102 1239 1134 obsideretur;
1262 1103 1310 1136 qui
1326 1107 1372 1128 aut
1387 1103 1482 1136 positis
1496 1103 1578 1128 armis
1592 1110 1684 1137 pacem
1700 1107 1788 1137 petere
1804 1103 1852 1129 de-

1059 1139 1123 1166 bent
1133 1144 1186 1169 aut,
1195 1139 1218 1165 si
1230 1144 1380 1174 pugnantes
1390 1148 1448 1165 eam
1460 1138 1604 1174 postulant.
1613 1141 1722 1166 victoria
1729 1148 1790 1175 pax,
1799 1149 1850 1167 non

1059 1177 1180 1211 pactione
1191 1176 1318 1211 parienda
1328 1181 1376 1202 est.
1408 1176 1459 1203 Sed
1470 1176 1503 1203 de
1515 1185 1578 1211 pace
1591 1175 1691 1203 litterae
1703 1177 1744 1203 vel
1757 1177 1851 1212 Lepidi

1059 1213 1101 1240 vel
1114 1218 1173 1240 tuae
1184 1222 1265 1248 quam
1278 1214 1304 1240 in
1319 1218 1420 1248 partem
1435 1218 1558 1249 acceptae
1574 1214 1641 1244 sint,
1662 1222 1696 1241 ex
1710 1215 1768 1241 viro
1781 1216 1852 1250 opti-

1059 1260 1111 1282 mo,
1126 1250 1204 1277 fratre
1216 1255 1270 1282 tuo,
1283 1256 1309 1277 et
1319 1260 1353 1278 ex
1363 1250 1392 1278 C.
1406 1251 1504 1278 Furnio
1515 1252 1614 1286 poteris
1625 1260 1794 1287 cognoscere.
1826 1254 1849 1278 Ξ.

1058 1289 1099 1315 Me
1110 1293 1198 1315 autem
1209 1288 1318 1323 impulit
1329 1289 1367 1315 tui
1378 1289 1487 1319 caritas,
1501 1293 1542 1319 ut,
1560 1297 1725 1323 quamquam
1740 1298 1788 1315 nec
1802 1289 1851 1316 tibi

1059 1326 1112 1360 ipsi
1123 1325 1268 1352 consilium
1279 1325 1397 1357 deesset,
1415 1331 1440 1352 et
1451 1325 1553 1356 fratris,
1571 1326 1719 1361 Furniique
1734 1326 1852 1353 benevo-

1059 1362 1140 1390 lentia
1156 1362 1298 1398 fidelisque
1314 1363 1455 1398 prudentia
1472 1363 1521 1390 tibi
1536 1368 1641 1398 praesto
1658 1369 1729 1390 esset
1751 1363 1849 1393 futura,

1059 1400 1156 1427 vellem
1173 1405 1259 1427 tamen
1276 1409 1350 1427 meae
1365 1409 1474 1436 quoque
1488 1401 1652 1427 auctoritatis
1663 1409 1710 1435 pro
1725 1400 1851 1436 plurimis

1059 1438 1157 1464 nostris
1179 1437 1426 1464 necessitudinibus
1446 1443 1618 1473 praeceptum
1643 1438 1677 1464 ad
1698 1443 1722 1464 te
1742 1437 1850 1473 aliquod

1058 1475 1209 1510 pervenire.
1250 1475 1333 1502 Crede
1344 1476 1427 1511 igitur
1437 1475 1519 1506 mihi,
1536 1475 1645 1506 Plance,
1663 1483 1766 1505 omnes.
1783 1484 1851 1510 quos

1058 1513 1147 1539 adhuc
1167 1512 1267 1548 gradus
1287 1512 1427 1548 dignitatis
1447 1518 1607 1539 consecutus
1627 1513 1679 1543 sis,
1704 1513 1742 1545 (es
1762 1518 1850 1539 autem

1058 1549 1172 1584 adeptus
1182 1549 1387 1584 amplissimos,)
1403 1558 1448 1576 eos
1458 1550 1589 1577 bonorum
1601 1549 1731 1576 vocabula
1742 1549 1852 1576 habitu-

1058 1596 1114 1618 ros,
1133 1595 1184 1613 non
1196 1587 1336 1622 dignitatis
1347 1587 1478 1622 insignia,
1496 1588 1549 1613 nisi
1563 1591 1587 1613 te
1597 1595 1660 1613 cum
1672 1586 1793 1613 libertate
1803 1596 1852 1622 po-

1058 1623 1117 1659 puli
1127 1624 1253 1653 Romani,
1271 1628 1369 1650 etcum
1381 1628 1489 1650 senatus
1499 1624 1654 1650 auctoritate
1665 1625 1849 1650 coniunxeris.

1058 1661 1176 1697 Seiunge
1187 1666 1225 1691 te,
1242 1669 1356 1695 quaeso.
1372 1660 1518 1695 aliquando
1529 1660 1563 1687 ab
1574 1661 1621 1691 iis,
1639 1669 1701 1687 cum
1713 1661 1815 1696 quibus
1827 1666 1851 1687 te

1058 1707 1110 1725 non
1126 1703 1203 1725 tuum
1218 1698 1364 1728 iudicium,
1383 1698 1430 1724 sed
1441 1703 1591 1732 temporum
1603 1697 1691 1724 vincla
1703 1698 1852 1725 coniunxe-

1057 1740 1128 1762 runt.
1174 1737 1198 1762 3.
1225 1735 1383 1770 Complures
1406 1735 1434 1761 in
1459 1735 1658 1770 perturbatione
1685 1735 1850 1769 reipublicae

1057 1772 1182 1800 consules
1193 1772 1267 1802 dicti,
1281 1781 1396 1807 quorum
1407 1781 1485 1798 nemo
1496 1771 1645 1798 consularis
1657 1772 1779 1802 habitus,
1797 1773 1850 1799 nisi

1057 1811 1105 1845 qui
1116 1811 1206 1836 animo
1217 1810 1319 1836 exstitit
1330 1810 1356 1835 in
1369 1809 1564 1844 rempublicam
1574 1809 1719 1835 consulari.
1759 1809 1850 1836 Talem

1057 1849 1140 1883 igitur
1151 1852 1175 1874 te
1187 1855 1246 1873 esse
1256 1851 1371 1881 oportet,
1385 1847 1433 1881 qui
1444 1847 1563 1881 primum
1574 1852 1598 1872 te
1609 1846 1643 1872 ab
1655 1847 1800 1881 impiorum
1811 1847 1852 1873 ci-

1057 1886 1133 1911 vium
1144 1885 1183 1911 tui
1194 1883 1440 1910 dissimillimorum
1452 1884 1577 1910 societate
1593 1884 1734 1919 seiungas:
1752 1883 1851 1911 deinde

1056 1927 1081 1949 et
1101 1922 1206 1948 senatui
1227 1921 1360 1956 bonisque
1375 1920 1503 1947 omnibus
1518 1925 1666 1951 auctorem,
1688 1921 1848 1956 principem,

1056 1959 1154 1986 ducem
1166 1958 1308 1994 praebeas:
1321 1963 1464 1992 postremo,
1474 1963 1503 1984 ut
1508 1966 1601 1993 pacem
1612 1966 1671 1984 esse
1682 1957 1786 1984 iudices
1798 1967 1850 1985 non

1057 1997 1083 2023 in
1096 1997 1178 2023 armis
1189 1996 1298 2031 positis,
1315 1995 1363 2021 sed
1378 1995 1405 2022 in
1420 1995 1523 2021 abiecto
1533 2003 1668 2021 armorum
1677 1999 1702 2022 et
1711 1996 1850 2022 servitutis

1057 2039 1140 2060 metu.
1181 2034 1250 2060 Haec
1265 2033 1288 2059 si
1299 2037 1325 2059 et
1335 2040 1399 2068 ages
1409 2037 1436 2059 et
1445 2033 1544 2058 senties
1552 2053 1558 2063 ,
1575 2037 1633 2058 tum
1643 2033 1696 2058 eris
1708 2041 1760 2059 non
1771 2032 1850 2059 modo

1055 2070 1150 2098 consul
1166 2075 1192 2097 et
1206 2069 1370 2100 consularis,
1386 2069 1435 2096 sed
1450 2078 1565 2105 magnus
1580 2070 1660 2095 etiam
1675 2073 1702 2096 et
1715 2069 1809 2096 consul
1824 2075 1852 2096 et

1055 2108 1215 2135 consularis.
1255 2107 1301 2133 Sin
1313 2107 1398 2138 aliter,
1411 2112 1455 2134 tua
1465 2107 1493 2133 in
1503 2107 1564 2133 istis
1574 2105 1752 2141 amplissimis
1762 2107 1850 2133 nomi-

1056 2146 1138 2172 nibus
1149 2145 1281 2172 honorum
1292 2153 1345 2170 non
1356 2143 1436 2171 modo
1446 2143 1564 2180 dignitas
1575 2143 1650 2170 nulla
1659 2144 1722 2174 erit,
1739 2143 1788 2170 sed
1799 2144 1851 2170 erit

1055 2192 1162 2209 summa
1186 2181 1352 2208 deformitas.
1404 2182 1473 2208 Haec
1497 2180 1634 2215 impulsus
1662 2180 1848 2207 benevolentia

1055 2220 1153 2255 scripsi
1163 2218 1255 2254 paullo
1264 2219 1399 2251 severius3
1413 2227 1482 2254 quae
1493 2223 1521 2245 tu
1534 2216 1582 2254 [in]
1595 2217 1757 2252 experiendo
1767 2226 1797 2244 ea
1806 2226 1850 2244 ra-

1055 2258 1135 2288 tione,
1148 2265 1218 2292 quae
1229 2260 1254 2282 te
1265 2255 1347 2292 digna
1357 2261 1406 2287 est,
1419 2264 1483 2282 vera
1493 2263 1552 2282 esse
1563 2262 1718 2291 cognosces.
1743 2255 1774 2281 D.
1785 2263 1846 2281 xm.

1055 2294 1114 2321 Kal.
1129 2293 1240 2329 Aprilis.

1106 2396 1156 2417 VH.
1173 2395 1249 2416 ARG.
1270 2396 1377 2417 Caunum
1391 2394 1509 2415 brevitati·
1521 2394 1617 2419 imum,
1633 2397 1655 2414 et
1664 2392 1735 2414 studii
1744 2393 1767 2413 iu
1777 2399 1845 2420 remp.

1054 2430 1089 2451 sui
1099 2430 1172 2451 serius
1181 2430 1288 2457 patefacti
1298 2436 1402 2457 suamque
1411 2429 1540 2454 dignitatem
1549 2429 1691 2449 commendat„

1245 2467 1275 2489 (Ln
1283 2466 1383 2490 Hispania,
1392 2466 1460 2487 Pansa,
1468 2465 1532 2483 ffiru'o
1541 2471 1588 2482 coss.
1600 2467 1654 2483 7113

1208 2508 1416 2536 PLANCUS
1454 2507 1684 2536 CICERONI.

1109 2557 1132 2581 ⁴.
1154 2551 1238 2581 Plura
1258 2555 1308 2581 tibi
1328 2554 1361 2581 de
1380 2555 1448 2580 meis
1467 2552 1589 2580 consiliis
1603 2553 1749 2580 scriberem
1764 2553 1846 2580 ratio—

1053 2600 1168 2626 nemque
1179 2592 1302 2618 omnium
1312 2599 1401 2618 rerum
1412 2591 1551 2617 redderem
1562 2590 1714 2621 verbosius,
1722 2599 1776 2625 quo
1787 2598 1845 2616 ma-

1052 2629 1095 2664 gis
1107 2628 1249 2659 iudicares,
1257 2629 1347 2655 omnia
1357 2636 1400 2654 me
1411 2627 1576 2663 reipublicae
1586 2628 1762 2662 praestitisse,
1774 2635 1844 2663 quae
