1941 3052
205 163 252 186 :⁵00
777 160 818 184 ²22.
856 158 889 183 M.

206 231 353 264 intelligere
369 232 501 265 potuistis,
519 230 629 257 iudices,
646 237 677 254 vx
693 237 745 253 uno
759 228 870 254 crimine
884 227 995 253 Scaudi-

206 268 286 294 liano:
305 269 430 302 primum,
448 268 495 292 lim·
511 276 559 292 nou
576 275 634 289 vsa-v
650 266 745 290 ltomae
761 269 851 291 natum
865 264 898 290 (lc
912 265 997 290 socic-

205 310 255 330 tate
273 305 459 334 ‹tvvm-mrum,
482 313 531 329 non
551 303 584 327 ab
599 307 747 327 accusatore
762 302 866 332 fit-tuum
892 310 942 327 non
957 302 996 336 (ut

204 342 321 367 solemus
346 342 476 367 interdum
503 341 527 365 iu
551 339 752 364 defensionibus
775 338 873 372 dicere)
895 339 994 365 crimen

203 379 379 404 ‹inim-sticum
395 388 423 403 au·
439 376 618 405 verum-ulum,
637 385 687 401 non
703 384 735 401 ex
751 380 868 410 tempore
883 375 994 410 periculi

205 417 240 442 tui
256 417 443 445 constantium
467 414 512 439 sed
530 417 614 441 vetus.
631 413 759 444 agitatum
775 413 826 438 iam
841 417 866 438 et
881 417 905 438 te
920 421 996 447 prae-

205 458 256 478 tor·-
273 454 404 481 flavianum,
421 456 446 477 et
461 460 511 476 uon
526 451 559 475 ab
571 450 686 475 inimicis
699 450 794 475 llumac
804 451 992 484 compositum,

204 490 247 514 ‚ml
265 490 371 515 llomam
386 489 418 513 de
433 488 566 522 provincia
581 487 758 521 deportatum.
783 488 839 513 ΗΞ.
851 486 938 513 Simul
954 487 995 513 in-

203 527 285 558 telligi
303 530 385 560 potest
402 525 468 550 illud
480 525 557 550 istius
569 524 594 550 in
606 524 753 558 Apronium
764 524 895 554 studium,
909 524 994 558 Apro·
1016 550 1017 554 ,

202 564 237 589 nii
252 563 284 588 ‹l‹-
300 564 350 588 isto
364 571 414 588 non
431 562 509 587 modo
522 561 662 591 consessio,
681 570 772 587 verum
788 561 866 587 etiam
877 570 994 587 comme-

202 600 319 625 moratio.
360 599 459 625 Eodem
479 599 592 628 accedit,
613 598 684 633 quod
705 598 753 625 lioc
771 607 879 633 quoque
894 598 993 624 intelli-

201 646 260 667 gvrc
276 637 397 670 potestis,
418 637 499 662 istum
519 636 657 666 statuisse,
680 636 705 662 in
726 636 861 670 provincia
879 644 928 662 sua
946 644 994 662 cx-

201 674 370 700 istimationis
392 682 457 699 suae
480 673 624 704 iudicium,
650 678 722 699 extra
745 673 879 699 cohortem
903 681 990 704 suam,
1015 688 1016 691 =

199 711 420 737 committendum
436 710 520 736 fuisse
534 711 645 737 nemini.

254 748 333 774 Lxu.
355 748 453 783 Ecquis
472 753 512 774 est
530 747 624 778 iudex,
645 747 687 774 eui
707 756 758 774 non
773 748 806 774 ab
821 747 897 774 initio
910 747 993 773 decu-

199 786 268 811 mani
283 785 404 811 criminis
418 793 576 820 persuasum
591 786 640 815 sit,
660 785 741 811 istum
757 785 784 811 in
799 790 930 811 aratorum
945 785 993 811 bo·
1014 810 1016 814 ,

199 831 230 848 na
246 822 418 857 fortunasque
432 822 563 857 impetum
580 821 692 848 secisse?
705 822 771 854 Quis
786 823 834 849 boc
849 832 901 848 non
915 831 948 849 ex
962 831 992 848 eo
1014 852 1015 860 ἵ

198 860 286 885 statim
302 860 442 891 iudicavit,
462 860 534 894 quod
547 859 665 890 ostendi,
686 859 767 885 istum
782 860 909 886 decumas
924 868 990 885 nova

198 896 255 932 lege
273 901 352 931 atquc
371 897 436 923 adeo
451 897 522 923 nulla
538 897 595 932 lege
608 901 697 923 contra
711 897 832 923 omnium
847 902 993 923 consuetu·
1014 918 1016 924 ,

197 934 286 960 dinem
306 938 385 969 atque
404 934 524 960 instituta
544 933 716 960 vendidisse?
749 935 805 960 ⁴43.
831 935 942 965 Verum,
965 938 993 960 ut
1014 934 1016 950 ¹

200 972 265 997 istos
279 980 328 1007 ego
342 971 443 997 iudices
459 976 510 997 tam
525 980 642 1001 severos,
659 976 710 998 tam
721 971 872 1007 diligentes,
889 976 941 997 tam
953 980 994 997 re-
1015 998 1016 1002 ,

201 1008 309 1043 ligiosos
324 1017 375 1034 non
391 1009 515 1035 babeam:
537 1009 628 1043 ecquis
643 1012 695 1039 est,
716 1017 748 1035 cx
763 1009 922 1035 iniuriarum
937 1017 994 1034 ma-

198 1045 353 1087 gnitudine,
376 1046 542 1080 improbitate
561 1046 740 1076 decretorum,
762 1045 922 1072 iudiciorum
941 1046 994 1072 ini·-

199 1083 313 1117 quitate,
334 1083 380 1117 qui
401 1083 449 1109 boe
468 1092 519 1109 non
539 1083 696 1109 iamdudum
715 1083 838 1109 statuerit
851 1087 877 1109 et
890 1083 994 1109 iudica·
1014 1100 1017 1108 v

200 1119 251 1145 rit‘?
278 1120 362 1146 litium
382 1129 445 1146 sane
463 1121 498 1146 sit
515 1120 613 1155 aliquis
628 1120 784 1146 dissolutior
797 1119 824 1146 in
839 1120 990 1151 iudicando.

201 1157 303 1192 legum,
319 1157 413 1188 officii,
430 1158 592 1191 reipublicae
606 1158 737 1184 sociorum
752 1161 831 1193 atque
846 1158 992 1184 amicorum

200 1194 388 1229 negligentior:
409 1193 493 1230 quid‘?
510 1195 533 1221 is
552 1195 670 1229 possitne
683 1194 716 1220 de
730 1195 810 1221 istius
825 1195 992 1229 improbitate

199 1231 330 1262 dubitare,
346 1240 432 1266 quum
447 1237 517 1258 tanta
533 1231 604 1258 lucra
619 1231 695 1262 facta,
712 1236 764 1258 tam
776 1232 882 1267 iniquas
893 1232 993 1266 pactio-

199 1277 260 1299 nes,
286 1269 311 1294 vi
330 1274 355 1294 et
373 1274 445 1295 metu
463 1278 603 1304 expressas
622 1270 789 1305 cognoverit;
816 1277 902 1304 quum
922 1274 992 1295 tanta

199 1306 315 1340 praemia
329 1306 450 1332 civitates
464 1307 491 1332 vi
505 1311 584 1341 atque
599 1307 720 1341 imperio.
736 1306 873 1342 virgarum
884 1314 913 1332 ac
922 1315 993 1332 mor-

199 1343 232 1369 tis
247 1347 318 1369 metu
335 1352 385 1369 non
401 1343 478 1370 modo
489 1344 605 1378 Apronio
618 1348 697 1378 atque
711 1344 769 1370 eius
783 1343 929 1374 similibus,
946 1352 993 1370 ve-

198 1389 258 1406 rum
277 1380 355 1406 etiam
371 1380 491 1407 Veneriis
509 1381 594 1407 servis
613 1380 675 1407 dare
694 1380 815 1407 coactas?
842 1382 899 1407 ⁴44.
914 1380 992 1413 Quod

198 1417 220 1443 si
245 1417 307 1452 quis
330 1417 462 1444 sociorum
485 1418 662 1445 incommodis
685 1418 776 1444 minus
802 1422 938 1450 movetur;
967 1418 991 1444 si

197 1463 278 1489 quem
289 1459 420 1481 aratorum
433 1454 519 1490 fugae,
536 1455 708 1487 calamitates,
724 1455 828 1487 exsilia,
844 1455 991 1490 suspendia

196 1491 313 1526 denique
328 1501 379 1518 non
394 1497 563 1527 permovent:
584 1502 636 1519 non
651 1501 762 1527 possum
775 1492 908 1524 dubitare,
923 1493 991 1528 quin

196 1528 219 1554 is
234 1533 331 1560 tamen,
347 1538 433 1564 quum
448 1534 576 1556 vastatam
591 1530 720 1561 Siciliam,
736 1529 841 1556 relictos
855 1538 942 1566 agros,
958 1538 991 1557 ex

196 1566 335 1592 civitatum
359 1566 453 1593 litteris
477 1571 502 1593 et
524 1567 635 1602 epistola
655 1568 683 1593 L.
704 1567 803 1594 Metelli
826 1568 988 1603 cognoverit,

196 1607 306 1634 statuat,
327 1603 383 1630 fieri
402 1613 454 1630 non
473 1613 565 1638 posse,
586 1609 615 1631 ut
633 1604 666 1631 de
683 1605 735 1631 isto
753 1612 804 1631 non
819 1605 991 1631 severissime

195 1640 338 1667 iudicetur.
379 1641 435 1667 Erit
449 1642 529 1668 etiam
543 1641 651 1676 aliquis,
667 1642 716 1676 qui
729 1641 794 1668 haec
807 1642 896 1668 omnia
909 1641 991 1668 dissi-

196 1677 299 1704 mulare
317 1687 347 1704 ac
365 1678 499 1714 negligere
517 1679 616 1713 possit!
647 1678 731 1705 Attuli
754 1679 913 1713 sponsiones
931 1679 991 1714 ipso

195 1720 334 1750 praesente
349 1715 429 1741 factas
443 1715 476 1742 de
489 1715 662 1742 decumarum
677 1716 800 1742 societate
814 1716 848 1742 ab
862 1716 920 1750 ipso
931 1725 992 1750 pro-

196 1751 295 1777 hibitas
313 1752 435 1779 iudicari.
475 1752 546 1785 Quid
564 1757 617 1783 est,
645 1753 718 1788 quod
738 1753 824 1787 possit
845 1754 990 1788 quisquam

196 1788 365 1815 manifestius
381 1789 429 1815 hoc
442 1789 612 1816 desiderare?
638 1791 696 1817 Non
708 1790 815 1821 dubito,
831 1791 898 1825 quin
913 1790 990 1816 vobis

195 1825 384 1857 satisfecerim,
404 1826 517 1853 iudices.
557 1827 747 1854 Verumtamen
765 1827 919 1863 progrediar
933 1827 991 1854 lon-

194 1863 271 1898 gius:
287 1871 339 1889 non
354 1863 506 1890 mehercule
519 1873 574 1899 quo
588 1865 663 1891 vobis
674 1865 759 1900 magis
771 1865 819 1891 boc
829 1864 991 1900 persuadea-

196 1905 251 1931 tur,
271 1908 354 1935 quam
372 1901 423 1927 iam
444 1909 604 1935 persuasum
623 1910 682 1928 esse
695 1901 812 1928 confido:
840 1901 887 1928 sed
902 1906 931 1928 ut
945 1901 990 1928 ille

196 1937 340 1972 aliquando
354 1938 537 1973 impudentiae
550 1947 615 1965 suae
634 1938 714 1965 finem
735 1939 826 1969 faciat,
846 1939 991 1974 aliquando

195 1974 313 2005 desinat,
329 1983 358 2001 ea
372 1983 400 2001 se
415 1979 507 2010 putare
522 1985 600 2011 posse
614 1984 714 2007 emere,
729 1985 798 2011 quae
813 1977 870 2011 ipse
884 1984 991 2010 semper

196 2011 290 2037 babuit
305 2012 421 2043 venalia,
438 2012 531 2044 fidem,
548 2012 750 2042 iusiurandum.
768 2014 914 2044 veritatem,
931 2013 991 2039 offi—

194 2049 280 2080 cium,
301 2049 471 2084 religionem3
495 2049 619 2077 desinant
636 2051 714 2077 amici
733 2051 792 2077 eius
811 2059 841 2077 ea
858 2050 987 2081 dictitare,

194 2094 264 2120 quae
277 2085 449 2118 detrimento,
466 2087 598 2119 maculae,
618 2087 750 2119 invidiae,
771 2087 898 2114 infamiae
912 2087 990 2114 nobis

194 2123 320 2149 omnibus
335 2132 392 2149 esse
403 2124 515 2158 possint.
539 2126 596 2151 ⁴45.
608 2125 642 2151 At
655 2125 701 2160 qui
715 2125 812 2151 amici?
824 2124 846 2151 O
861 2125 988 2151 miserum

194 2164 274 2194 atque
287 2160 451 2187 invidiosum
465 2161 651 2197 offensumque
665 2170 810 2196 paucorum
821 2161 899 2197 culpa
910 2167 989 2197 atque

194 2197 354 2233 indignitate
375 2198 496 2225 ordinem
519 2199 696 2225 senatorium!
722 2199 819 2225 Albam
844 2199 989 2226 Aemilium

194 2234 331 2261 sedentem
351 2235 378 2261 in
396 2235 520 2262 faucibus
538 2236 643 2263 macelli
666 2236 739 2271 loqui
763 2237 864 2271 palam,
890 2237 989 2263 vicisse

194 2271 312 2303 Verrem,
328 2277 431 2307 emptos
446 2273 542 2300 habere
557 2273 667 2305 iudices,
683 2274 767 2300 alium
781 2273 837 2300 u-S
851 2282 916 2300 cccc
926 2273 990 2300 mil·
1010 2292 1012 2300 Α

197 2308 281 2340 libus,
297 2309 380 2336 alium
394 2309 459 2336 H-S
473 2318 510 2341 ω,
527 2319 607 2346 quem
623 2311 748 2342 minimo.
765 2319 822 2337 ccc.
862 2310 950 2346 Atque
963 2311 989 2337 ei

194 2354 279 2379 quum
294 2355 453 2381 responsum
467 2352 549 2379 esset,
570 2347 627 2374 fieri
644 2357 697 2375 non
715 2356 808 2383 posse:
836 2347 935 2374 multos
950 2352 989 2375 te-

195 2387 248 2408 stes
263 2391 321 2410 esse
335 2383 465 2416 dicturos,
486 2393 529 2411 me
543 2389 676 2420 praeterea
689 2393 800 2412 caussae
813 2394 866 2412 non
879 2385 990 2412 defutu-

195 2428 268 2446 rum:
290 2422 347 2447 licet
361 2423 455 2453 hercle,
477 2422 578 2457 inquit,
599 2431 684 2449 omnes
701 2426 786 2449 omnia
804 2425 892 2450 dicant
910 2425 937 2448 in
954 2424 989 2448 it-

196 2457 261 2482 Ium:
280 2460 330 2483 nisi
348 2461 384 2484 ita
402 2467 444 2485 res
461 2462 597 2494 manifesta
614 2462 663 2485 erit
680 2461 776 2491 allata,
795 2465 824 2486 ut
840 2461 989 2493 responderi

196 2495 259 2518 nihil
270 2497 362 2526 possit,
380 2499 496 2523 vicimus.
537 2497 594 2523 446.
613 2497 684 2523 Bene
697 2497 749 2528 ais,
766 2496 846 2523 Alba:
866 2496 900 2523 ad
913 2501 986 2522 tuam

196 2530 301 2556 veniam
319 2532 507 2560 conditionem.
547 2533 620 2560 Nihil
639 2537 717 2568 putas
735 2533 823 2560 valere
837 2534 865 2560 in
878 2533 987 2560 iudiciis

195 2567 383 2599 coniecturam,
399 2570 466 2596 nihil
481 2571 671 2605 suspicionem,
687 2570 755 2596 nihil
765 2575 825 2597 ante
835 2575 907 2597 actae
916 2571 987 2596 vitae

195 2604 431 2637 existimationem,
452 2607 519 2633 nihil
538 2607 669 2634 bonorum
686 2608 805 2634 virorum
824 2607 984 2638 testimonia,
1008 2617 1010 2631 ι

197 2639 263 2666 nihil
282 2641 420 2668 civitatum
438 2645 605 2671 auctoritates
623 2653 653 2670 ac
671 2644 784 2671 litteras:
812 2653 854 2670 res
873 2643 988 2670 manife-
1008 2641 1017 2666 ἠ

195 2681 250 2703 stas
268 2678 385 2712 quaeris.

425 2680 482 2707 Non
500 2689 599 2716 quaero
616 2681 719 2707 iudices
737 2681 892 2714 Cassianosg
913 2685 987 2707 vete-
1008 2677 1017 2691 ¹

926 157 955 183 T.
989 156 1265 184 ctctsttoxts

1018 236 1019 239 ¹
1047 236 1100 253 rem
1117 227 1276 254 iudiciorum
1291 229 1457 255 severitatem
1473 238 1523 255 non
1539 230 1659 264 requiro,
1681 234 1794 256 vestram
1809 230 1836 257 in

1048 265 1096 290 boc
1110 264 1203 294 fidem.
1224 264 1397 300 dignitatem,
1417 265 1572 301 religionem
1586 267 1613 293 in
1629 266 1771 293 iudicando
1785 276 1836 294 non

1024 306 1025 314 ¹
1048 300 1172 335 imploro:
1189 301 1283 328 Albam
1299 302 1402 328 habebo
1416 302 1540 333 iudicem.
1555 312 1617 330 eum
1632 304 1776 333 bominem.
1788 305 1835 339 qui

1024 342 1025 347 ¹
1046 347 1074 364 se
1092 346 1211 364 scurram
1235 339 1465 373 improbissimum
1484 340 1630 367 existimari
1655 340 1725 367 vult:
1751 350 1797 376 qu.
1822 351 1837 367 a

1046 375 1146 401 scurris
1160 376 1248 410 potius
1263 385 1368 410 semper
1381 376 1522 411 gladiator.
1546 387 1627 413 quam
1641 386 1731 404 scurra
1744 387 1805 413 app«
1830 393 1837 398 -

1048 411 1116 438 latus
1130 413 1174 438 sit.
1196 413 1308 439 Afl'eram
1323 422 1379 440 rem
1393 414 1525 440 eiusmodi
1541 415 1567 441 in
1581 414 1710 444 decumis.
1729 420 1756 441 ut
1770 414 1828 442 Ati»

1046 449 1166 480 fateatur.
1184 449 1265 476 istum
1281 451 1306 476 in
1321 459 1348 476 re
1363 450 1533 477 frumentaria
1544 452 1606 478 etin
1617 452 1694 478 bonis
1704 457 1836 479 aratorum

1045 491 1134 521 aperte
1152 486 1294 521 palamque
1311 496 1370 514 esse
1389 487 1554 522 praedatum.
1594 489 1685 516 thtt.
1708 490 1763 516 047.
1788 490 1838 516 De-

1045 532 1137 550 cumas
1163 525 1220 559 agri
1248 525 1368 551 Leontini
1396 533 1493 560 magno
1517 524 1582 551 dicit
1611 534 1640 552 se
1671 526 1834 553 vendidisse.

1022 572 1024 580 ν
1044 560 1154 587 Ostendi
1174 562 1225 587 iam
1245 561 1311 587 illud
1331 562 1419 593 initio,
1444 571 1495 588 non
1513 562 1722 589 existimandum
1741 572 1838 599 magno

1022 605 1023 615 ¹
1046 598 1198 624 vendidisse
1213 607 1284 628 eum.
1300 599 1347 634 qui
1363 599 1444 625 verbo
1457 599 1583 625 decumas
1598 600 1755 631 vendiderit,
1771 610 1797 627 re
1811 607 1837 627 et

1044 636 1195 662 conditione
1213 641 1238 662 et
1258 636 1314 669 lege
1332 641 1357 662 et
1371 636 1456 663 edicto
1470 641 1495 662 et
1510 636 1614 663 licentia
1627 637 1835 665 decumanorum

1043 672 1170 699 decumas
1193 673 1340 699 aratoribus
1365 673 1452 699 nullas
1476 673 1591 709 reliquas
1611 674 1710 701 fecerit.
1751 675 1836 702 Etiam

1014 707 1016 711 ’
1045 709 1112 736 illud
1130 710 1248 741 ostendi,
1270 711 1423 737 vendidisse
1442 710 1508 737 alios
1526 720 1622 747 magno
1639 711 1765 738 decumas
1779 721 1836 748 agn

1045 747 1166 774 Leontini
1187 752 1389 783 ceterorumque
1411 757 1548 784 agrorum,
1573 753 1598 775 et
1621 748 1678 784 lege
1700 749 1836 776 llierouioe

1045 784 1211 811 vendidisse:
1227 789 1253 811 et
1267 784 1352 820 pluris
1366 786 1455 816 ctiam,
1470 794 1552 820 quam
1568 791 1592 812 te
1607 786 1772 818 vendidisse3
1789 795 1837 813 nec

1043 826 1170 848 aratorem
1189 830 1354 857 quemquam
1372 832 1431 849 esse
1444 828 1582 858 questum.
1622 824 1676 850 Nec
1689 824 1760 850 enim
1775 823 1834 854 fuit,

1044 858 1116 894 quod
1129 859 1275 894 quisquam
1289 860 1365 895 queri
1380 865 1482 895 posset,
1502 869 1586 895 quum
1603 859 1660 896 lege
1674 861 1837 895 aequissime

1044 897 1142 931 scripta
1157 897 1289 928 venirentg
1306 906 1393 932 neque
1407 897 1476 923 illud
1490 906 1619 933 umquam
1633 899 1742 924 aratoris
1755 898 1837 925 inter-

1045 933 1104 964 fuit,
1120 934 1213 968 quanti
1227 933 1355 960 decumae
1369 935 1498 961 venirent.
1525 935 1581 961 Non
1596 935 1667 961 enim
1682 936 1717 961 ita
1730 940 1779 966 est,
1797 940 1834 966 ut.

1043 971 1067 997 si
1081 979 1178 1007 magno
1192 971 1331 1002 venierint,
1348 971 1410 1006 plus
1423 976 1507 998 mator
1520 972 1627 1004 debeat;
1641 973 1664 998 si
1679 981 1769 1007 parvo,
1786 973 1837 999 mi-

1045 1017 1109 1034 nus:
1135 1013 1164 1034 ut
1182 1007 1314 1035 frumenta
1332 1013 1392 1035 nata
1410 1013 1486 1040 sunt,
1511 1009 1546 1035 ita
1563 1009 1691 1036 decumae
1709 1014 1835 1036 veneunt.

1044 1045 1161 1072 Aratoris
1175 1049 1264 1072 autem
1280 1046 1401 1077 interest.
1423 1046 1456 1072 ita
1475 1054 1504 1072 se
1521 1045 1654 1073 frumenta
1673 1046 1783 1077 habere,
1809 1052 1838 1073 ut.

1044 1082 1172 1109 decumae
1186 1091 1267 1118 quam
1282 1083 1399 1118 plurimo
1413 1084 1503 1110 venire
1517 1084 1630 1118 possint.
1669 1084 1738 1110 Dum
1751 1087 1838 1110 arator

1044 1128 1077 1146 ne
1087 1119 1149 1154 plus
1159 1119 1298 1146 decumam
1310 1120 1363 1152 det,
1379 1120 1487 1155 expedit
1497 1121 1520 1147 ei
1531 1120 1671 1147 decumam
1681 1129 1742 1147 esse
1754 1129 1835 1156 quam

1044 1157 1165 1183 maximi.
1207 1158 1263 1184 ΗΒ.
1283 1157 1381 1184 Verum
1397 1158 1454 1188 boc,
1471 1162 1500 1184 ut
1512 1158 1614 1192 opinor,
1629 1166 1689 1184 esse
1704 1159 1744 1184 vis
1757 1163 1837 1193 caput

1043 1193 1208 1221 defensionis
1223 1199 1295 1225 tuae,
1317 1203 1414 1230 magno
1428 1199 1452 1221 te
1465 1194 1592 1221 decumas
1611 1195 1778 1226 vendidisse,
1798 1200 1837 1222 at-

1043 1240 1096 1266 que
1110 1231 1222 1258 aliorum
1236 1231 1346 1266 quidem
1360 1240 1483 1267 agrorum
1499 1232 1666 1267 proportione
1681 1241 1777 1270 magno
1789 1232 1837 1261 de-

1043 1277 1136 1295 cumas
1151 1269 1319 1299 vendidisse,
1335 1270 1391 1304 agri
1406 1277 1468 1295 vero
1482 1271 1612 1303 Leontini,
1627 1272 1674 1306 qui
1688 1271 1835 1306 plurimum

1044 1305 1133 1335 efficit,
1150 1306 1230 1332 tritici
1244 1306 1363 1332 moditim
1377 1314 1448 1334 ccxli
1464 1308 1595 1335 millibus.
1627 1308 1655 1335 Si
1669 1308 1759 1339 doceo,
1775 1307 1837 1343 plu-

1043 1343 1080 1369 ris
1098 1342 1234 1378 aliquanto
1252 1343 1371 1378 potuisse
1391 1349 1415 1372 te
1433 1345 1548 1372 vendere
1562 1354 1648 1381 neque
1662 1345 1705 1372 his
1719 1345 1837 1372 voluisse

1043 1379 1174 1411 addicere,
1189 1381 1238 1416 qui
1251 1386 1340 1408 contra
1355 1383 1504 1417 Apronium
1519 1382 1669 1414 licerentur,
1685 1388 1711 1409 et
1720 1384 1837 1418 Apronio

1043 1417 1129 1444 multo
1143 1418 1263 1450 minoris,
1279 1427 1361 1454 quam
1371 1419 1431 1446 aliis
1442 1421 1569 1454 potueris,
1586 1420 1740 1446 tradidisse:
1752 1420 1775 1446 si
1787 1419 1837 1446 boc

1043 1454 1132 1486 doceo,
1147 1456 1278 1490 poteritne
1292 1461 1316 1482 te
1329 1457 1388 1491 ipse
1398 1456 1474 1487 Alba,
1491 1461 1554 1483 tuus
1567 1458 1773 1492 antiquissimus
1784 1465 1835 1484 non

1042 1492 1131 1519 solum
1145 1493 1257 1524 amicus,
1273 1502 1367 1520 verum
1381 1494 1460 1520 etiam
1475 1499 1583 1525 amator,
1599 1493 1754 1521 absolvere?

1098 1529 1190 1557 LXIV.
1205 1530 1276 1561 Dico.
1293 1531 1410 1566 equitem
1422 1531 1579 1563 Romanum,
1595 1531 1730 1558 bominem
1741 1532 1768 1558 in
1781 1531 1836 1567 pri-

1043 1567 1094 1593 mis
1108 1567 1260 1598 honestum,
1276 1567 1308 1600 Q.
1323 1568 1486 1600 Minucium,
1501 1577 1563 1595 cum
1576 1569 1621 1595 sui
1634 1569 1784 1600 similibus,
1802 1567 1836 1594 ad

1043 1604 1170 1631 decumas
1187 1605 1244 1640 agri
1258 1604 1380 1631 Leontini
1399 1605 1478 1632 tritici
1497 1605 1616 1632 modium
1635 1614 1689 1632 non
1705 1614 1761 1636 cm,
1782 1614 1834 1632 non

1043 1649 1140 1672 cincio,
1161 1650 1214 1668 non
1233 1649 1375 1673 ciocmcto,
1395 1641 1443 1668 sed
1460 1641 1494 1668 ad
1507 1651 1575 1669 unas
1588 1643 1671 1669 unius
1683 1643 1740 1678 agri
1753 1642 1836 1669 decu-

1042 1686 1100 1704 mas
1114 1679 1194 1705 tritici
1208 1678 1327 1705 modium
1341 1686 1402 1705 xxx
1416 1679 1500 1706 millia
1513 1679 1633 1706 voluisse
1645 1679 1756 1712 addere;
1772 1684 1797 1706 et
1810 1680 1835 1706 ei

1042 1720 1198 1750 potestatem
1213 1715 1319 1742 emendi
1334 1724 1386 1743 non
1401 1724 1460 1743 esse
1473 1716 1582 1748 factam,
1602 1725 1636 1744 ne
1649 1725 1691 1743 res
1705 1717 1789 1743 abiret
1802 1716 1836 1743 ab

1041 1753 1166 1788 Apronio.
1208 1754 1264 1779 ⁴49.
1284 1753 1386 1789 Negare
1399 1753 1462 1785 hoc,
1483 1754 1535 1780 nisi
1553 1753 1619 1781 forte
1637 1762 1733 1790 negare
1746 1755 1835 1781 omnia

1041 1790 1217 1821 constituisti,
1233 1789 1308 1817 nullo
1321 1790 1400 1817 modo
1412 1795 1497 1826 potes.
1537 1791 1627 1818 Palam
1641 1800 1683 1818 res
1695 1796 1771 1827 gesta
1784 1796 1834 1822 est,

1042 1828 1160 1854 maximo
1172 1831 1318 1859 conventu,
1335 1827 1489 1863 Syracusis:
1509 1828 1586 1855 testis
1603 1832 1643 1854 est
1660 1833 1713 1855 tota
1725 1829 1836 1863 provin-

1041 1864 1094 1896 cia,
1120 1868 1258 1899 propterea
1278 1864 1351 1899 quod
1369 1865 1490 1900 undique
1507 1865 1540 1892 ad
1559 1865 1685 1892 emendas
1707 1865 1835 1892 decumas

1041 1901 1128 1928 solent
1145 1909 1176 1928 eo
1193 1902 1346 1928 convenire.
1386 1901 1463 1934 Quod
1477 1902 1535 1928 sive
1548 1901 1639 1929 fateris
1653 1903 1711 1929 sive
1723 1903 1836 1929 convin-

1041 1939 1123 1969 ceris,
1137 1943 1203 1973 quot
1216 1943 1242 1965 et
1254 1947 1335 1974 quam
1350 1939 1500 1966 manifestis
1514 1940 1541 1966 in
1556 1939 1636 1966 rebus
1650 1944 1766 1971 teneare,
1783 1948 1835 1966 nou

1042 1975 1136 2002 vides?
1161 1975 1280 2002 Primum
1300 1980 1373 2002 tuam
1391 1985 1447 2002 rem
1466 1976 1539 2003 illam
1557 1982 1583 2003 et
1599 1976 1725 2012 praedam
1739 1976 1833 2004 fuisse.

1041 2013 1122 2044 Nam,
1142 2013 1172 2039 ni
1185 2013 1220 2039 ita
1233 2017 1318 2045 esset,
1337 2021 1385 2039 cur
1399 2017 1427 2040 tu
1440 2013 1589 2048 Apronium
1603 2013 1733 2045 malebas,
1752 2022 1834 2049 quem

1038 2061 1132 2080 omnes
1147 2057 1333 2088 procuratores
1348 2052 1377 2078 in
1394 2051 1518 2078 decumis
1533 2055 1611 2077 tuum
1623 2051 1761 2086 negotium
1771 2057 1836 2086 age-

1038 2098 1065 2116 re
1080 2089 1272 2125 loquebantur,
1292 2098 1375 2125 quam
1390 2089 1550 2119 Minucium,
1567 2086 1696 2114 decumas
1711 2087 1769 2122 agri
1784 2087 1836 2113 Le-

1037 2127 1124 2153 ontini
1144 2126 1270 2153 sumere?
1302 2125 1404 2153 Deinde
1419 2127 1585 2152 immensum
1601 2129 1681 2159 atque
1696 2124 1834 2150 inlinitum

1041 2162 1146 2188 lucrum
1159 2171 1218 2188 esse
1232 2162 1343 2188 factum.
1376 2162 1444 2189 Nam
1457 2162 1482 2188 si
1493 2169 1554 2188 m
1567 2160 1700 2199 [millibus
1714 2161 1833 2188 modium

1041 2197 1130 2235 tritici]
1147 2203 1176 2225 tu
1189 2203 1339 2225 commotus
1352 2207 1405 2226 non
1418 2207 1506 2225 esses:
1525 2204 1596 2225 certe
1613 2198 1663 2226 hoc
1680 2198 1752 2225 idem
1767 2197 1833 2224 lucri

1040 2236 1176 2263 Minucius
1193 2236 1311 2271 Apronio
1328 2236 1442 2262 libenter
1459 2235 1591 2266 dedisset,
1610 2235 1635 2262 si
1652 2234 1698 2262 ille
1715 2235 1834 2270 accipere

1041 2273 1179 2300 voluisset.
1222 2274 1279 2299 ¹50.
1303 2272 1435 2305 Quantam
1457 2273 1540 2309 igitur
1560 2271 1601 2299 illi
1621 2280 1698 2307 spem
1721 2271 1834 2307 praedae

1039 2310 1203 2345 propositam
1216 2310 1411 2336 arbitrabamur
1423 2309 1519 2342 fuisse,
1534 2309 1582 2345 qui
1592 2313 1695 2336 tantum
1705 2317 1833 2344 praesens

1041 2348 1154 2378 lucrum,
1165 2347 1239 2373 nulla
1249 2355 1328 2382 opera
1338 2347 1485 2382 insumpta,
1497 2346 1687 2381 contempserit
1696 2351 1776 2382 atque
1785 2345 1833 2372 de-

1038 2383 1174 2420 spexerit?
1183 2384 1349 2419 Deindeipse
1354 2384 1490 2411 Minucius
1499 2391 1648 2418 numquam
1659 2384 1725 2410 tanti
1735 2383 1833 2410 habere

1038 2421 1178 2453 voluisset,
1194 2421 1218 2448 si
1231 2421 1358 2448 decumas
1369 2425 1399 2447 tu
1409 2420 1467 2456 lege
1476 2420 1615 2447 Hieronica
1625 2420 1769 2447 venderes:
1783 2419 1832 2447 sed

1037 2459 1111 2494 quod
1125 2459 1179 2485 tuis
1192 2458 1270 2485 novis
1284 2458 1378 2485 edictis
1391 2462 1418 2484 et
1429 2457 1610 2492 iniquissimis
1623 2457 1755 2484 institutis
1768 2457 1831 2492 plus

1038 2496 1175 2531 aliquanto
1187 2504 1226 2527 se,
1241 2504 1324 2530 quam
1337 2495 1476 2526 decumas,
1492 2493 1645 2521 ablaturum
1658 2494 1774 2526 videbat,
1789 2493 1831 2521 id-

1037 2534 1107 2560 circo
1121 2533 1228 2569 longius
1241 2540 1399 2568 progressus
1412 2536 1462 2557 est.
1482 2531 1516 2558 At
1526 2531 1644 2566 Apronio
1652 2539 1759 2566 semper
1767 2530 1830 2566 plus

1037 2571 1117 2597 etiam
1130 2570 1216 2596 multo
1229 2570 1278 2596 abs
1291 2574 1316 2596 te
1329 2568 1492 2604 permissum
1509 2572 1563 2600 est,
1582 2577 1665 2604 quam
1682 2568 1755 2604 quod
1772 2567 1830 2595 edi-

1037 2615 1124 2634 xeras.
1164 2606 1299 2639 Quantum
1317 2605 1400 2641 igitur
1416 2609 1559 2640 quaestum
1577 2609 1704 2640 putamus
1729 2604 1828 2632 factum

1036 2652 1096 2670 esse
1109 2652 1157 2679 per
1169 2652 1241 2674 eum,
1256 2643 1301 2669 cui
1314 2642 1425 2677 quidvis
1439 2642 1542 2668 licitum
1553 2643 1603 2669 sit:
1625 2650 1711 2678 quum
1725 2647 1829 2669 tantum

1037 2680 1103 2707 lucri
1122 2680 1237 2707 voluerit
1254 2679 1351 2706 addere
1368 2679 1405 2710 is,
1432 2679 1490 2711 cui,
1518 2679 1542 2706 si
1559 2679 1686 2706 decumas
1707 2679 1826 2711 emisset,
