1941 3052
517 121 568 148 DE
600 121 799 148 LEGIBUS
833 122 912 148 LIB.

54 192 187 223 maluerit,
201 192 275 219 nulla
287 193 329 218 sit.
366 192 440 225 Quae
451 194 678 227 praemuniuntur
688 194 778 220 omnia
790 193 855 219 reli-

52 239 106 265 quo
117 230 473 265 sermonidisputationique
484 235 598 261 nostrae,
614 239 668 265 qno
680 230 796 261 facilius,
810 231 853 256 ius

53 269 80 294 in
92 272 185 293 natura
196 275 255 294 esse
266 268 395 302 positum,
405 267 521 303 intelligi
533 269 627 302 possit.
655 269 690 294 De
702 277 756 303 quo
767 277 853 303 quum

51 313 186 339 perpauca
199 304 307 336 dixero,
330 309 386 331 tum
403 305 436 331 ad
452 306 495 331 ins
511 305 592 331 civile
607 306 728 337 veniam,
751 314 785 332 ex
799 314 853 340 quo

54 343 118 368 haec
129 343 218 368 omnis
230 346 290 368 nata
302 347 342 368 est
351 343 445 369 oratio.
874 369 882 377 ἢ

108 379 178 406 ΧΙΠ.
201 381 242 406 35.
265 379 296 412 Q.
316 380 355 405 Tu
371 389 434 406 vero
451 380 504 406 iam
516 388 650 414 perpauca
661 380 771 406 scilicet.
813 380 853 406 Ex
874 379 882 395 ³¹

52 418 85 442 iis
97 417 184 447 enim,
202 426 272 452 quae
287 417 394 448 dixisti,
413 418 499 443 Attico
517 417 636 449 videtur,
656 418 724 443 mihi
740 417 851 452 quidem
874 415 875 446 Ξ

50 459 130 486 certe,
144 463 177 481 ex
189 459 283 481 natura
292 459 380 481 ortum
392 463 451 481 esse
464 456 517 481 ius.
552 454 620 481 Αττ.
643 455 682 481 An
695 455 763 481 mihi
776 454 853 480 aliter

50 491 138 518 videri
149 493 248 526 possit,
261 501 347 527 quum
360 492 425 518 haec
436 493 490 518 iam
502 492 618 527 perfecta
630 493 696 519 sint:
721 492 850 527 primum,

50 530 129 564 quasi
142 530 302 556 muneribus
318 530 430 556 deorum
447 538 495 556 nos
511 538 569 555 esse
582 530 726 556 instructos
738 534 763 555 et
773 538 853 555 orna-

50 572 104 593 tos:
122 567 241 593 secundo
253 572 357 597 autem,
380 576 462 593 unam
474 576 533 593 esse
545 567 687 593 bominum
698 568 767 593 inter
778 567 851 601 ipsos

50 604 162 631 vivendi
192 613 284 639 parem
308 613 536 639 communemque
565 605 709 631 rationem.-
741 604 849 635 deinde,

49 650 143 668 omnes
160 642 230 669 inter
244 651 272 668 se
288 641 403 668 naturali
419 642 536 677 quadam
552 641 720 677 indulgentia
733 646 758 668 et
771 642 853 667 bene-

49 679 180 711 volentia,
202 684 259 706 tum
275 680 356 706 etiam
376 680 501 706 societate
522 680 590 706 iuris
608 678 758 706 contineri?
778 678 852 711 Quae

49 725 136 751 quum
147 725 210 743 vera
221 725 280 743 esse
291 722 371 748 recte,
385 722 414 744 ut
425 717 547 748 arbitror,
561 717 789 746 concesserimus,
803 718 851 750 qui

50 755 103 780 iam
119 754 181 781 licet
195 755 273 781 nobis
289 763 302 781 a
320 760 413 781 natura
426 754 499 790 leges
511 760 537 781 et
548 755 606 780 iura
617 753 779 789 seiungere?
808 755 849 779 36.

49 792 84 818 Μ,
102 792 180 818 Recte
196 792 280 818 dicis:
298 796 324 819 et
337 801 379 818 res
395 801 424 818 se
438 793 477 818 sic
490 792 579 818 habet.
621 792 719 817 Verum
730 790 852 826 philoso-

49 829 165 864 phorum
178 838 264 861 more,
282 839 336 856 non
348 834 468 856 veterum
481 829 593 864 quidem
608 828 730 859 illorum,
747 828 795 854 sed
807 836 852 854 eo—

49 875 119 898 rum,
128 868 260 902 quiquasi
272 867 394 894 officinas
406 868 593 893 instruxerunt
606 867 768 901 sapientiae,
782 873 851 900 quae

49 903 108 930 fuse
119 904 184 931 olim
197 905 408 939 disputabantur
418 913 448 930 ac
461 904 553 935 libere,
563 912 593 930 ea
604 912 676 930 nunc
688 902 850 930 articulatim

48 942 230 977 distincteque
241 942 380 968 dicuntur.
417 943 510 978 Neque
522 942 593 967 enim
606 941 731 968 satisfieri
741 945 852 967 censent

49 979 113 1005 huic
129 979 199 1010 loco,
221 988 268 1014 qni
284 987 357 1005 nunc
372 984 412 1005 est
427 980 455 1005 in
472 979 612 1009 manibus,
634 979 687 1005 nisi
706 979 851 1014 separatim

48 1017 99 1043 hoc
111 1017 216 1051 ipsum,
234 1021 344 1043 naturae
358 1017 486 1047 esseius,
504 1017 679 1051 disputarint.
720 1017 788 1042 Αττ.
820 1016 852 1042 Et

48 1054 154 1080 scilicet
164 1059 207 1081 tua
220 1054 330 1081 libertas
341 1054 493 1081 disserendi
506 1055 605 1081 amissa
617 1059 669 1080 est:
684 1058 729 1080 aut
740 1058 768 1080 tu
781 1055 804 1079 is
811 1062 849 1083 es,

48 1092 96 1127 qui
113 1093 140 1118 in
156 1091 321 1127 disputando
338 1101 390 1118 non
407 1096 484 1118 tuum
500 1092 635 1118 iudicium
654 1100 781 1126 sequare,
803 1090 851 1117 sed

48 1130 200 1156 auctoritati
211 1129 326 1156 aliorum
339 1138 443 1164 pareas,
485 1130 527 1156 37.
550 1130 585 1155 M.
603 1130 660 1156 Non
675 1137 792 1163 semper,
806 1129 852 1155 Ti-

49 1172 87 1193 te:
101 1167 158 1197 sed,
167 1168 217 1193 iter
224 1167 306 1193 huius
313 1168 446 1193 sermonis
457 1167 530 1202 quod
542 1167 586 1198 sit,
600 1166 687 1193 vides.
704 1166 744 1193 Ad
756 1175 852 1201 respu-

48 1205 135 1231 blicas
151 1204 310 1236 firmandas,
328 1209 353 1232 et
368 1204 402 1231 ad
418 1204 595 1231 stabiliendas
612 1205 695 1235 vires,
717 1203 851 1230 sanandos

48 1242 164 1277 populos
174 1243 264 1269 omnis
276 1247 363 1269 nostra
376 1243 464 1278 pergit
475 1243 568 1269 oratio.
612 1242 742 1274 Quocirca
760 1250 852 1267 vereor

47 1280 228 1311 committere,
252 1285 281 1306 ut
297 1289 348 1306 non
366 1280 434 1306 bene
445 1280 553 1315 provisa
565 1285 591 1306 et
601 1279 747 1315 diligenter
757 1278 852 1314 explo-

48 1322 103 1344 rata
115 1318 248 1353 principia
262 1322 409 1352 ponantur:
432 1326 481 1344 nec
497 1322 585 1344 tamen
603 1322 632 1344 ut
646 1317 774 1344 omnibus
790 1325 851 1351 pro-

48 1355 155 1386 bentur,
169 1354 241 1390 (nam
254 1355 281 1381 id
294 1355 350 1382 lieri
363 1364 414 1382 non
425 1355 533 1390 potest,)
545 1355 592 1381 sed
606 1360 634 1381 ut
645 1355 687 1386 iis,
701 1355 750 1390 qui
761 1354 851 1380 omnia

48 1398 118 1419 recta
131 1397 211 1428 atque
224 1393 335 1420 honesta
350 1401 398 1428 per
409 1402 437 1419 se
449 1393 599 1428 expetenda
611 1392 757 1423 duxerunt,
771 1396 852 1418 etant

48 1430 117 1457 nihil
129 1431 240 1457 omnino
251 1431 279 1457 in
291 1431 369 1457 bonis
382 1430 594 1462 numerandum,
616 1431 669 1456 nisi
681 1430 753 1465 quod
766 1438 813 1464 per
823 1437 851 1455 se

48 1468 139 1503 ipsum
157 1467 293 1494 laudabile
309 1472 393 1499 esset,
416 1473 462 1495 aut
479 1473 549 1495 certe
566 1467 673 1494 nullum
694 1467 850 1494 habendum

48 1514 178 1542 magnum
190 1506 301 1537 bonum,
310 1506 363 1532 nisi
370 1506 443 1541 quod
451 1514 512 1532 vere
521 1505 625 1532 laudari
632 1514 679 1532 sua
688 1510 782 1540 sponte
789 1513 852 1539 pos—

48 1548 97 1574 set,
110 1558 147 1563 —·
165 1545 204 1569 38.
219 1543 261 1569 his
272 1543 401 1570 omnibus
413 1543 481 1579 (sive
493 1544 520 1569 in
533 1543 677 1570 Academia
691 1548 779 1570 vetere
789 1551 851 1568 cum

48 1581 217 1615 Speusippo,
244 1581 407 1612 Xenocrate,
430 1580 574 1607 Polemone
596 1586 765 1613 manserunt,
792 1581 852 1606 sive

47 1617 219 1645 Aristotelem
230 1623 255 1645 et
266 1618 496 1654 Theophrastum,
515 1627 577 1645 cum
595 1618 649 1645 illis
662 1627 689 1645 re
700 1626 853 1654 congruen-

48 1661 102 1687 teS,
119 1664 218 1692 genere
230 1655 344 1682 docendi
356 1656 478 1691 paullum
491 1656 658 1686 differentes,
676 1657 761 1682 secuti
773 1660 849 1682 sunt:

48 1694 115 1725 sive,
132 1698 162 1720 ut
172 1694 272 1720 Zenoni
285 1694 375 1720 visum
388 1698 436 1725 est,
451 1694 532 1720 rebus
544 1702 596 1720 non
608 1694 790 1724 commutatis,
800 1694 853 1719 im-

48 1735 223 1758 mutaverunt
235 1731 380 1758 vocabula:
399 1732 457 1758 sive
474 1732 554 1758 etiam
566 1731 699 1758 Aristonis
710 1731 851 1757 difficilem

47 1773 128 1804 atquo
144 1768 270 1800 arduam,
293 1768 341 1795 sed
358 1769 411 1795 iam
427 1773 515 1795 tamen
533 1768 644 1795 fractam
660 1774 686 1795 et
699 1770 850 1796 convictam

47 1811 148 1833 sectam
159 1807 245 1833 secuti
257 1811 334 1837 sunt,
351 1811 393 1837 ut,
413 1807 561 1833 virtutibus
576 1807 697 1841 exceptis
713 1812 793 1842 atque
811 1807 852 1833 vi-

48 1845 103 1876 tiis,
111 1848 197 1870 cetera
210 1845 238 1870 in
249 1852 357 1870 summa
368 1844 530 1879 aequalitate
541 1849 672 1879 ponerent
680 1845 697 1879 z)
708 1845 751 1871 his
762 1844 852 1871 omni-

48 1881 100 1908 bus
112 1881 187 1913 haec,
201 1890 271 1916 quae
282 1881 354 1912 dixi.
372 1881 529 1916 probantur.
571 1883 612 1908 39.
635 1882 693 1908 Sibi
706 1887 796 1909 autem
810 1883 852 1908 in-

49 1919 193 1955 dulgentes
204 1923 230 1945 et
243 1919 348 1953 corpori
363 1919 548 1945 deservientes
565 1924 645 1954 atque
660 1920 765 1950 omnia,
782 1928 851 1955 quae

47 1960 197 1992 sequantur
213 1956 241 1982 in
257 1956 325 1987 vita,
342 1964 467 1991 quaeque
484 1955 602 1992 fugiant,
625 1957 811 1992 voluptatibus
827 1962 853 1984 et

48 1994 188 2021 doloribus
209 1993 402 2029 ponderantes,
425 1994 506 2020 etiam
522 1995 546 2020 si
563 2002 625 2020 vera
641 1993 749 2025 dicunt,
772 1994 851 2028 (nihil

47 2032 120 2059 enim
132 2036 248 2067 opusest
261 2031 310 2058 hoc
323 2030 379 2058 loco
393 2031 508 2066 litibus,)
521 2031 548 2057 in
561 2031 676 2057 hortulis
687 2032 745 2057 suis
758 2032 853 2058 iubea-

48 2078 110 2096 mus
125 2069 229 2100 dicere,
251 2073 332 2104 atque
348 2069 428 2095 etiam
444 2068 478 2095 ab
493 2069 568 2095 omni
582 2069 707 2095 societate
719 2069 853 2103 reipubli-

48 2115 107 2138 cae,
130 2107 210 2133 cuius
231 2111 334 2141 partem
350 2114 399 2133 nec
418 2111 517 2133 norunt
533 2105 630 2137 ullam,
653 2114 702 2133 nec
721 2115 851 2141 umquam

49 2153 128 2172 nosse
140 2143 293 2175 voluerunt,
307 2143 458 2179 paullisper
468 2143 608 2175 facessant,
622 2152 758 2179 rogemus.
792 2145 854 2170 l’er-

50 2182 225 2209 turbatricem
236 2186 326 2208 autem
338 2181 433 2208 harum
440 2182 563 2207 omnium
571 2190 660 2208 rerum
668 2181 851 2212 Academiam,

48 2220 119 2247 hanc
131 2219 165 2246 ab
176 2218 295 2246 Arcesila
306 2223 332 2246 et
342 2218 480 2246 Carneade
492 2223 639 2250 recentem,
653 2227 810 2250 exoremus,
825 2224 852 2246 ut

49 2257 137 2284 sileat.
178 2257 246 2283 Nam
256 2257 280 2283 si
292 2257 423 2283 invaserit
433 2257 460 2283 in
473 2256 551 2288 haec,
569 2265 638 2291 quae
650 2257 715 2283 satis
727 2257 793 2283 scite
806 2266 853 2283 no-

49 2295 93 2321 bis
105 2295 235 2322 instructa
246 2298 272 2320 et
282 2295 432 2329 composita
448 2293 588 2325 videntur.
607 2295 706 2321 nimias
720 2294 781 2321 edet
797 2295 854 2320 rui-

50 2341 108 2359 nas.
148 2331 235 2365 Quam
250 2331 362 2367 quidem
378 2340 428 2368 ego
444 2331 549 2367 placare
569 2332 664 2367 cupio,
690 2332 853 2358 submovere

52 2378 105 2397 non
119 2369 215 2397 audeo.

90 2408 198 2443 (Desunt
209 2409 250 2434 hic
260 2409 370 2441 sortasse
379 2407 503 2433 nonnulla
514 2408 545 2432 cla
554 2409 654 2439 peccati
665 2409 821 2433 ron-scientia
832 2411 854 2433 ec

462 2445 586 2469 scelerum
595 2452 657 2476 poen
662 2446 683 2469 is
688 2465 692 2470 .
693 2445 705 2476 )
883 2456 885 2467 ·

50 2481 123 2509 XIV.
146 2482 187 2508 40.
203 2481 215 2495 *
228 2482 238 2494 ‘
250 2480 263 2494 *
275 2490 336 2508 nam
351 2481 414 2508 etin
429 2481 461 2507 iis
472 2481 532 2507 sine
544 2480 618 2507 illius
630 2480 795 2507 suffimentis
806 2490 855 2508 ex-

51 2519 118 2555 piati
130 2527 237 2546 sumuS.
273 2520 306 2546 At
318 2527 380 2545 voro
391 2517 524 2545 scelerum
537 2518 563 2544 in
577 2517 699 2544 homines
710 2523 790 2553 atquc
803 2519 855 2544 im-

52 2557 184 2592 pietatum
195 2556 269 2584 nulla
281 2557 400 2592 expiatio
410 2560 460 2582 est.
495 2557 586 2591 ltaque
601 2564 700 2590 poenus
714 2555 791 2582 luunt
803 2564 854 2582 non
876 2565 877 2569 ¹

53 2598 108 2621 tam
123 2593 248 2626 iudiciis,
264 2594 344 2630 (qnae
359 2593 496 2630 qnondam
514 2602 649 2628 nusquam
665 2598 752 2623 erant,
775 2593 855 2620 hodie
876 2582 885 2617 li

54 2629 231 2658 multifariam
241 2632 316 2660 nulla
327 2636 402 2664 sunt,
422 2632 516 2658 utsint
527 2635 629 2662 tumen,
648 2639 776 2666 persaepe
789 2630 854 2657 falsu
876 2633 885 2645 ¹*

54 2668 127 2705 sunt)
137 2668 185 2696 sed
197 2674 227 2697 ut
235 2677 281 2697 eos
293 2670 395 2706 agitent
406 2670 624 2704 insectenturque
636 2667 730 2700 furiae,
746 2677 796 2695 non
808 2677 854 2695 cn·-
876 2664 885 2694 U

881 463 882 466 ¹
904 464 956 490 que
969 455 1094 481 facinoris
1107 464 1120 481 a
1133 461 1241 481 naturae
1260 456 1317 481 iure
1334 455 1589 490 aliquoffpiaereret.

881 514 882 520 ,
904 493 926 518 si
940 492 1075 527 appellare
1087 493 1185 518 audent
1199 493 1284 527 impii,
1298 501 1352 527 quo
1364 492 1470 518 tandem
1483 493 1573 519 studio
1583 492 1704 519 colentur

944 123 962 148 Ι.
993 122 1084 149 ΕᾹΡ.
1117 124 1130 148 9
1151 138 1187 142 ——-
1212 124 1249 149 lG.
1645 125 1704 149 1207

882 207 883 210 =
904 195 1020 219 (lentibus
1032 196 1125 222 laedis.
1143 195 1213 220 sicut
1226 195 1252 220 in
1265 193 1378 223 fabulis,
1396 193 1442 219 sed
1455 201 1553 228 angore
1565 195 1704 219 conscien-

904 232 956 257 tiae
973 230 1131 265 fraudisque
1147 232 1277 257 cruciatu.
1319 230 1394 263 Quod
1413 231 1435 256 si
1452 231 1574 257 homines
1586 231 1619 256 ab
1633 232 1704 257 iniu-

881 278 882 285 ¹
905 269 943 294 ria
955 277 1053 303 poena,
1073 277 1124 294 non
1138 274 1231 295 natura
1243 277 1331 294 arcere
1344 268 1465 299 deberet,
1483 277 1615 303 quaenam
1629 268 1704 294 solli-

881 319 882 334 ;
904 306 995 332 citudo
1012 311 1119 332 vexaret
1136 307 1247 340 impios,
1270 305 1376 331 sublato
1396 305 1593 340 suppliciorum
1613 311 1684 332 metu
1693 306 1705 331 i>

881 345 882 352 ¹
904 343 1022 374 Quorum
1036 348 1123 369 tamen
1136 352 1214 369 nemo
1230 348 1282 369 tam
1300 343 1388 369 audax
1405 352 1534 377 umquam
1552 343 1615 372 fuit,
1637 344 1702 378 quin

904 385 949 406 aut
961 381 1090 406 abnueret
1101 389 1115 406 a
1127 390 1155 406 se
1169 381 1345 407 commissum
1362 389 1420 405 esse
1436 380 1554 410 facinus,
1578 385 1623 406 aut
1639 381 1703 407 iusti

904 419 947 443 sui
963 418 1063 444 doloris
1079 427 1202 444 caussam
1219 418 1337 452 aliquam
1356 418 1478 452 lingeret,
1503 418 1704 444 defensionem—

1630 456 1703 487 Quae

904 539 917 555 a
931 529 1026 556 bonis‘?
1045 530 1121 562 Quod
1133 531 1155 556 si
1168 539 1266 564 poena,
1285 532 1307 556 si
1321 535 1407 556 metus
1419 530 1561 564 supplicii,
1582 539 1631 556 non
1646 532 1703 564 ipsa

904 567 1055 602 turpitudo,
1079 568 1193 593 deterret
1208 568 1241 593 ab
1258 568 1387 593 iniuriosa
1410 567 1611 601 facinorosaque
1634 568 1701 593 vita:

904 614 982 630 nemo
1003 610 1043 631 est
1065 605 1196 631 iniustus:
1219 610 1265 631 aut
1281 606 1380 630 incauti
1397 606 1486 639 potius
1504 605 1620 630 habendi
1641 610 1704 631 sunt

904 642 1031 676 improbi.
1074 644 1113 668 «ll.
1137 643 1205 668 Tum
1222 647 1310 668 autem
1327 643 1374 677 qui
1388 651 1437 667 non
1452 643 1509 676 ipso
1525 643 1634 668 honesto
1647 652 1704 668 mo-

905 688 1012 710 vemur,
1033 685 1059 706 ut
1071 680 1133 705 honi
1151 680 1203 705 viri
1219 681 1319 708 simus,
1337 679 1383 705 sed
1398 680 1510 705 utilitate
1522 680 1611 714 aliqua
1624 685 1704 714 atquc

905 716 1005 747 fructu,
1024 717 1115 743 callidi
1132 718 1232 747 simus,
1252 726 1303 743 non
1320 717 1392 743 boni.
1434 718 1500 742 Nam
1512 717 1579 752 quid
1592 717 1669 743 faciet
1681 718 1703 743 is

905 755 983 780 bomo
999 755 1025 780 in
1039 755 1169 785 tenebris,
1195 755 1243 789 qui
1255 754 1323 780 nihil
1337 755 1412 780 timet
1424 755 1476 780 nisi
1489 759 1582 780 testem
1594 760 1618 780 et
1633 755 1704 780 iudi—

903 791 980 818 cem‘?
1000 792 1080 826 quid,
1104 793 1130 818 in
1146 792 1250 818 deserto
1262 800 1315 826 quo
1328 791 1384 817 loco
1396 796 1502 821 naetuS,
1526 800 1607 826 quem
1620 792 1704 818 multo

904 838 968 855 auro
979 829 1094 863 spoliare
1107 831 1200 863 possit,
1214 829 1381 855 imbecillum
1394 834 1473 863 atque
1485 828 1591 855 solum?
1611 830 1705 855 Noster

903 867 1015 901 quidem
1038 867 1081 893 hie
1098 872 1190 893 natura
1207 867 1295 892 iustus
1313 867 1356 892 vir
1370 876 1400 891 ac
1417 866 1503 892 bonus
1519 867 1599 892 etiam
1622 866 1705 892 collo—

903 909 1014 939 quetur,
1033 904 1152 933 iuvabit,
1171 905 1197 930 in
1210 905 1281 930 viam
1294 903 1422 929 deducet:
1447 904 1469 929 is
1482 912 1557 934 vero,
1576 905 1623 938 qui
1636 904 1703 929 nihil

904 942 1014 968 alterius
1026 950 1120 968 caussa
1134 941 1221 972 faciet,
1236 942 1363 967 metietur
1373 942 1432 967 suis
1443 941 1592 967 commodis
1603 942 1702 971 omnia,

903 979 1016 1009 videtis,
1030 979 1122 1010 credo,
1135 978 1203 1014 quid
1214 980 1249 1005 sit
1260 983 1378 1005 acturus.
1419 978 1495 1010 Quod
1508 979 1530 1005 si
1543 979 1664 1013 negabit.
1676 987 1704 1004 se

905 1017 944 1043 illi
957 1018 1039 1043 vitam
1051 1022 1208 1051 erepturum
1219 1021 1245 1042 et
1255 1025 1351 1042 aurum
1364 1016 1530 1048 ablaturum,
1556 1025 1703 1050 numquam

903 1055 937 1081 ob
953 1063 1011 1080 eam
1027 1063 1151 1081 caussam
1168 1054 1290 1090 negabit,
1307 1054 1379 1088 quod
1397 1054 1423 1079 id
1439 1059 1531 1080 natura
1544 1059 1620 1088 turpe
1635 1054 1706 1079 iudi—

903 1097 953 1123 cet,
968 1092 1015 1118 sed
1027 1092 1100 1127 quod
1112 1097 1220 1122 metuat,
1235 1100 1267 1118 ne
1279 1096 1392 1122 emanet,
1403 1091 1429 1117 id
1442 1096 1491 1121 est,
1501 1100 1533 1117 ne
1545 1091 1644 1117 malum
1659 1091 1706 1116 ha-

904 1130 974 1156 beat.
1015 1130 1036 1156 O
1048 1138 1104 1156 rem
1116 1129 1236 1165 dignam,
1252 1130 1278 1155 in
1291 1138 1343 1163 qua
1357 1138 1408 1155 nou
1421 1128 1499 1155 modo
1510 1129 1594 1157 docti,
1613 1138 1705 1154 verum

903 1169 984 1194 etiam
999 1172 1117 1203 agrestes
1133 1167 1306 1193 erubescant!
1341 1167 1400 1193 XV.
1425 1168 1464 1192 42.
1489 1167 1541 1192 lam
1560 1175 1622 1192 vero
1638 1166 1705 1192 illud

904 1204 1107 1235 stultissimum,
1122 1205 1277 1231 existimare
1289 1205 1378 1230 omnia
1392 1205 1461 1230 iusta
1474 1212 1542 1234 esse,
1559 1212 1628 1238 quae
1640 1204 1706 1230 scita

903 1244 958 1269 sint
974 1242 1135 1277 populorum
1154 1243 1284 1268 institutis
1304 1246 1350 1268 aut
1371 1241 1485 1276 legibus
1528 1242 1664 1271 Etiamne,
1683 1242 1705 1266 si

903 1289 972 1315 quae
994 1280 1066 1316 leges
1088 1281 1142 1306 sint
1157 1278 1351 1315 tyrannorum‘.>
1371 1279 1393 1304 si
1414 1279 1521 1313 triginta
1539 1278 1577 1304 illi
1594 1279 1706 1305 Athenis

905 1318 977 1353 leges
990 1318 1127 1353 imponere
1140 1317 1303 1347 voluissent.
1330 1321 1375 1342 aut
1386 1317 1409 1342 si
1421 1325 1514 1342 omnes
1529 1316 1706 1342 Athenienses

903 1355 1100 1382 delectarentur
1112 1355 1259 1391 tyrannicis
1272 1354 1392 1389 legibus,
1417 1362 1481 1380 num
1496 1354 1594 1379 idcirco
1607 1354 1655 1379 hae
1669 1353 1706 1379 le-

903 1402 950 1429 ges
963 1394 1048 1419 iustae
1061 1392 1241 1419 haberentur-⁶?
1253 1391 1450 1422 Nihilo,cred0.
1461 1392 1547 1427 magis
1561 1391 1613 1420 illa,
1623 1399 1704 1425 quam

904 1433 1021 1457 interrex
1034 1436 1122 1457 noster
1135 1430 1208 1461 tulit,
1223 1435 1251 1456 ut
1262 1429 1387 1459 dictator,
1405 1438 1485 1463 quem
1500 1428 1579 1454 vellet
1591 1429 1704 1458 rivium,

905 1468 1004 1495 indicta
1026 1477 1121 1494 caussa
1142 1469 1253 1502 impune
1275 1472 1365 1502 posset
1388 1466 1520 1492 occidere.
1561 1466 1607 1491 Est
1633 1466 1705 1491 enim

904 1515 989 1533 unum
1001 1507 1053 1536 ius,
1062 1514 1116 1540 quo
1126 1505 1251 1531 devincta
1263 1510 1303 1531 est
1316 1504 1455 1530 hominum
1466 1504 1588 1533 societas,
1598 1509 1621 1529 et
1633 1503 1705 1538 quod

904 1543 948 1570 lex
961 1544 1101 1570 constitnit
1113 1552 1175 1569 una.
1217 1544 1290 1574 Quae
1303 1541 1346 1568 lex
1356 1547 1396 1568 est
1411 1547 1479 1567 recta
1493 1542 1558 1567 ratio
1570 1542 1706 1575 imperan-

903 1582 931 1608 di
943 1587 1023 1616 atque
1035 1580 1213 1616 prohibendi:
1237 1589 1319 1614 quam
1335 1580 1382 1614 qui
1400 1580 1516 1613 ignorat,
1539 1579 1562 1604 is
1576 1584 1615 1604 est
1634 1579 1706 1604 iniu-

903 1620 1038 1650 stus,sive
1050 1623 1090 1645 est
1102 1618 1146 1644 illa
1159 1619 1257 1653 scripta
1271 1617 1454 1652 uspiani,sive
1467 1625 1611 1651 nusquam.
1629 1615 1705 1647 Quod

904 1658 927 1683 si
940 1657 1042 1683 iustitia
1058 1661 1098 1682 est
1113 1656 1307 1689 obtemperatio
1321 1655 1430 1689 scriptis
1443 1653 1549 1689 legibus
1562 1654 1706 1679 institutis-

904 1703 957 1729 que
970 1693 1141 1729 populorum,
1155 1698 1180 1720 et
1194 1694 1226 1723 si,
1245 1697 1273 1719 ut
1285 1692 1366 1718 iidem
1379 1692 1481 1720 dieunt.
1492 1691 1604 1717 utilitate
1616 1691 1706 1716 omniu

905 1731 1038 1758 metienda
1051 1736 1127 1758 sunt:
1150 1731 1269 1765 negliget
1281 1729 1369 1765 leges.
1388 1737 1487 1763 easque
1500 1734 1669 1763 perrumpet.
1683 1728 1706 1754 si

905 1770 1013 1804 poterit.
1029 1770 1065 1799 is,
1083 1769 1130 1803 qui
1142 1768 1196 1794 sibi
1208 1776 1266 1794 eam
1279 1776 1333 1793 rem
1347 1767 1510 1793 fructuosam
1524 1766 1628 1800 putabit
1641 1765 1704 1791 sore.

904 1808 940 1834 lta
953 1807 989 1838 lit,
1004 1806 1117 1833 utnulla
1130 1807 1164 1832 sit
1175 1806 1285 1832 omnino
1297 1805 1412 1835 iustitia,
1426 1804 1450 1830 si
1462 1812 1548 1838 neque
1556 1809 1647 1829 natura
1655 1808 1704 1832 est,

903 1850 929 1871 et
944 1853 987 1874 ea.
1006 1852 1074 1879 quac
1092 1849 1199 1878 propter
1220 1843 1361 1869 utilitatem
1382 1842 1568 1871 constituitur,
1593 1840 1706 1867 utilitate

904 1882 956 1909 alia
972 1881 1144 1908 convellitur.
1186 1882 1226 1907 43.
1250 1880 1350 1915 Atque,
1368 1881 1391 1905 si
1409 1884 1501 1905 natura
1517 1878 1707 1904 conlirnuitura

905 1921 948 1946 ius
960 1928 1011 1946 non
1024 1919 1087 1950 erit,
1112 1920 1225 1945 virtutes
1240 1926 1334 1944 onmes
1347 1917 1483 1944 tollentur.
1525 1916 1575 1942 Ubi
1590 1917 1662 1942 enim
1675 1915 1708 1941 li-

905 1957 1041 1987 beralitas,
1056 1957 1103 1983 ubi
1117 1957 1218 1991 patriae
1229 1956 1335 1986 caritas,
1349 1955 1396 1981 ubi
1410 1955 1508 1989 pietas,
1523 1954 1570 1980 nbi
1582 1959 1627 1979 aut
1639 1953 1707 1979 bene

905 1994 1026 2021 merendi
1042 1994 1075 2021 de
1092 1994 1173 2021 altero
1185 1999 1231 2020 aut
1245 1992 1399 2019 referendae
1410 1992 1511 2027 gratiae
1524 1990 1647 2017 voluntas
1660 2000 1706 2025 po-

905 2033 966 2059 terit
976 2031 1123 2058 exsistere?
1139 2032 1206 2058 Nam
1220 2031 1284 2057 haec
1295 2034 1443 2057 nascuntur
1453 2038 1486 2056 ex
1498 2038 1537 2059 eo,
1553 2030 1617 2063 quia
1631 2034 1707 2054 natu-

906 2079 933 2096 ra
945 2070 1073 2104 propensi
1085 2078 1181 2095 sumus
1193 2068 1225 2094 ad
1237 2067 1392 2103 diligendos
1405 2067 1542 2093 homines:
1561 2066 1632 2100 quod
1646 2065 1707 2091 sun-

905 2106 1061 2133 damentum
1080 2107 1146 2132 iuris
1158 2111 1207 2132 est.
1251 2106 1343 2140 Neque
1354 2104 1443 2131 solum
1456 2105 1481 2130 in
1495 2104 1617 2129 homiues
1628 2103 1706 2128 obse-

905 2145 979 2179 quia,
988 2143 1035 2169 sed
1048 2144 1128 2169 etiam
1142 2144 1167 2169 in
1179 2143 1243 2168 deos
1255 2143 1434 2168 caerimoniae
1446 2141 1644 2174 religionesque
1658 2139 1707 2165 tul-

907 2181 1010 2208 luntur:
1028 2189 1096 2215 quas
1109 2189 1159 2206 non
1173 2185 1255 2210 metu,
1268 2179 1316 2205 sed
1328 2188 1358 2205 ea
1369 2180 1570 2207 conium-tione,
1587 2186 1655 2212 quae
1667 2182 1707 2202 est

906 2219 1009 2245 homini
1021 2226 1083 2244 cum
1096 2217 1159 2247 deo,
1173 2216 1371 2243 cmuservnndns
1384 2221 1457 2250 puto.
1500 2216 1567 2241 ΧΠ.
1590 2214 1664 2246 Quod
1683 2214 1706 2239 si

906 2255 1068 2291 populorum
1082 2255 1173 2284 iussis,
1187 2255 1210 2280 si
1223 2254 1378 2288 principum
1390 2253 1514 2282 «torretis,
1531 2254 1553 2278 si
1566 2252 1707 2278 sententiis

883 2305 884 2308 ¹
907 2293 1029 2319 iudicum
1046 2293 1103 2318 iura
1118 2292 1358 2318 constituerentur:
1383 2291 1424 2316 ius
1448 2296 1518 2316 esset
1539 2290 1704 2316 latmi-mark

907 2332 949 2357 ins
969 2330 1132 2358 adulterare;
1161 2330 1203 2355 ins
1224 2333 1379 2355 testamenta
1405 2327 1471 2353 salsa
1492 2335 1656 2361 supponere.
1683 2326 1706 2352 si

907 2369 971 2394 haec
992 2367 1128 2402 sum-agiis
1149 2371 1194 2393 nut
1214 2367 1289 2392 scitis
1315 2365 1498 2391 multitudinis
1519 2364 1705 2399 proluar-*utun

907 2407 947 2432 Μ.
969 2405 1043 2437 Quae
1059 2405 1082 2431 si
1099 2410 1168 2431 tanta
1181 2409 1296 2438 potestus
1308 2407 1348 2429 est
1359 2401 1502 2429 stultorum
1514 2406 1656 2427 sententiis
1668 2406 1706 2426 at-

905 2452 958 2478 quo
972 2443 1102 2472 inssis,ut
1113 2450 1204 2468 eorum
1217 2441 1353 2475 suffragiis
1366 2448 1454 2465 rernm
1468 2443 1559 2464 natura
1574 2444 1703 2464 vertatur:

905 2489 954 2506 cur
966 2488 1017 2506 non
1029 2481 1167 2510 saiiciunt,
1186 2484 1227 2508 ut,
1246 2487 1314 2513 quae
1332 2477 1400 2503 mula
1416 2477 1620 2511 pernicioseque
1632 2481 1704 2505 sunt.

883 2514 884 2527 ³
907 2518 1056 2544 habeantur
1073 2526 1120 2552 pro
1136 2517 1214 2543 honis
1230 2525 1259 2541 ne.
1275 2513 1458 2541 salutaribus?
1478 2519 1522 2539 nut
1539 2522 1601 2542 eur.
1619 2521 1705 2548 quum

907 2556 949 2582 ius
965 2563 998 2581 ex
1016 2555 1115 2581 iniuria
1133 2554 1174 2580 lex
1188 2553 1272 2579 faeere
1284 2553 1382 2588 possit.
1401 2551 1500 2577 honum
1513 2550 1606 2576 endem
1620 2550 1705 2576 facere

906 2602 958 2619 non
975 2593 1060 2627 possit
1074 2601 1108 2619 ex
1124 2591 1211 2618 malo?
1232 2591 1312 2625 Atqui
1329 2599 1376 2616 nos
1393 2588 1479 2622 legem
1496 2588 1593 2614 bonum
1610 2597 1623 2614 a
1636 2587 1705 2614 mala

907 2629 979 2656 nulla
992 2629 1043 2656 aliu
1056 2630 1108 2656 nisi
1121 2634 1229 2655 naturae
1242 2636 1332 2654 norma
1344 2626 1467 2653 dividere
1478 2634 1633 2660 possuimus.
1653 2626 1705 2651 Nec

905 2668 993 2695 solum
1007 2669 1048 2694 ius
1058 2672 1084 2695 et
1097 2667 1194 2694 iniuria
1207 2675 1219 2692 a
1233 2671 1325 2693 natura
1335 2664 1529 2695 diiudicentur.
1539 2663 1586 2690 sed
1595 2664 1706 2690 omnino
