1941 3052
254 108 301 133 793

255 187 312 204 rum
324 179 403 204 ceteri
415 178 527 203 similes.
562 177 598 203 '1'1'1
609 178 655 211 pair
666 172 711 202 mir
722 176 790 202 καθ’
804 176 870 210 ἡμᾶς
883 175 948 202 reida.
970 179 994 202 6.
1009 177 1042 202 De

254 216 351 248 Iiorgin
369 220 456 240 nutem
472 214 543 249 quod
561 214 626 239 milii
643 214 750 243 scribis,
767 219 821 239 ernt
837 213 947 248 quidem
961 213 1004 238 ille
1017 214 1042 239 in

253 252 407 287 quotidiana
419 251 609 276 ‹leclmuatione
623 250 709 276 utilis:
733 250 779 275 sed
792 251 880 276 omnia
893 251 1040 285 postposui,

252 289 398 315 ‹luuuuodo
409 288 555 323 praeceptis
568 288 648 321 patris
663 296 791 321 parerem.
815 288 959 323 Atuo'g'njdqr
971 289 1041 313 enim
1064 302 1065 309 κ

253 327 402 359 scripserat,
423 329 450 351 ut
465 333 526 350 eum
543 324 704 350 dimitterem
720 326 819 350 statim.
861 325 1042 359 Tergiversari
1064 343 1065 346 κ

253 363 335 392 uolui,
359 371 389 387 ne
407 371 463 387 mea
480 362 562 387 nimia
578 361 678 395 rutundi]
690 362 871 396 suspicionem
888 363 912 387 ei
924 362 1041 396 aliquam

254 401 416 433 importaret.
457 398 557 424 Deinde
579 398 645 424 illud
666 399 745 424 etiam
767 399 834 425 mihi
858 399 1039 428 succurrebat.

251 445 332 472 grave
344 445 412 466 esse,
422 444 463 461 me
474 435 506 461 de
519 435 618 461 iudicio
630 436 712 470 patris
721 436 848 462 iudicare.
870 437 895 462 7.
909 437 995 462 Tuum
1005 442 1042 462 ta-
1063 450 1065 457 ι

252 483 312 499 meu
332 473 452 499 studium
469 478 494 499 et
508 473 651 499 consilium
668 478 773 508 gratum
793 478 987 508 acceptumque
1003 479 1042 500 est
1062 497 1064 504 Α

252 510 330 537 milii.
371 511 577 536 Excusationem
598 511 783 545 angustiarum
801 511 838 536 tui
855 512 982 546 temporis
998 520 1042 536 ae·
1062 541 1064 548 ,

250 548 334 582 cipio:
351 548 407 573 seio
418 548 589 582 enim,quam
601 547 686 573 soleas
698 553 919 582 esseoccupatus.
936 549 1041 574 Emisse
1062 558 1064 570 ι

252 590 275 611 te
301 584 441 619 praedium
464 585 634 611 veliementer
654 585 771 619 gaudeo,
805 585 971 620 feliciterque
993 586 1041 611 tibi

252 631 306 648 rem
319 622 394 648 istam
407 623 514 648 evenire
525 623 614 656 cupio.
656 623 708 649 Iloc
721 622 777 649 loco
788 631 829 648 me
842 623 890 649 tibi
901 623 1038 658 gratulari,

251 659 304 686 noli
318 659 418 685 mirari.
450 659 549 685 Eodem
560 660 632 685 enim
644 659 697 686 sere
710 660 774 691 loeo,
788 665 815 686 tu
827 668 945 694 quoque,
959 661 1041 686 emis—

250 706 278 722 se
291 701 323 728 te,
337 696 423 722 fecisti
436 706 476 723 me
487 697 636 723 certiorem.
673 697 768 723 lIabes.
805 697 979 731 Deponendae
992 698 1041 723 tibi

250 739 313 760 sunt
325 734 498 760 urbanitates.
525 734 650 760 Rusticus
663 735 796 761 Romanus
809 734 893 760 Iac-tus
905 744 943 760 es.
969 734 1042 766 Quo-

250 771 328 797 modo
339 780 388 806 ego
400 771 466 797 milii
479 780 549 797 nunc
560 776 620 797 ante
631 771 803 797 oeulostuum
813 772 1040 798 iucundissimum

249 814 422 843 conspectum
439 808 575 843 propono?
599 809 696 835 Videor
713 810 784 835 enim
802 809 892 835 videre
908 814 1039 835 eruentem
1062 818 1070 833 1·

250 850 274 873 tc
291 846 404 872 rusticas
416 854 466 876 res,
485 854 546 871 cum
558 845 649 872 villico
662 846 823 881 loquentem,
839 847 864 872 in
877 846 971 872 lacinia
984 856 1040 872 ser·
1061 872 1063 875 ,

250 888 355 910 vantem
368 892 401 910 ex
413 892 504 909 mensa
515 883 633 909 secunda
644 884 758 910 semina.
793 883 844 909 Sed
856 884 928 918 quod
940 884 971 910 ad
985 893 1039 910 rem
1061 891 1063 911 t

249 921 377 955 pertinet,
396 929 436 946 me
453 925 509 946 tum
527 921 575 946 tibi
591 920 724 952 defuisse,
745 930 830 956 acque
846 929 875 947 ac
892 926 933 952 tu,
951 921 1038 948 doleo.

210 962 215 969 ¹
249 957 302 984 Sed
314 957 368 984 noli
380 957 512 988 dubitare,
528 958 563 983 mi
576 959 645 989 Tiro,
659 959 761 993 quinte
773 958 964 984 sublevaturus
976 959 1037 989 sim,

249 995 271 1020 si
288 995 366 1021 modo
383 995 486 1021 fortuna
503 1004 558 1021 me:
582 997 738 1030 praesertim
754 1004 839 1030 quum
855 996 948 1027 sciam,
966 1005 1040 1022 com-

249 1041 359 1058 munem
379 1032 457 1059 nobis
478 1037 598 1067 emptum
619 1042 677 1059 esse
694 1034 775 1060 istum
791 1033 916 1060 fundum.

249 1069 381 1096 mandatis
392 1069 464 1104 quod
477 1070 526 1096 tibi
537 1079 615 1096 curae
628 1070 686 1099 suit.
702 1075 741 1096 est
753 1071 821 1096 mihi
831 1075 947 1106 gratum.
987 1070 1039 1097 Sed

248 1112 308 1141 peto
324 1115 338 1133 a
354 1111 387 1138 te,
404 1112 433 1133 ut
448 1116 528 1142 quam
540 1107 678 1133 celerrime
690 1108 757 1134 mibi
771 1108 897 1134 librarius
908 1109 1036 1139 mittatur,

249 1145 365 1170 maxime
380 1143 491 1179 quidem
507 1145 638 1171 Graecus:
663 1145 777 1171 multum
795 1145 861 1171 mibi
873 1146 945 1171 enim
956 1146 1040 1180 eripi-

248 1186 290 1207 tur
300 1190 395 1216 operae
407 1182 434 1208 in
446 1182 631 1208 exscribendis
643 1182 869 1218 hypomnematis.
905 1183 944 1209 Tu
956 1183 1038 1209 velim

247 1219 274 1244 in
290 1219 386 1253 primis
401 1227 488 1250 cures,
506 1223 535 1246 ut
545 1219 644 1250 valeas,
659 1224 687 1246 ut
698 1228 750 1246 una
761 1220 962 1255 συμφιλολογεῖν
976 1229 1040 1255 pos-

246 1256 343 1283 simus.
383 1256 514 1283 Anterum
528 1256 578 1283 tibi
588 1257 757 1284 commendo.
798 1256 870 1284 Vale.

298 1330 374 1351 xxu.
392 1330 469 1351 ΑΒΘ.
487 1330 641 1355 Aegi-atumem
656 1331 757 1351 admonet
771 1330 880 1352 curandae
891 1329 1039 1356 valetudiniss3

244 1371 320 1390 regere
329 1368 401 1385 tamen
411 1365 516 1386 librarius
526 1365 600 1391 iubet3
619 1366 679 1386 addit
689 1366 716 1386 de
725 1365 802 1386 van'is.

465 1401 600 1424 (Caesar-:111-
611 1403 685 1425 Lepido
695 1409 741 1420 con.
753 1405 808 1424 708.)

392 1445 563 1473 TULLIUS
583 1445 611 1472 S.
633 1445 662 1472 P.
683 1446 714 1473 D.
738 1446 884 1473 TIRONI.

300 1492 322 1516 t.
348 1485 436 1526 Spero
451 1499 485 1518 ex
500 1492 555 1518 tuis
571 1490 680 1522 litteris,
693 1491 742 1518 tihi
753 1491 852 1518 melius
863 1500 935 1518 esse:
958 1493 1038 1527 cupio
1058 1495 1061 1526 ,ἵ

243 1531 322 1554 certe.
345 1527 395 1554 Cui
408 1528 520 1564 quidem
531 1529 569 1555 rei
579 1529 652 1555 omni
664 1529 764 1555 ratione
775 1537 839 1555 cura
850 1534 880 1556 ut
894 1530 1034 1560 inservias.

243 1569 268 1590 et
278 1573 342 1591 cave
354 1566 513 1600 suspiceris,
526 1570 616 1593 contra
627 1574 715 1593 meam
726 1566 891 1593 voluntatem
903 1571 927 1593 te
939 1566 1035 1598 facere,

243 1601 315 1636 quod
326 1610 378 1629 non
389 1604 428 1629 sis
438 1611 555 1630 mecum.
586 1604 691 1630 Mecum
703 1611 745 1635 es,
758 1604 782 1629 si
796 1608 820 1630 te
831 1612 920 1630 curas.
950 1604 1036 1635 Quare

243 1638 313 1665 malo
329 1644 353 1666 te
368 1639 519 1667 valetudini
535 1645 595 1667 tuae
610 1641 726 1672 servire.
744 1649 826 1675 quam
837 1641 905 1667 meis
915 1640 1002 1667 oculis
1012 1646 1038 1667 et

243 1676 365 1703 auribus.

242 1717 331 1739 tamen
344 1713 393 1740 hoc
405 1714 489 1741 multo
500 1715 559 1746 erit,
571 1715 595 1741 si
607 1714 723 1746 valebis,
737 1715 894 1742 iucundius.
925 1715 982 1750 Ego
992 1715 1037 1741 hic

243 1758 327 1781 cesso,
341 1752 405 1785 quia
417 1753 475 1786 ipse
483 1751 659 1784 nihilscribo;
684 1751 1035 1787 legoautemlibentissime.
1064 1773 1066 1781 ,

243 1787 281 1813 Τυ
299 1787 372 1819 istie,
390 1789 414 1814 si
429 1788 496 1824 quid
513 1788 616 1815 librarii
633 1797 690 1815 mea
707 1797 788 1815 manu
805 1798 857 1815 non
873 1789 1034 1825 intelligent,

242 1825 414 1852 monstrabis.
446 1826 502 1852 Una
521 1826 631 1852 omnino
652 1826 819 1861 interpositio
833 1825 971 1853 difficilior
985 1831 1034 1857 est,

241 1869 323 1896 quam
339 1871 371 1888 ne
387 1863 445 1897 ipse
459 1863 570 1897 quidem
586 1862 663 1890 facile
680 1863 767 1898 legere
778 1863 864 1894 soleo,
881 1863 915 1890 de
925 1863 1037 1899 quadri-

242 1907 285 1924 mo
300 1899 408 1926 Catone.
448 1900 484 1926 De
496 1900 614 1927 triclinio
625 1909 701 1931 cura,
719 1905 747 1926 ut
758 1900 834 1927 sacis.
874 1901 962 1927 Tertia
973 1901 1037 1927 ade-
1057 1911 1059 1931 !

241 1936 288 1965 rit,
307 1936 385 1963 modo
400 1945 433 1963 ne
447 1936 562 1963 Publius
581 1942 688 1973 rogatus
706 1938 750 1964 sit.
779 1939 804 1964 2.
824 1938 974 1964 Demetrius
986 1939 1036 1964 iste
1058 1942 1059 1966 Ξ

241 1981 390 2008 numquam
409 1975 519 2000 omnino
542 1974 686 2001 Phalereus
707 1974 770 2001 fuit:
805 1975 854 2001 sed
870 1984 941 2002 nunc
957 1975 1036 2010 plane
1057 1977 1059 2009 j

240 2009 361 2036 Bilienus
372 2016 422 2037 est.

242 2047 329 2073 vabis.
351 2048 423 2074 Etsi:
445 2053 630 2075 verumtamen
643 2049 675 2075 de
688 2049 757 2075 illis:
780 2050 850 2076 nosti
861 2055 959 2076 cetera.
981 2050 1035 2076 Sed
1057 2048 1058 2080 Ῐ

240 2089 342 2115 tamen,
360 2086 384 2111 si
399 2094 481 2120 quem
495 2094 557 2112 cum
570 2095 600 2113 eo
611 2095 762 2113 sermonem
775 2086 916 2118 habueris,
932 2088 1036 2114 scribes
1056 2099 1058 2106 ν

241 2121 274 2148 ad
295 2130 351 2153 me,
375 2127 404 2148 ut
418 2123 486 2149 mihi
506 2128 631 2149 nascatur
650 2123 778 2158 epistolae
794 2129 993 2159 argumentum,
1011 2130 1037 2152 et

241 2163 270 2185 ut
285 2163 345 2186 tuas
361 2168 443 2195 quam
459 2160 632 2196 longissimas
650 2161 750 2187 litteras
768 2161 865 2197 legam.
896 2162 979 2193 Cura,
997 2163 1035 2188 mi
1056 2167 1058 2193 Ι

240 2196 315 2259 gii-¹0,
333 2202 363 2223 ut
378 2196 477 2224 valeas.
511 2198 566 2224 Hoc
577 2198 645 2224 mihi
656 2199 759 2234 gratius
771 2198 857 2225 facere
867 2198 936 2226 nihil
948 2204 1033 2234 potes.
1056 2221 1058 2230 .

263 2242 276 2259 a
289 2241 314 2260 e.

293 2286 380 2307 xxm.
397 2287 474 2307 Atto.
490 2289 561 2312 Quum
571 2288 597 2308 de
607 2287 660 2308 aliis
671 2288 800 2315 quibusdam
811 2289 884 2314 rebus,
895 2291 941 2310 tum
950 2289 977 2310 de
983 2296 1034 2310 tnn-

240 2321 347 2341 eei-munta
357 2321 450 2342 Antonii
461 2322 560 2343 amicitia
570 2323 622 2348 agit.

425 2359 523 2382 (Puteolis.
534 2363 554 2377 ut
565 2360 647 2379 videtur.
656 2359 739 2379 Antonio
750 2367 786 2378 tos.
798 2361 853 2383 710.)

346 2405 516 2434 TULLIUS
536 2406 565 2433 S.
588 2407 618 2433 P.
639 2408 669 2434 D.
692 2407 829 2434 TIRONI
847 2407 930 2435 SUO.

298 2451 320 2476 I.
342 2446 391 2477 Tu
406 2461 469 2479 vero
479 2452 579 2479 confice
600 2452 808 2487 professionem,
825 2454 850 2479 si
870 2457 954 2488 potes.
976 2453 1033 2480 Etsi

240 2485 306 2512 haec
326 2489 440 2521 pecunia
461 2498 495 2516 ex
514 2498 545 2516 eo
559 2498 657 2525 genere
672 2494 725 2520 est,
752 2495 782 2516 ut
800 2490 966 2525 professione
981 2499 1033 2516 non

240 2528 326 2558 egeat.
364 2525 562 2553 Verumtamen
582 2527 682 2553 Balbus
693 2526 725 2553 ad
737 2535 780 2553 me
790 2528 908 2562 scripsit,
921 2532 992 2554 tanta
1003 2536 1032 2553 se

240 2561 354 2595 ἑπιφορᾷ
369 2569 536 2595 oppressum,
550 2569 580 2590 ut
596 2564 669 2599 loqui
681 2573 733 2591 non
744 2564 838 2598 possit,
851 2565 984 2591 Antonius
999 2564 1033 2590 de

242 2595 300 2638 lege
314 2597 381 2632 quid
396 2600 489 2634 egerit.
525 2601 614 2627 Liceat
629 2601 708 2627 modo
722 2601 856 2627 rusticari.
886 2601 928 2628 Ad
937 2601 1033 2637 Bithy-

241 2642 332 2660 mcum
342 2635 449 2670 scripsi.
480 2638 505 2664 2.
517 2637 553 2664 De
564 2637 679 2665 Servilio
688 2643 717 2666 tu
729 2637 840 2670 videris,
853 2639 901 2674 qui
907 2643 1032 2666 senectu-

404 1678 462 1704 Em
485 1686 558 1704 emm
581 1682 607 1704 et
625 1678 706 1704 andlo
725 1682 750 1704 te
771 1682 796 1704 et
816 1678 895 1704 Wdeo
912 1678 1034 1707 hbemer‘
1064 1693 1066 1714 ?
1087 1700 1184 1726 certior
1199 1699 1246 1729 fio,
1263 1703 1289 1725 et
1303 1698 1336 1725 de
1351 1707 1400 1724 sua
1415 1698 1442 1723 in
1458 1706 1501 1723 me
1516 1697 1652 1723 voluntate
1668 1705 1775 1731 semper
1789 1696 1822 1723 ad
1839 1705 1882 1723 me

459 2012 550 2046 ltaque
561 2016 585 2038 te
595 2011 629 2038 do
641 2012 782 2038 vicarium.
819 2013 858 2039 Tu
869 2021 932 2039 eum
942 2013 1037 2039 obser·
1057 2019 1065 2045 l,

427 110 467 134 κί’..
491 108 524 133 Μ.
548 106 1259 134 '11‹nui-:noxistiets'rui..AumviztiS.
1283 107 1352 133 tiu.
1376 107 1444 134 XVI.

1478 107 1533 134 ΕΡ.
1558 110 1587 134 12
1608 123 1642 127 -
1667 110 1706 134 2⁷7.

1095 182 1147 202 tem
1164 186 1215 203 non
1231 178 1389 203 conwmniu.
1420 178 1476 205 Etsi
1492 180 1594 206 Atticus
1607 183 1707 207 noster.
1721 180 1784 213 quia
1796 188 1883 214 quon-

1095 213 1155 239 ‹lam
1172 223 1213 240 me
1224 215 1388 240 commoveri
1402 219 1518 245 πανικοῖς
1531 216 1676 246 intellexit.
1695 216 1766 242 idem
1778 225 1884 251 semper

1095 255 1178 285 putat,
1191 260 1239 277 nec
1253 251 1333 281 videt,
1345 251 1594 287 quibunprseaidiis
1601 253 1785 288 philosophiae
1792 260 1884 288 septus

1094 289 1159 314 nim:
1191 293 1217 315 et
1232 288 1333 319 hercle,
1351 289 1422 323 quod
1440 290 1551 316 timidus
1564 292 1620 324 ipse
1631 295 1684 319 est.
1704 293 1882 325 θηςηνςίοπωιιῐ.

1096 325 1151 357 Ego
1175 330 1261 352 tamen
1283 326 1390 352 Antonii
1408 327 1580 354 inveteratam
1596 328 1653 353 sine
1670 327 1723 353 ulla
1738 328 1884 354 offensione

1095 363 1239 389 amicitiam
1252 364 1365 389 retinere
1376 373 1439 390 sane
1451 365 1519 395 volo,
1533 364 1704 399 scribamque
1717 364 1827 392 adeum.
1837 364 1883 391 sed

1095 409 1146 426 non
1158 405 1226 431 ante,
1240 409 1321 435 quam
1334 405 1357 426 te
1371 401 1472 428 videro.
1505 402 1558 427 Nee
1569 407 1656 428 tamen
1671 406 1695 427 te
1705 410 1788 428 avoco
1799 411 1883 437 asyn-

1093 437 1209 471 grapha:
1233 437 1298 473 γόνυ
1313 438 1414 472 κνήμης.
1445 439 1509 465 Cras
1529 444 1655 473 exspecto
1676 439 1783 473 Leptam
1804 445 1829 465 et
1851 439 1881 465 N.

1093 474 1126 500 ad
1145 475 1224 500 cuius
1243 479 1329 501 rutam
1345 475 1454 511 pulegio
1470 476 1536 502 mibi
1553 477 1591 502 tui
1606 477 1738 502 sermonis
1755 476 1882 503 utendum

1094 516 1142 538 est.
1181 511 1253 538 Vale.

1149 572 1232 593 XXIV.
1249 572 1266 592 A
1275 573 1325 593 ΚΩ.
1342 573 1424 593 Scribit
1435 573 1562 593 ‹tome-iirt-
1572 574 1598 593 εἰς
1609 574 1681 597 nti-1¹,
1697 573 1724 592 de
1734 572 1830 600 put-tid·
1841 573 1882 593 sel-

1093 607 1192 628 urit-tur.
1208 610 1305 628 «Anium-r.
1317 610 1414 626 ii‹·1.i‚.u·
1426 617 1464 626 a...
1485 610 1536 630 τιτι.)

1245 652 1412 679 TULLIUS
1433 652 1461 679 S.
1483 653 1512 680 P.
1535 653 1563 679 D.
1585 653 1730 679 TIRONI.

1151 700 1172 724 ⁴.
1196 694 1256 724 Etsi
1269 707 1346 724 mane
1358 698 1501 733 Harpalum
1515 699 1654 724 miseram:
1679 703 1780 729 tamen,
1797 707 1882 733 quum

1093 735 1228 766 haberem,
1240 736 1284 761 cui
1297 740 1366 762 recte
1377 736 1467 761 darem
1483 736 1591 764 litteras.
1604 737 1653 762 etsi
1665 736 1726 762 novi
1738 735 1805 762 nibil
1817 740 1882 766 erat.

1092 772 1188 799 iisdem
1210 773 1242 799 de
1264 773 1344 799 rebus
1366 773 1438 799 volui
1454 773 1486 799 ad
1503 778 1526 799 te
1542 774 1650 808 saepius
1666 773 1798 799 seribere:
1831 782 1882 799 non

1091 810 1158 844 quin
1173 810 1335 836 confiderem
1347 810 1502 845 diligentiae
1515 815 1587 841 tuae;
1615 810 1662 836 sed
1675 811 1712 836 rei
1725 819 1766 836 me
1779 811 1884 846 magni-

1092 847 1155 873 tudo
1171 847 1304 874 movebat.
1343 848 1408 874 Mihi
1420 856 1496 882 prora
1510 853 1535 873 et
1547 849 1660 882 puppis,
1679 852 1709 874 ut
1719 848 1882 874 Graecorum

1092 885 1264 919 proverbium
1281 890 1333 915 est,
1352 884 1426 911 suita
1440 886 1530 911 metui
1542 885 1710 915 dimittendi,
1728 889 1756 911 ut
1768 886 1883 911 rationes

1091 927 1194 948 nostras
1213 922 1372 956 explicares.
1417 922 1506 949 Oflttio
1525 928 1550 948 et
1570 922 1679 948 Aurelio
1699 923 1792 957 utique
1818 922 1883 948 satis

1091 959 1144 985 liat.
1185 960 1206 986 A
1218 959 1350 990 Flamma,
1363 959 1450 986 sinon
1463 964 1536 994 potes
1549 968 1636 989 omne,
1651 964 1752 994 partem
1764 959 1883 994 aliquam

1004 1034 1023 1059 D
1068 991 1069 997 ¹
1091 996 1172 1022 velim
1185 1001 1357 1032 extorqueas:
1381 997 1408 1023 in
1420 997 1582 1031 primisque,
1597 1002 1625 1023 ut
1635 997 1759 1031 expedita
1771 997 1806 1022 sit
1817 1004 1884 1031 pen-

957 1035 981 1060 8.
1026 1042 1039 1059 e
1060 1039 1069 1047 ¹¹

1090 1034 1132 1060 sio
1150 1033 1277 1060 Kalendis
1293 1035 1347 1060 Ian.
1383 1034 1418 1060 De
1434 1034 1605 1060 attributione
1623 1034 1759 1060 conficies.
1791 1034 1827 1059 De
1841 1041 1883 1060 re-

1090 1072 1302 1105 praesentatione
1314 1070 1429 1097 videbis.
1464 1072 1499 1097 De
1511 1070 1665 1097 domesticis
1677 1071 1736 1097 eius
1743 1070 1881 1097 hactenus.

1067 1112 1069 1136 J
1089 1110 1114 1135 2.
1130 1109 1165 1134 De
1176 1108 1295 1143 publicis
1305 1109 1394 1134 omnia
1407 1108 1473 1134 mihi
1482 1113 1565 1135 certa:
1588 1108 1654 1143 quid
1666 1107 1803 1139 Octavius,
1816 1107 1883 1143 quid

1090 1146 1235 1172 Antonius:
1261 1154 1330 1180 quae
1341 1145 1482 1172 hominum
1491 1146 1596 1180 opinio:
1621 1145 1688 1181 quid
1700 1145 1821 1171 futurum
1832 1153 1884 1180 pu-

1090 1187 1139 1209 tes.
1175 1183 1232 1218 Ego
1243 1183 1290 1209 vix
1301 1187 1399 1214 teneor,
1412 1183 1479 1217 quin
1491 1191 1637 1211 accurram.
1655 1182 1706 1209 Sed
1718 1183 1754 1208 st!
1782 1182 1883 1208 litteras

1090 1225 1148 1247 tuas
1169 1224 1308 1255 exspecto:
1343 1225 1368 1246 et
1388 1221 1454 1247 scito
1469 1219 1581 1246 Balbum
1599 1225 1655 1246 tum
1673 1219 1756 1246 fuisse
1770 1220 1882 1254 Aquini,

1089 1266 1175 1292 quum
1195 1258 1245 1284 tibi
1269 1262 1309 1284 est
1328 1257 1444 1287 dictum,
1467 1263 1493 1284 et
1507 1257 1636 1292 postridie
1652 1258 1777 1284 Hirtium.
1816 1257 1884 1283 Puto

1090 1300 1235 1330 utrumque
1247 1294 1280 1321 ad
1291 1303 1388 1330 aquas:
1415 1294 1463 1321 sed
1476 1295 1544 1330 quid
1556 1296 1566 1307 ⁶
1578 1296 1691 1330 egerint.
1731 1293 1883 1321 Dolabellae

1089 1337 1274 1367 procuratores
1290 1331 1331 1359 Iac
1341 1332 1544 1359 admoneantur.
1574 1331 1733 1367 Appellabis
1743 1332 1822 1358 etiam
1835 1332 1883 1357 Pa—

1090 1371 1173 1404 piam.
1190 1369 1264 1396 Vale.

1142 1464 1218 1485 XXV.
1236 1464 1314 1485 ΛΚΕ.
1333 1464 1430 1485 Litteras
1441 1471 1453 1483 ι
1462 1463 1548 1484 Tirone
1558 1470 1620 1489 quan·
1631 1463 1881 1490 ereberrinueequirin.

1332 1501 1427 1522 (Ait-nnis.
1437 1501 1519 1519 Anioni..
1529 1507 1567 1518 cm.
1579 1502 1631 1519 riost

1210 1545 1352 1573 CICERO
1374 1545 1443 1570 FIL.
1466 1544 1494 1570 S.
1516 1544 1545 1570 P.
1566 1544 1595 1570 D.
1618 1544 1763 1570 TIRONI.

1142 1584 1204 1614 Etsi
1220 1588 1289 1614 iusta
1301 1592 1326 1614 et
1338 1587 1433 1613 idonea
1444 1595 1511 1612 usus
1522 1594 1550 1612 es
1561 1586 1734 1612 excusatione
1745 1586 1883 1612 intermis-

1088 1626 1173 1652 sionis
1186 1625 1333 1651 litterarum
1345 1629 1461 1653 tuarum.
1475 1628 1572 1653 tamen,
1585 1622 1613 1648 id
1625 1631 1658 1648 ne
1668 1623 1777 1657 saepius
1789 1622 1880 1651 facias.

1088 1671 1161 1698 rogo.
1203 1663 1269 1689 Nam
1290 1662 1340 1688 etsi
1361 1661 1394 1687 de
1411 1660 1549 1695 republica
1567 1659 1723 1686 rumoribus
1738 1664 1763 1686 et
1779 1660 1883 1686 nuntiis

1087 1736 1230 1772 perscribit
1245 1740 1332 1771 pater:
1359 1740 1447 1761 tamen
1463 1734 1496 1761 de
1511 1734 1609 1769 quavis
1620 1734 1732 1759 minima
1744 1742 1772 1760 re
1783 1735 1882 1769 scripta

1087 1783 1102 1800 a
1123 1779 1147 1800 te
1167 1773 1200 1800 ad
1216 1782 1259 1799 me
1275 1771 1387 1807 epistola
1404 1780 1512 1807 semper
1526 1771 1576 1797 fuit
1590 1771 1754 1806 gratissima.
1794 1770 1882 1803 Quare

1087 1820 1172 1846 quum
1184 1811 1211 1837 in
1222 1811 1318 1845 primis
1329 1815 1388 1836 tuas
1400 1809 1551 1835 desiderem
1565 1808 1678 1838 litteras,
1692 1808 1746 1834 noli
1757 1809 1882 1835 commit-

1087 1853 1155 1879 tere,
1172 1853 1201 1874 ut
1217 1848 1389 1875 excusatione
1404 1847 1493 1882 potius
1509 1845 1619 1880 expleas
1629 1845 1749 1872 officium
1760 1846 1883 1872 scriben-

1064 1890 1065 1897 ¹
1087 1885 1125 1917 di,
1138 1894 1220 1921 quam
1231 1884 1388 1911 assiduitate
1399 1883 1584 1918 epistolarum.
1606 1882 1680 1909 Vale.

1130 1970 1214 1992 xxw.
1234 1970 1310 1991 ARG.
1333 1969 1416 1990 Tironi
1430 1968 1574 1997 epistularum
1589 1968 1697 1989 incuriam
1711 1969 1787 1989 inens:
1801 1975 1880 1996 expro-

1087 2007 1143 2027 bt'flt.
1162 2009 1226 2031 (Anno
1237 2008 1274 2025 sert·
1286 2010 1330 2025 710.
1342 2014 1355 2024 5.
1367 2007 1445 2025 Caesare
1455 2007 1478 2023 V.
1488 2007 1572 2024 Antonio
1582 2008 1638 2028 oon.)

1184 2050 1216 2083 Q.
1238 2050 1380 2078 CICERO
1399 2049 1426 2076 S.
1448 2050 1478 2076 P.
1498 2050 1529 2076 D.
1551 2049 1686 2076 TIRONI
1706 2048 1788 2076 SUO.

1144 2091 1167 2115 I.
1189 2085 1345 2116 Verberavi
1361 2093 1385 2114 te
1400 2088 1570 2123 cogitationis
1580 2087 1658 2113 tacito
1667 2086 1807 2113 dumtaxat
1815 2094 1882 2112 con·

1087 2127 1157 2153 vicio
1165 2147 1171 2157 ,
1189 2126 1262 2161 quod
1277 2124 1423 2152 fasciculus
1439 2124 1504 2151 alter
1514 2124 1548 2151 ad
1558 2133 1600 2150 me
1612 2124 1664 2150 iam
1675 2124 1734 2150 sine
1745 2124 1799 2150 tuis
1810 2122 1882 2149 litte-

1086 2165 1124 2190 ris
1135 2163 1254 2199 perlatus
1265 2167 1314 2189 est.
1344 2163 1402 2189 Non
1413 2166 1488 2196 potes
1500 2161 1616 2196 effugere
1628 2160 1881 2195 huiusculpaepoe-

1086 2210 1158 2232 nam,
1172 2206 1195 2227 te
1207 2205 1326 2236 patrono.
1361 2200 1466 2225 Marcus
1477 2203 1517 2225 est
1527 2197 1712 2225 adhibendus:
1743 2198 1821 2232 isque
1831 2196 1880 2223 diu

1087 2244 1112 2265 et
1127 2238 1221 2265 multis
1237 2236 1471 2264 lucubrationibus
1481 2240 1657 2262 commentata
1667 2235 1799 2265 oratione,
1817 2233 1880 2260 vide

1086 2280 1116 2302 ut
1130 2275 1243 2310 probare
1257 2275 1355 2309 possit,
1373 2278 1398 2300 te
1414 2282 1466 2300 non
1480 2281 1616 2308 peccasse.
1637 2273 1662 2299 2.
1674 2271 1755 2298 Plane
1769 2276 1794 2298 te
1804 2279 1878 2307 rogo,

1086 2313 1157 2339 sicut
1167 2312 1232 2339 olim
1243 2317 1355 2338 matrem
1367 2315 1484 2337 nostram
1495 2310 1580 2337 facere
1591 2309 1712 2339 memini,
1725 2317 1795 2343 quae
1806 2308 1881 2344 lage-—

1087 2359 1134 2376 nas
1145 2351 1226 2376 etiam
1238 2350 1331 2376 inanes
1341 2347 1510 2383 obsignabat,
1529 2356 1561 2373 ne
1571 2345 1880 2372 dicerenturinanesali-

1085 2395 1154 2422 quae
1174 2387 1272 2417 fuisse,
1295 2394 1364 2421 quae
1380 2385 1472 2411 furtim
1487 2389 1576 2410 essent
1590 2383 1751 2410 exsiccatae:
1783 2383 1823 2409 sic
1837 2387 1876 2414 tu,

1085 2425 1205 2455 etiamsi,
1223 2423 1296 2459 quod
1310 2423 1427 2453 scribas,
1445 2430 1496 2448 non
1513 2420 1639 2451 habebis.
1656 2420 1767 2447 scribito
1778 2425 1876 2450 tamen,

1086 2470 1118 2487 ne
1139 2461 1241 2488 furtum
1259 2460 1417 2487 cessationis
1432 2458 1600 2494 quaesivisse
1616 2457 1744 2484 videaris.
1793 2455 1878 2483 Valde

1084 2499 1157 2524 enim
1172 2499 1209 2524 mi
1225 2505 1332 2532 semper
1347 2501 1372 2522 et
1386 2504 1449 2522 vera
1463 2499 1490 2522 et
1504 2494 1594 2521 dulcia
1610 2495 1664 2521 tuis
1674 2493 1796 2529 epistolis
1806 2501 1878 2520 nun—

1083 2536 1193 2562 tiantur.
1225 2537 1290 2561 Ama
1301 2543 1349 2560 nos
1359 2538 1385 2560 et
1395 2532 1464 2559 vale.

1137 2611 1236 2632 UVII.
1265 2611 1344 2632 ARG.
1374 2608 1490 2630 Invehitur
1506 2609 1530 2629 in
1548 2609 1641 2630 Pansam
1661 2613 1682 2629 et
1700 2607 1796 2628 Hirtium
1816 2614 1874 2628 eou-

1082 2647 1140 2668 dess.
1156 2649 1243 2673 (Rom-c,
1251 2647 1336 2667 Antonin
1345 2653 1383 2665 cos.
1395 2647 1449 2669 no.)
