1941 3052
229 146 278 170 1596
689 142 730 166 56.

229 226 242 241 u
260 216 315 242 viro
330 215 430 249 optimo
445 218 470 239 et
484 213 516 238 nli
532 212 638 238 linminr·
654 211 763 237 minime
778 209 860 236 undio
874 210 1017 243 cogitatum

231 290 301 319 tiu-r,
319 289 364 314 ned
382 298 413 314 ιιι·
429 288 575 321 siispiviuse
594 285 714 319 quidem.
755 286 859 316 Quum,
878 284 977 318 inquit,
991 284 1017 309 in

209 329 213 333 '
229 327 366 352 ‹mu-num
386 325 510 350 Luceium
526 323 642 348 venisses
654 327 678 347 et
689 322 799 347 domum
812 321 890 354 regis,
905 321 1018 355 hospitis
1040 322 1049 347 ,l

229 365 281 394 tui,
299 364 472 390 devertisses,
492 360 564 386 lucus
579 364 633 385 erut
647 359 770 393 qnidam,
792 359 817 384 in
832 367 886 393 qno
901 362 974 384 erant
990 366 1018 383 ea
1041 375 1049 388 μ

228 401 381 434 emimus-ita,
395 399 494 433 quilius
507 406 550 423 rex
567 401 590 422 tt·
603 405 740 422 inunt-rare
752 397 932 422 constituerat.
963 395 1019 421 ltuc
1041 418 1043 423 ‚

230 443 253 463 ti·
269 448 281 462 ι·
299 437 403 465 lmlneo,
423 435 578 469 priusquam
600 433 780 463 avennstzeres,
794 433 890 459 ducere
903 432 1016 458 volebat.

229 475 308 500 lirant
324 474 393 499 enim
406 472 508 501 arinati,
522 471 568 506 qui
582 475 605 497 te
617 471 800 501 interficerent,
815 471 840 496 in
852 479 883 495 eo
895 470 952 504 ipso
964 469 1020 495 loco

228 511 356 537 collocati.
384 511 420 535 tin
433 510 543 539 crimen,
557 517 588 534 en
600 517 702 538 caussa,
716 517 764 533 cnr
776 516 863 541 regem
876 507 1016 541 fugitivum

202 557 205 559 ·
228 548 365 574 dominnm
377 556 471 572 servus
482 550 596 572 accuset.
638 546 692 580 Ego
704 544 863 574 mehercule,
877 545 1018 575 Genesar,

229 586 316 615 initio,
333 593 418 619 quum
435 583 516 609 estad
529 592 570 609 me
583 583 630 609 ista
642 591 734 608 caussa
747 582 842 612 delata,
857 582 1018 616 Phidippum

229 622 375 652 medicum,
398 630 506 647 servum
529 621 645 655 regium,
669 621 716 655 qni
732 629 793 645 cum
810 619 903 654 legatis
919 619 1019 644 missus

228 664 310 689 esset,
328 659 360 684 ab
378 659 428 684 isto
443 658 609 684 adolescente
620 666 678 683 esse
689 662 857 691 corruptum,
872 657 919 682 hac
929 657 1020 690 suspi-

227 698 302 722 cione
318 705 377 722 sum
396 704 552 730 percussus:
577 695 709 721 medicum
722 694 835 720 indicem
848 694 1017 720 subornavit:

228 734 309 769 finget
320 733 442 759 videlicet
453 732 560 767 aliquod
571 733 671 758 crimen
685 732 788 758 veneni.
820 732 875 757 Etsi
887 741 900 757 a
913 732 1020 757 veritate

229 771 318 806 longe,
337 775 423 797 tamen
439 779 452 796 a
468 770 660 796 consuetudine
671 769 828 795 criminandi
841 778 891 795 non
904 768 1019 794 multum
1042 771 1043 774 ’

228 817 269 835 res
285 808 452 834 abhorrebat.
486 810 525 833 ⁴8.
546 807 616 839 Quid
632 807 667 832 ait
683 805 821 832 medicus?
842 805 913 832 Nihil
929 805 962 831 de
974 814 1020 831 ve—

228 854 304 872 neno.
337 846 369 872 At
381 845 406 871 id
419 845 473 871 lieri
487 845 572 879 potuit
584 845 669 878 primo
680 844 810 870 occultius
822 844 847 869 in
861 844 966 878 potione
978 843 1018 868 vel

228 884 254 909 in
270 883 343 909 cibo:
367 882 462 908 deinde
477 883 556 908 etiam
575 882 714 916 impunius
731 882 771 912 fit,
789 881 870 915 quod,
884 889 968 915 quum
980 884 1021 906 est
1042 909 1043 916 ἵ

619 919 647 945 si
673 918 759 953 palam
782 923 806 944 te
827 919 1017 944 interemisset:
1042 926 1043 947 ζ

229 920 340 951 factum,
369 920 456 955 negari
483 924 577 954 potest.

206 971 210 978 ι
227 959 347 984 omnium
361 958 426 984 inse
437 958 556 992 gentium
569 956 713 982 nonsolum
725 955 936 986 odia‚sedetiam
949 963 1020 981 arma

227 995 415 1026 convertisset;
438 995 461 1020 si
479 1003 592 1020 veneno:
616 994 684 1020 lovis
697 993 770 1019 illius
781 993 890 1028 quidem
904 993 1021 1027 hospita-

230 1033 261 1058 lis
283 1041 381 1059 numen
402 1041 548 1067 numquam
565 1031 648 1057 celare
666 1031 806 1065 potuisset,
832 1030 952 1056 homines
969 1029 1021 1055 for-

228 1075 297 1096 tasse
317 1069 467 1096 celavisset.
497 1068 574 1101 Quod
595 1069 676 1101 igitur
691 1073 716 1094 et
730 1068 861 1094 occultius
876 1068 977 1098 conari,
996 1071 1021 1093 et

227 1107 331 1133 efficere
350 1107 455 1132 cautius
471 1107 569 1140 potuit:
593 1106 619 1132 id
637 1106 698 1136 tibi,
715 1110 740 1131 et
756 1105 858 1131 medico
872 1104 982 1135 callido,
995 1109 1020 1130 et

228 1153 318 1175 servo,
337 1149 365 1170 ut
381 1144 503 1178 putabat,
522 1143 606 1173 fideli,
626 1152 675 1169 non
691 1143 817 1168 eredidit:
839 1142 872 1168 de
883 1143 973 1171 armis,
987 1141 1020 1167 de

228 1181 304 1212 ferro,
318 1181 350 1207 de
363 1181 467 1207 insidiis
479 1181 562 1206 celare
574 1186 598 1206 te
611 1180 713 1206 noluit?
737 1182 775 1206 ⁴9.
788 1181 821 1206 At
832 1188 912 1214 quam
926 1178 1020 1205 festive

227 1220 327 1245 crimen
344 1218 510 1245 contexitur?
530 1218 584 1244 Tua
597 1222 629 1248 te,
644 1218 740 1252 inquit,
754 1217 855 1247 eadem,
869 1225 937 1251 quae
949 1225 1020 1242 sem-

228 1264 282 1290 per,
297 1256 400 1282 fortuna
412 1256 540 1282 servavit:
565 1255 758 1289 negavistitum
767 1259 790 1280 te
801 1253 1018 1288 inspieerevelle.

228 1294 280 1319 vlt.
299 1292 368 1325 Quid
385 1292 492 1328 postea?
511 1292 550 1319 An
562 1292 698 1318 Deiotarus
710 1301 764 1322 rex,
778 1291 824 1318 illo
839 1296 956 1326 tempore
968 1299 1019 1317 non

226 1330 342 1365 perfecta
359 1339 397 1361 re,
415 1331 540 1356 continuo
556 1330 658 1356 dimisit
673 1328 838 1356 exercitum?
856 1328 954 1355 Nullus
965 1333 1020 1354 erat

227 1368 295 1394 alius
311 1367 456 1394 insidiandi
474 1366 564 1394 locus‘?
584 1367 617 1393 At
628 1366 720 1393 eodem
733 1371 770 1397 te,
783 1375 869 1401 quum
882 1366 1020 1392 caenavis-

227 1413 282 1436 ses,
301 1405 448 1431 rediturum
460 1405 580 1431 dixeras:
603 1405 692 1439 itaque
705 1404 800 1430 fecisti.
832 1404 927 1430 Horam
939 1412 1017 1430 unam

226 1446 272 1469 aut
286 1442 352 1468 duas
368 1442 460 1468 eodem
478 1442 534 1468 loco
544 1446 666 1472 armatos,
681 1446 710 1467 ut
720 1441 839 1468 collocati
853 1441 964 1471 fuerant,
978 1449 1020 1467 re-

226 1481 309 1506 tinere
321 1488 448 1515 magnum
461 1479 528 1505 suit?
547 1479 636 1511 Quum
649 1480 675 1505 in
686 1479 810 1505 convivio
821 1479 931 1505 comiter
941 1483 967 1504 et
977 1478 1020 1504 iu-

225 1517 312 1543 cunde
328 1516 440 1547 fuisses,
459 1521 514 1543 tuni
527 1516 591 1542 illuc
602 1517 655 1547 isti,
669 1521 698 1542 ut
709 1516 825 1542 dixeras.
855 1515 913 1548 Quo
924 1516 951 1541 in
964 1515 1020 1542 loco

225 1555 375 1580 Deiotarum
388 1554 466 1580 talem
478 1563 540 1589 erga
551 1558 576 1580 te
586 1554 744 1589 cognovisti,
757 1553 846 1588 qualis
858 1562 904 1579 rex
914 1552 1019 1579 Attalus

226 1592 253 1618 in
269 1592 296 1617 Ρ.
310 1591 465 1617 Africanum
478 1591 540 1617 fuit:
563 1591 606 1617 cui
619 1590 883 1626 magnificentissima
895 1590 976 1620 dona,
990 1594 1020 1616 ut

225 1629 355 1663 scriptum
369 1629 589 1664 leginms‚usque
600 1628 632 1654 ad
639 1628 810 1654 Numantiam
823 1628 1017 1659 misitexAsia3

225 1675 294 1701 quae
310 1665 463 1696 Africanus,
476 1666 641 1700 inspectante
651 1665 778 1696 exercitu,
792 1665 902 1700 accepit.
943 1664 1019 1696 Quod

225 1712 311 1738 quum
323 1711 449 1738 praesens
461 1703 598 1729 Deiotarus
609 1703 682 1738 regio
692 1707 719 1729 et
729 1703 818 1728 animo
829 1706 854 1728 et
861 1710 933 1728 more
941 1701 1020 1727 fecis-

225 1745 273 1771 set,
291 1745 319 1767 tu
332 1741 358 1766 in
369 1740 525 1767 cubiculum
537 1740 694 1766 discessisti.
715 1741 757 1767 20.
770 1739 900 1770 Obsecro,
913 1739 1016 1770 Caesar,

226 1781 315 1812 repete
336 1778 462 1812 temporis
482 1777 557 1804 illius
578 1778 749 1803 memoriam:
771 1785 840 1811 pone
860 1776 938 1803 illum
959 1781 1019 1802 ante

226 1815 317 1841 oculos
337 1814 422 1841 diem:
445 1814 537 1841 vultus
556 1814 695 1840 hominum
713 1819 737 1840 te
756 1814 919 1840 intuentium
939 1818 1019 1848 atque

226 1852 415 1878 admirantium
431 1851 575 1878 recordare.
608 1852 677 1878 Num
692 1859 760 1886 quae
776 1850 934 1886 trepidatio?
954 1859 1018 1877 num

225 1890 274 1924 qui
289 1888 439 1915 tumultus?
460 1898 524 1915 num
539 1888 619 1923 quid,
633 1889 684 1915 nisi
697 1888 838 1919 moderate,
851 1889 903 1914 nisi
917 1888 1016 1923 quiete,

226 1927 278 1953 nisi
294 1935 328 1952 ex
343 1927 459 1952 hominis
474 1926 629 1962 gravissimi
644 1931 670 1952 et
685 1926 848 1952 sanctissimi
859 1925 1020 1960 disciplina?

225 1963 297 1996 Quid
317 1964 399 1999 igitur
413 1972 523 1989 caussae
539 1963 681 1998 excogitari
697 1967 796 1997 potest,
813 1971 861 1989 cur
876 1967 900 1989 te
917 1962 1018 1989 lautum
1042 1981 1043 1987 ,

226 2001 349 2032 voluerit,
363 2005 501 2027 caenatum
515 1999 770 2027 nolueritoccidere‘?
780 2001 821 2027 21.
835 2001 862 2026 ln
871 2004 1017 2035 posterum,

225 2039 327 2073 inquit,
341 2038 411 2064 diem
423 2037 536 2068 distulit,
551 2042 592 2068 ut,
605 2046 690 2072 quum
701 2038 728 2064 in
739 2037 878 2064 castellum
891 2038 1020 2063 Luceium

226 2080 336 2102 ventum
351 2080 430 2106 esset,
444 2076 481 2101 ibi
492 2076 604 2110 cogitata
616 2075 762 2109 perficeret.
784 2075 842 2101 Non
854 2074 931 2101 video
941 2083 1021 2101 caus-

225 2121 282 2139 sam
300 2112 350 2139 loci
365 2112 500 2139 mutandi:
522 2112 570 2138 sed
585 2117 673 2138 tamen
688 2116 744 2139 acta
759 2121 801 2138 res
816 2112 958 2138 criminose
969 2116 1018 2138 est.

225 2150 329 2183 Quum,
346 2151 447 2185 inquit,
466 2158 571 2176 vomere
588 2154 611 2176 te
623 2154 682 2184 post
692 2158 799 2176 caenam
811 2149 880 2175 velle
891 2149 1018 2180 dixisses.

224 2188 253 2214 in
269 2187 395 2214 balneum
411 2192 436 2213 te
450 2187 546 2213 ducere
557 2191 713 2222 coeperunt;
736 2187 774 2213 ibi
786 2187 856 2213 enim
869 2192 942 2213 erant
952 2187 1021 2213 insi·
1042 2203 1051 2209 ..

225 2224 298 2257 diae,
321 2230 346 2251 at
358 2229 381 2251 te
393 2224 483 2251 eadem
496 2229 540 2251 tua
553 2224 657 2251 fortuna
668 2224 799 2255 servavit3
822 2225 849 2250 in
861 2223 1019 2250 cubiculum

225 2267 250 2289 te
261 2263 299 2289 ire
311 2261 390 2288 malle
401 2262 503 2288 dixisti.
535 2262 575 2288 Dii
587 2266 611 2288 te
623 2262 756 2296 perduint,
771 2261 898 2297 fugitive!
919 2262 956 2287 ita
967 2270 1020 2288 non

226 2299 304 2326 modo
319 2308 435 2334 nequam
455 2304 480 2325 et
495 2299 647 2334 improbus,
664 2299 711 2325 sed
728 2298 817 2325 fatuus
832 2303 858 2325 et
873 2307 964 2325 amens
979 2307 1018 2324 es.

224 2336 313 2369 Quid?
332 2336 377 2363 ille
398 2337 474 2373 signa
494 2345 574 2362 aenea
594 2337 621 2363 in
637 2336 744 2363 insidiis
762 2340 900 2371 posuerat,
921 2344 990 2371 quae
1005 2344 1020 2362 e

225 2374 320 2400 balneo
330 2374 357 2400 in
368 2373 525 2400 cubiculum
536 2373 674 2400 transferri
685 2382 737 2400 non
749 2372 875 2408 possent?
884 2388 921 2392 —
933 2373 1019 2399 Habes

224 2411 336 2437 crimina
351 2411 521 2438 insidiarum.
552 2411 625 2437 Nihil
641 2411 712 2437 enim
727 2411 796 2437 dixit
809 2410 936 2445 amplius.
967 2410 1021 2436 Ho-

225 2457 294 2479 rum,
307 2449 404 2483 inquit,
416 2457 487 2475 eram
499 2449 633 2475 conscius.
654 2448 726 2480 Quid
737 2446 837 2484 tu[m]‘?
861 2448 897 2473 lta
907 2447 1018 2474 demens

225 2484 270 2510 ille
286 2490 352 2515 erat,
370 2490 400 2512 ut
409 2494 484 2517 eum,
497 2494 580 2520 quem
593 2485 731 2512 conscium
742 2485 808 2510 tanti
818 2484 926 2511 sceleris
938 2484 1020 2510 habe-

226 2521 284 2551 bat,
307 2530 319 2547 a
337 2531 365 2548 se
384 2522 546 2549 dimitteret?
563 2523 674 2549 Romam
689 2522 770 2548 etiam
787 2522 913 2552 mitteret,
931 2521 978 2548 ubi
994 2525 1020 2548 et

225 2558 444 2585 inimicissimum
458 2560 538 2586 sciret
551 2568 610 2586 esse
621 2563 743 2594 nepotem
755 2567 835 2584 suum
847 2563 873 2584 et
883 2558 912 2585 C.
924 2559 1020 2585 Caesa-

227 2603 296 2625 rem,
314 2596 357 2621 cui
372 2595 479 2622 fecisset
492 2596 622 2623 insidias?
645 2596 800 2632 praesertim
816 2604 902 2630 quum
913 2596 936 2621 is
947 2604 1019 2622 unus

227 2637 311 2662 esset,
331 2633 378 2667 qui
394 2637 483 2667 posset
493 2633 526 2659 de
537 2634 645 2660 absente
656 2642 685 2660 se
695 2631 850 2659 vindicare?
870 2634 910 2658 22.
923 2632 956 2658 Et
967 2632 1020 2658 fra-

227 2674 279 2695 tres
291 2678 373 2700 meos⁷
381 2670 478 2705 inquit.
486 2671 558 2705 quod
568 2675 643 2698 erant
652 2671 761 2702 conscii,
774 2670 802 2697 in
813 2669 920 2696 vincula
930 2670 1020 2696 conie-

1046 209 1049 250 ξ
1069 210 1113 235 rit.

229 262 288 278 esse
303 252 462 284 vontingitis.
497 251 535 275 ΓΙ.
550 250 580 274 ,ti
591 258 672 283 qninn
685 257 735 273 non
749 248 827 273 modo
841 256 892 273 non
903 246 1019 272 ert-dibi·
1040 259 1049 262 ιι

1040 268 1041 271 ’
1047 268 1049 280 l

766 140 800 166 M.
834 139 864 165 Τ.
899 138 1172 166 ClCEltONlS
1205 138 1391 166 ORATIO

1154 208 1242 241 Quum
1259 210 1341 243 igitur
1350 218 1396 235 eos
1409 210 1533 240 vinciret.
1545 219 1614 245 quos
1625 219 1716 237 secum
1733 210 1856 242 habebat,

1070 252 1093 272 te
1109 246 1227 272 solutum
1244 247 1352 273 uoniam
1368 247 1501 278 mittebat,
1517 256 1564 283 qui
1579 248 1670 274 eadem
1683 249 1778 279 scires.
1790 256 1860 284 quae

1047 285 1049 321 ί
1070 284 1129 310 illos
1141 284 1208 309 seire
1219 283 1304 310 dicis?

1047 346 1049 371 l

1041 389 1049 408 *l

1042 442 1043 456 ι

1042 461 1049 486 ¹}

1126 321 1189 347 vm.
1212 320 1322 355 Reliqua
1339 329 1398 355 pars
1414 322 1587 348 accusationis
1597 322 1698 357 duplex
1710 322 1774 349 fuit:
1796 330 1858 354 una,

1071 367 1158 393 regern
1180 366 1285 392 semper
1306 359 1332 384 in
1353 358 1469 392 speculis
1489 358 1586 390 fuisse,
1601 368 1686 395 quum
1703 369 1716 385 a
1733 365 1757 385 te
1772 360 1861 387 animo

1070 400 1140 421 esset
1149 395 1248 421 alieno:
1266 394 1355 425 altera,
1369 396 1513 421 exercitum
1525 402 1685 422 cumcontra
1697 401 1721 422 te
1732 406 1859 429 magnum

1070 441 1248 467 comparasse.
1289 433 1324 458 De
1339 433 1456 458 exercitu
1472 432 1557 459 dicam
1574 433 1702 464 breviter,
1720 439 1748 460 ut
1763 439 1859 460 cetera.

1073 470 1223 504 Numquam
1244 477 1288 495 eas
1309 470 1398 504 copias
1419 478 1464 496 rex
1486 470 1620 496 Deiotarus
1636 470 1742 500 habuit,
1759 472 1861 506 quilius

1072 507 1166 533 inferre
1191 506 1291 533 bellurn
1313 506 1412 541 populo
1432 507 1548 533 {lornano
1569 513 1670 542 quisset:
1692 508 1739 534 sed
1759 509 1861 543 quibua

1071 545 1136 570 fines
1148 553 1210 570 suos
1221 544 1254 570 ab
1268 545 1473 570 excursionibus
1485 544 1602 571 hostium
1612 550 1637 571 et
1650 545 1791 571 latrociniis
1803 551 1862 572 tue-

1071 587 1142 608 retur
1153 587 1178 608 et
1189 581 1392 616 imperatoribus
1404 582 1501 608 nostris
1511 582 1611 608 auxilia
1626 583 1748 608 mitteret.
1774 583 1862 618 Atque

1070 624 1145 645 antea
1160 619 1268 653 quidem
1285 620 1396 645 maiores
1407 620 1496 653 copias
1507 619 1576 645 alere
1588 624 1700 654 poterat:
1723 628 1794 646 nunc
1805 620 1862 647 exi-

1048 656 1049 661 *
1070 666 1137 692 guas
1149 657 1374 691 vixtueripotest.
1397 658 1436 682 23.
1446 657 1477 682 At
1489 657 1562 682 misit
1572 656 1862 687 adCaoeitium,noecio

1048 698 1049 726 j
1070 703 1164 729 quern:
1188 694 1234 719 sed
1257 702 1316 723 eos,
1337 702 1406 728 quos
1422 694 1506 724 misit,
1523 694 1595 728 quod
1612 695 1648 720 ire
1663 693 1816 725 noluerunt.
1834 694 1862 721 in

1048 740 1049 755 ι
1072 731 1178 758 vincula
1198 731 1318 757 coniecit.
1350 731 1406 757 Non
1426 740 1538 766 quaero,
1555 739 1636 765 quam
1654 731 1800 758 verisimile
1815 731 1860 761 sit,

1071 773 1116 795 aut
1131 777 1181 795 non
1199 769 1326 794 habuisse
1341 777 1443 803 regem,
1456 777 1524 803 quos
1536 770 1660 799 mitteret,
1672 773 1717 794 aut
1727 777 1781 798 eos.
1793 777 1863 804 quos

1071 807 1202 835 misisset.
1226 815 1276 831 non
1299 807 1433 840 paruisse3
1455 810 1513 835 aut,
1533 806 1580 840 qui
1596 805 1667 832 dicto
1681 806 1820 832 audientes
1834 806 1862 833 iu

1072 848 1140 869 tanta
1156 852 1183 869 re
1198 852 1249 869 non
1266 842 1392 873 fuissent,
1405 852 1449 869 eos
1466 844 1566 869 vinctos
1578 843 1680 877 potius,
1692 852 1773 878 quam
1786 851 1863 870 neca-

1072 886 1111 907 tos
1127 880 1221 906 fuisse.
1253 879 1305 906 Sed
1321 885 1417 910 tamen,
1430 889 1515 915 quum
1527 880 1559 906 ad
1571 880 1715 906 Caecilium
1731 881 1860 910 mittebat,

1072 923 1160 944 utrum
1177 926 1298 944 caussam
1310 917 1381 943 illam
1395 918 1490 944 victam
1502 926 1560 943 esse
1572 918 1714 948 nesciebat,
1727 927 1760 944 an
1771 918 1863 944 Caeci-

1073 955 1137 981 lium
1154 957 1250 985 istum,
1269 964 1395 989 magnum
1412 955 1547 981 hominem
1564 954 1690 989 putabat?
1709 964 1789 990 quern
1802 964 1863 990 pro-

1072 992 1138 1019 fecto
1154 993 1191 1023 is,
1207 993 1255 1027 qui
1275 993 1374 1026 optime
1389 997 1492 1019 nostros
1507 992 1628 1018 homines
1645 993 1730 1021 novit,
1745 992 1786 1018 vel
1798 993 1862 1027 quia

1073 1039 1123 1056 non
1145 1034 1247 1060 nosset,
1266 1029 1306 1055 vel
1321 1030 1343 1055 si
1361 1034 1461 1060 nosset,
1479 1034 1668 1056 contemneret.
1699 1031 1739 1056 24.
1753 1029 1865 1056 Addidit

1050 1072 1051 1078 ¹
1071 1068 1150 1094 etiam
1163 1067 1239 1097 illud,
1253 1067 1356 1102 equites
1367 1075 1418 1093 non
1429 1067 1544 1101 optimos
1555 1067 1662 1092 misisse
1673 1067 1731 1092 tibi.
1745 1067 1861 1098 Veteres,

1042 1106 1051 1140 ’ζ
1071 1104 1162 1135 credo,
1180 1105 1287 1131 Caesar:
1320 1103 1385 1130 nibil
1401 1104 1434 1130 ad
1451 1109 1527 1130 tuum
1543 1104 1705 1138 equitatum:
1728 1103 1775 1130 sed
1791 1104 1864 1131 misit

1049 1149 1051 1168 1
1071 1150 1104 1168 ex
1124 1142 1171 1172 iis,
1193 1150 1261 1176 quos
1277 1141 1384 1171 habuit,
1401 1141 1508 1167 electos.
1539 1141 1572 1167 At
1587 1142 1676 1167 nescio
1689 1149 1770 1176 quem
1784 1149 1818 1168 ex
1832 1150 1864 1168 eo

1049 1175 1051 1191 ³
1072 1187 1190 1209 numero,
1204 1178 1477 1205 servumiudicatum.
1499 1178 1688 1210 Nonarbitror;
1702 1178 1862 1205 nonaudivi.

1049 1222 1053 1232 '
1072 1216 1125 1242 Sed
1146 1217 1173 1242 in
1194 1224 1237 1245 eo.
1261 1216 1365 1242 etiamsi
1381 1216 1535 1246 accidisset,
1552 1215 1659 1251 culpam
1675 1216 1745 1252 regis
1760 1215 1863 1242 nullam

1071 1253 1156 1280 fuisse
1167 1253 1317 1279 arbitrarer.

1127 1291 1174 1317 IX.
1190 1291 1284 1317 Alieno
1294 1294 1382 1316 autem
1394 1299 1407 1316 a
1419 1290 1540 1316 teanimo
1551 1289 1610 1316 fuit.
1631 1288 1788 1322 Quomodo?
1797 1289 1864 1325 Spe-

1071 1329 1148 1359 ravit,
1161 1328 1248 1358 credo,
1261 1327 1384 1354 difficiles
1396 1328 1444 1354 tibi
1455 1327 1614 1354 Alexandria
1627 1327 1681 1354 fore
1691 1327 1789 1358 exitus.
1803 1335 1866 1362 pro—

1072 1370 1130 1400 pter
1140 1366 1256 1401 regionis
1268 1370 1388 1392 naturam
1401 1370 1426 1392 et
1437 1364 1565 1391 fluminis.
1592 1365 1625 1391 At
1635 1373 1666 1391 eo
1676 1365 1736 1399 ipso
1746 1369 1866 1400 tempore

1071 1403 1211 1438 pecuniam
1223 1402 1306 1433 dedit,
1319 1403 1465 1429 exercitum
1477 1402 1556 1435 aluit;
1579 1410 1660 1437 quem
1671 1403 1750 1428 Asiae
1761 1401 1865 1437 praefe-

1070 1449 1158 1471 ceras,
1171 1439 1245 1467 nulla
1261 1449 1288 1466 re
1302 1440 1400 1466 defuit:
1423 1440 1472 1466 tibi
1487 1440 1593 1470 victori,
1611 1448 1663 1466 non
1674 1439 1761 1466 sotum
1773 1439 1805 1466 ad
1817 1439 1865 1466 ho—

1070 1478 1191 1512 spitium,
1205 1477 1253 1504 sed
1263 1477 1295 1504 ad
1302 1477 1450 1512 periculum
1457 1478 1536 1504 etiam
1543 1482 1622 1512 atque
1633 1476 1665 1503 ad
1671 1477 1754 1503 aciem
1760 1481 1865 1511 praesto

1072 1515 1131 1541 fuit.
1161 1516 1203 1542 25.
1217 1514 1344 1541 Secutum
1356 1519 1397 1541 est
1407 1514 1509 1541 bellum
1520 1514 1686 1541 Africanum.
1717 1513 1819 1540 Graves
1830 1513 1866 1541 de

1070 1557 1095 1579 te
1106 1560 1227 1579 rumores
1238 1553 1338 1587 sparsi:
1351 1553 1399 1587 qui
1409 1553 1489 1579 etiam
1496 1551 1711 1578 furiosumillum
1719 1550 1865 1578 Caecilium

1070 1590 1262 1616 excitaverunt.
1301 1589 1360 1622 Quo
1374 1594 1431 1616 tum
1447 1598 1509 1625 erga
1525 1594 1550 1615 te
1564 1597 1611 1615 rex
1625 1589 1715 1615 animo
1729 1587 1798 1614 fuit‘?
1815 1589 1865 1623 qui

1070 1627 1237 1653 auctionatus
1248 1627 1293 1657 sit,
1301 1635 1413 1662 seseque
1424 1626 1572 1661 exspoliare
1583 1625 1714 1656 maluerit,
1722 1633 1803 1660 quam
1816 1625 1864 1651 tibi

1071 1665 1212 1698 pecuniam
1228 1672 1281 1690 non
1295 1664 1510 1690 subministrare.
1540 1663 1574 1689 At
1583 1671 1623 1693 eo,
1636 1663 1733 1697 inquit,
1747 1667 1865 1697 tempore

1070 1702 1129 1736 ipso
1154 1701 1275 1727 Nicaeam
1302 1701 1495 1736 Ephesumque
1519 1700 1652 1730 mittebat,
1675 1700 1724 1734 qui
1743 1708 1865 1726 rumores

1070 1738 1207 1765 Africanos
1213 1739 1373 1773 exciperent,
1382 1742 1407 1764 et
1417 1737 1610 1764 celeriteradse
1616 1736 1752 1763 referrent.
1773 1737 1865 1772 Itaque

1070 1784 1155 1811 quum
1167 1774 1589 1805 esseteinuntiatum.Domitium
1596 1773 1735 1809 naufragio
1741 1774 1862 1808 periisse,

1071 1818 1095 1839 te
1111 1813 1138 1839 in
1153 1812 1263 1839 castello
1276 1812 1475 1839 circumsideri:
1497 1811 1531 1838 de
1546 1812 1660 1838 Domitio
1675 1811 1745 1837 dixit
1755 1819 1864 1837 versum

1071 1850 1203 1877 Graecum
1223 1850 1316 1877 eadem
1335 1850 1479 1881 sententia,
1501 1857 1555 1884 qua
1573 1849 1653 1875 etiam
1670 1856 1718 1875 nos
1733 1848 1865 1875 habemus

1070 1888 1209 1914 Latinum:

1124 1925 1234 1951 Per-erint
1243 1926 1330 1954 amici,
1344 1926 1403 1951 dum
1414 1927 1467 1950 tina
1477 1925 1577 1949 inimici
1587 1924 1757 1949 intercidant:

1070 1962 1143 1998 quod
1158 1962 1217 1993 ille,
1235 1962 1259 1988 si
1273 1966 1344 1988 esset
1359 1962 1407 1988 tibi
1423 1960 1643 1991 inimicissimus,
1660 1967 1809 1994 numquam
1825 1964 1865 1986 ta-

1071 2008 1132 2026 men
1151 2000 1274 2026 dixisset.
1304 1999 1364 2034 lpse
1378 1999 1449 2025 enim
1465 2002 1634 2029 mansuetu53
1659 2005 1754 2023 versus
1768 1997 1865 2023 imma-

1071 2038 1122 2063 nis.
1156 2036 1207 2069 Qui
1223 2041 1311 2063 autem
1327 2036 1441 2062 Domitio
1451 2039 1551 2070 poterat
1561 2043 1622 2061 esse
1632 2035 1743 2065 amicus,
1755 2034 1803 2069 qui
1814 2033 1865 2060 tibi

1071 2079 1141 2101 esset
1155 2073 1300 2100 inimicus?
1320 2073 1369 2100 tibi
1385 2082 1462 2108 porro
1477 2072 1604 2099 inimicus
1618 2080 1667 2098 cur
1680 2075 1764 2102 esset,
1781 2079 1796 2097 a
1809 2079 1866 2106 quo

1070 2120 1157 2146 quum
1167 2111 1210 2137 vel
1222 2110 1344 2140 interfici,
1358 2110 1422 2137 belli
1433 2110 1500 2146 lege,
1515 2109 1654 2144 potuisset,
1667 2116 1757 2143 regem
1768 2112 1795 2134 et
1804 2112 1866 2135 seet

1071 2149 1156 2175 tilium
1177 2157 1259 2175 suum
1277 2148 1435 2174 constitutos
1450 2155 1509 2173 esse
1526 2145 1711 2173 meminisset?
1734 2147 1777 2172 26.
1793 2144 1864 2178 Quid

1071 2185 1186 2212 deinde‘?
1209 2185 1318 2212 furcifer
1341 2193 1396 2220 quo
1419 2182 1606 2220 progreditur?
1625 2184 1674 2213 ait.
1695 2182 1745 2209 hac
1765 2182 1864 2209 laetitia

1071 2224 1221 2250 Deiotarum
1243 2222 1357 2253 elatum,
1374 2223 1437 2248 vino
1451 2230 1480 2248 se
1495 2221 1631 2251 obruisse,
1648 2221 1676 2246 in
1686 2220 1865 2254 convivioque

1071 2260 1176 2287 nudum
1200 2259 1350 2286 saltavisse.
1384 2259 1457 2291 Quae
1477 2267 1544 2285 crux
1563 2257 1626 2284 huic
1644 2256 1758 2292 fugitivo
1778 2261 1866 2291 potest

1071 2299 1135 2324 satis
1145 2297 1272 2332 supplicii
1283 2295 1393 2323 afferre?
1405 2297 1555 2322 Deiotarum
1561 2294 1699 2321 saltantem
1706 2294 1861 2328 quisquam,

1071 2339 1116 2361 aut
1135 2335 1241 2361 ebrium
1256 2334 1324 2360 vidit
1339 2333 1486 2368 umquam?
1505 2332 1605 2359 Omnes
1619 2335 1683 2357 sunt
1696 2331 1725 2357 in
1739 2330 1786 2357 illo
1800 2338 1864 2366 rege

1071 2373 1158 2408 regiae
1170 2372 1291 2402 virtutes,
1304 2371 1377 2406 quod
1387 2376 1422 2402 te,
1431 2370 1534 2400 Caesar,
1543 2369 1662 2404 ignorare
1673 2376 1725 2394 uon
1736 2367 1861 2394 arbitror:

1070 2410 1118 2435 sed
1129 2409 1271 2444 praecipue
1281 2408 1427 2444 singularis
1438 2412 1464 2434 et
1474 2405 1628 2433 admiranda
1638 2404 1787 2440 frugalitas.
1804 2405 1863 2431 Etsi

1071 2447 1120 2473 hoc
1130 2446 1212 2473 verbo
1222 2447 1278 2473 scio
1289 2445 1392 2472 laudari
1401 2453 1492 2480 regem
1502 2452 1554 2470 non
1565 2442 1660 2468 solere.
1682 2442 1765 2478 Frugi
1775 2441 1864 2468 homi-

1070 2492 1131 2510 nem
1147 2483 1212 2514 dici,
1229 2491 1282 2510 non
1298 2482 1415 2509 multum
1430 2481 1508 2508 habet
1523 2480 1610 2506 laudis
1620 2479 1648 2505 in
1659 2487 1735 2515 rege:
1756 2478 1860 2508 fortem,

1069 2521 1186 2551 iustum,
1207 2528 1346 2550 severum,
1367 2527 1489 2555 gravem,
1512 2517 1724 2552 magnanimum,
1747 2515 1754 2542 l
1853 2536 1860 2545 .

1070 2558 1234 2588 beneficum,
1256 2556 1406 2589 liberalem3
1433 2555 1483 2582 hae
1501 2558 1566 2580 sunt
1578 2554 1666 2589 regiae
1682 2553 1790 2580 laudes:
1815 2551 1863 2579 illa

1070 2596 1172 2629 privata
1191 2599 1240 2621 est.
1280 2594 1315 2620 Ut
1332 2593 1416 2624 volet,
1435 2592 1552 2627 quisque
1567 2591 1692 2625 accipiat:
1713 2599 1763 2626 ego
1773 2594 1862 2616 tamen

1070 2632 1258 2667 frugalitatem,
1270 2631 1299 2657 id
1309 2635 1350 2657 est
1359 2629 1516 2657 modestiam
1522 2633 1548 2654 et
1558 2628 1768 2662 temperantiam,
1776 2627 1863 2654 virtu-

1070 2673 1124 2696 tem
1135 2677 1193 2696 esse
1204 2669 1349 2695 maximam
1359 2666 1458 2695 iudico.
1479 2666 1548 2693 Haec
1563 2666 1590 2692 in
1601 2665 1648 2692 illo
1657 2669 1698 2692 est
1707 2664 1742 2691 ab
1752 2665 1861 2692 ineunte

1908 653 1921 714 ιε’.
1908 575 1921 644 «ξε-ι

1911 771 1921 828 ..cn
1913 750 1919 756 ,
