1941 3052
212 134 259 159 »220

209 204 256 233 tia,
274 209 406 230 cunctorem
419 203 540 232 aceli-rix,
559 203 704 237 principi-in
717 202 920 232 coniurationis,
937 210 1000 228 evo—

208 246 321 267 catorem
334 250 471 267 nervorum
484 246 508 266 et
519 241 618 265 civium
635 239 811 274 perditorum,
829 241 901 265 exire
918 239 1000 273 pati&

209 288 249 309 re,
269 284 296 304 ut
312 279 359 304 aba
375 284 399 304 te
416 288 465 304 non
482 278 598 302 emissus
610 285 642 302 ex
655 277 736 306 Urbe,
754 277 800 302 aed
819 277 957 302 immissus
974 277 999 302 in

209 316 306 342 Urbem
327 325 386 341 esse
410 315 546 340 videatur?
567 315 657 339 Nonne
675 314 745 340 bunc
762 314 787 340 in
805 313 910 339 vincula
927 313 998 344 duci,

209 362 260 379 non
282 354 313 378 nd
336 358 445 378 mortem
462 352 531 385 rapi,
555 360 605 376 non
622 360 729 376 aninmo
743 350 876 384 supplicio
893 351 999 377 mactari

208 389 372 424 inqu-rabis?
386 391 426 415 28.
440 388 509 420 Quid
522 388 626 414 tandem
640 392 663 413 te
676 387 804 422 impedit?
816 388 906 413 Mosne
918 389 1000 414 maio-

209 428 287 454 rum‘.¹
307 428 339 452 At
356 434 481 460 persaepe
493 427 571 451 etiam
585 426 679 459 privati
693 426 718 451 in
732 425 780 450 liae
792 425 927 459 republica
941 434 1001 459 per-

208 465 323 491 niciosos
335 464 406 488 cives
420 467 501 488 morto
514 462 684 488 mulctarunt.
726 463 765 488 Au
784 462 869 497 leges,
886 471 956 497 quae
967 463 1000 488 de

209 502 308 527 civium
323 501 499 526 llomnuorum
512 499 646 534 supplicio
658 505 760 535 rogatae
777 499 858 526 sunt?
878 500 910 526 At
922 509 1001 526 num-

208 547 287 573 quam
301 538 326 563 in
340 538 387 563 liae
404 537 468 563 urbo
484 537 515 568 ii,
533 537 579 572 qui
596 546 609 562 a
627 537 762 571 republica
778 537 945 568 defecerunt,
963 538 1001 564 ci-

209 576 282 601 vium
296 575 351 600 iura
364 579 513 600 tenuerunt.
541 575 580 600 An
593 575 720 600 invidiam
735 575 894 608 posteritatis
906 574 1002 600 times?

209 612 369 638 Praeclaram
387 620 448 638 vero
463 611 562 646 populo
579 612 694 638 llomano
709 611 790 638 refers
805 612 931 645 gratiam,
953 613 1000 647 qui
1022 609 1025 647 Ι

208 655 245 679 te,
264 650 398 675 bominem
415 658 460 684 per
476 654 500 675 te
515 649 666 685 cognitum,
684 649 757 675 nulla
772 649 1001 676 commendatione

209 688 351 717 maiorum,
380 691 431 712 tam
454 691 556 713 mature
577 686 609 712 ad
630 696 768 713 summum
790 688 933 721 imperium
956 696 1002 721 per

207 733 299 750 omnes
316 724 445 750 bonorum
462 723 561 757 gradus
576 723 686 754 extulit,
709 724 732 750 si
749 729 856 759 propter
871 724 1000 750 invidiam

207 766 252 787 aut
273 761 387 787 alicuius
404 761 514 796 periculi
532 767 631 788 metum
647 761 761 788 salutem
777 763 876 788 civium
895 766 1000 788 tuorum

208 798 334 834 negligis.
357 800 398 824 29.
411 798 472 829 Sed,
485 799 507 825 si
519 799 581 833 quis
593 803 633 825 est
644 799 760 825 invidiae
772 804 871 825 metus:
886 808 949 825 num
961 803 1002 825 est

207 836 393 862 vehementius
405 837 554 862 severitatis
566 845 594 862 ac
607 835 770 863 fortitudinis
787 836 901 867 invidia,
919 845 999 871 quam

207 873 316 899 inertiae
328 882 357 899 ac
369 873 503 908 nequitiae
515 873 743 908 pertimescenda?
762 874 816 904 An,
833 882 918 908 quum
932 874 1002 900 bello

207 911 355 936 vastabitur
367 911 452 941 Italia,
477 911 645 937 vexabuntur
661 911 754 942 urbes,
778 916 843 937 tecta
858 911 998 941 ardebunt,

205 951 264 978 tum
286 952 310 974 te
332 956 382 974 non
399 948 536 974 existimas
552 949 668 974 invidiae
685 948 806 975 inccndio
827 948 1002 984 conflagratu—

207 984 286 1011 rum‘?
315 985 373 1011 XII.
396 986 442 1011 llis
454 994 502 1021 ego
513 986 691 1012 sanctissimis
704 986 866 1020 reipublicae
879 986 998 1017 vocibus,

207 1027 335 1048 eteorum
348 1022 496 1054 hominum,
509 1024 556 1058 qui
569 1023 639 1049 idem
652 1023 779 1053 sentiunt,
789 1024 922 1050 mentibus
936 1032 1002 1058 pau-

206 1068 236 1085 ca
248 1059 423 1094 respondebo.
445 1060 509 1096 Ego,
523 1061 546 1086 si
560 1060 608 1087 boc
619 1061 750 1095 optimum
763 1060 831 1087 factu
844 1061 999 1091 iudicarem,

206 1101 295 1132 patres
315 1098 471 1132 conscripti,
495 1097 635 1124 Catilinam
657 1102 739 1125 morte
760 1098 896 1129 mulctari,
919 1099 1001 1124 unius

206 1143 317 1161 usuram
335 1134 413 1160 horae
428 1134 567 1170 gladiatori
584 1135 627 1161 isti
644 1135 676 1161 ad
689 1135 834 1162 vivendum
847 1144 898 1162 non
911 1135 1002 1161 dedis-

206 1180 273 1198 sem.
313 1172 433 1202 Etenim,
450 1172 473 1198 si
485 1173 585 1198 summi
601 1173 651 1199 viri
667 1177 692 1200 et
706 1172 848 1199 clarissimi
864 1173 937 1199 cives
953 1172 1002 1199 Sa-

207 1209 308 1235 turnini
324 1213 350 1235 et
365 1209 546 1236 Gracchorum
563 1214 588 1236 et
600 1209 686 1236 Flacci
701 1214 727 1236 et
742 1211 911 1245 superiorum
928 1218 1001 1236 com-

205 1245 326 1282 plurium
346 1246 478 1282 sanguine
499 1255 550 1273 non
571 1247 649 1274 modo
664 1256 692 1273 se
709 1256 761 1274 non
776 1248 998 1278 contaminarunt,

205 1283 253 1310 sed
265 1284 344 1310 etiam
356 1283 542 1310 honestarunt:
555 1289 625 1310 certe
637 1285 702 1311 mihi
715 1285 861 1311 verendum
873 1294 924 1311 non
936 1289 998 1316 erat,

205 1329 239 1347 ne
249 1320 329 1355 quid,
343 1321 392 1347 hoc
404 1321 533 1355 parricida
544 1322 645 1348 civium
657 1321 808 1353 interfecto,
821 1322 938 1348 invidiae
950 1323 1002 1348 mi-

205 1357 233 1384 hi
245 1358 272 1384 in
284 1358 463 1392 posteritatem
476 1358 644 1385 redundaret.
674 1359 750 1391 Quod
762 1360 785 1386 si
796 1368 825 1386 ea
837 1360 903 1386 mibi
916 1359 1002 1386 maxi-

205 1403 248 1421 me
259 1395 437 1430 impenderet,
452 1400 539 1422 tamen
551 1396 600 1422 hoc
611 1397 700 1423 animo
711 1405 816 1431 semper
828 1396 875 1427 fui,
890 1401 918 1423 ut
930 1397 1002 1423 invi-

204 1432 286 1463 diam,
300 1433 398 1459 virtute
409 1437 520 1467 partam,
532 1433 714 1468 gloriam,non
726 1434 856 1460 invidiam
868 1439 999 1469 putarem.

205 1471 247 1497 30.
265 1469 433 1504 Quamquam
451 1470 573 1497 nonnulli
589 1476 653 1497 sunt
668 1472 695 1498 in
711 1471 761 1498 hoc
773 1471 879 1502 ordine,
897 1472 944 1506 qui
955 1476 1001 1498 aut

205 1516 248 1538 ea,
261 1515 330 1542 quae
341 1507 497 1539 imminent,
511 1516 562 1534 non
574 1508 696 1540 videant,
709 1513 755 1535 aut
766 1518 804 1540 ea,
817 1517 886 1544 quae
898 1509 998 1540 vident,

204 1544 390 1571 dissimulent:
413 1545 460 1579 qui
476 1553 552 1580 spem
569 1545 698 1572 Catilinae
713 1545 841 1573 mollibus
860 1547 1000 1573 sententiis

204 1581 341 1613 aluerunt,
358 1582 623 1618 coniurationemque
638 1589 790 1610 nascentem
806 1592 858 1610 uon
869 1583 1001 1610 credendo

204 1619 454 1646 corroboraverunt:
477 1628 592 1655 quorum
613 1621 795 1647 auctoritatem
815 1621 902 1647 secuti
921 1621 1000 1647 multi

204 1665 256 1683 non
268 1656 356 1682 solum
368 1656 497 1691 improbi,
515 1665 609 1684 verum
621 1658 699 1684 etiam
711 1658 841 1692 imperiti,
854 1658 878 1684 si
890 1658 916 1684 in
929 1658 1001 1684 hunc

204 1693 463 1724 animadvertissem,
476 1694 620 1721 crudeliter
630 1699 655 1721 et
666 1695 737 1730 regie
749 1695 847 1721 factum
858 1703 918 1721 esse
928 1694 1002 1721 dice-

204 1735 272 1757 rent.
294 1731 372 1757 Nunc
382 1731 510 1767 intelligo,
524 1732 547 1758 si
558 1731 617 1763 iste,
630 1740 684 1767 quo
694 1732 816 1763 intendit,
830 1732 857 1758 in
868 1732 1000 1759 Manliana

204 1771 289 1794 castra
300 1768 460 1802 pervenerit,
474 1769 608 1795 neminem
620 1773 672 1795 tarn
684 1769 798 1796 stultum
811 1769 874 1800 fore,
887 1770 934 1804 qui
947 1778 999 1796 non

204 1804 294 1831 videat
305 1805 513 1831 coniurationem
525 1814 585 1832 esse
597 1805 706 1838 factam,
730 1807 863 1832 neminem
880 1811 932 1832 tam
949 1807 1001 1833 im-

205 1842 334 1877 probum,
347 1842 395 1877 qui
406 1850 458 1869 non
471 1842 592 1870 fateatur.
622 1843 676 1870 Iloc
687 1848 775 1870 autem
787 1852 841 1870 uno
852 1843 997 1875 interfecto,

204 1878 329 1916 intelligo
343 1879 411 1907 hanc
425 1879 588 1915 reipublicae
602 1885 706 1916 pestem
720 1880 869 1916 paullisper
879 1881 998 1916 reprimi,

415 133 454 158 3⁴.
483 133 516 158 M.
543 133 572 158 T.
600 131 811 158 ‹Jtttiittosts
835 131 977 158 otttTto
1002 131 1020 157 I.
1048 131 1086 157 IN
1112 131 1140 158 L.
1167 130 1398 158 CATILINAM.
1424 131 1505 158 cAt’.
1530 134 1569 159 ⁴2.
1594 135 1633 159 03.

1052 211 1103 228 non
1116 202 1141 228 in
1155 207 1313 236 perpetuum
1325 203 1465 237 comprimi
1477 211 1565 238 posue.
1595 202 1672 235 Quod
1683 204 1707 230 ai
1718 211 1748 230 ae
1758 204 1844 230 eiece—

1052 240 1085 265 rit
1101 248 1246 273 secumque
1262 248 1325 265 auoa
1340 239 1462 266 eduxerit
1472 246 1497 266 et
1507 240 1599 267 eodem
1611 246 1712 267 ceteros
1724 241 1845 276 undique

1051 276 1174 301 collectos
1191 275 1333 311 naufragos
1349 278 1542 312 aggregaverit.
1564 278 1750 313 exstinguetur
1764 283 1845 313 atqua

1051 313 1184 339 delebitur
1200 322 1251 339 non
1268 313 1346 339 modo
1362 314 1427 340 baec
1443 319 1494 341 tam
1510 314 1599 341 adulta
1615 315 1778 350 reipublicae
1798 323 1845 350 pe-

1052 351 1114 379 stis,
1134 359 1225 376 verum
1243 351 1321 377 etiam
1333 351 1414 385 stirps
1425 360 1455 378 ac
1466 360 1557 378 semen
1569 352 1699 379 malorum
1710 353 1843 379 omnium.

1053 388 1121 413 xm.
1136 389 1176 413 3⁴.
1200 388 1304 414 Etenim
1317 388 1426 418 iamdiu.
1442 393 1529 422 patrea
1539 390 1691 424 conscripti,
1705 390 1732 416 in
1745 390 1786 416 hia
1798 397 1845 425 ρο-

1052 425 1145 450 riculis
1155 425 1345 451 coniurationis
1357 425 1517 461 insidiisque
1528 434 1678 454 venamur:
1691 427 1747 457 aed.
1756 427 1846 453 nescio

1051 471 1106 496 quo
1122 467 1209 496 pacto,
1227 463 1348 488 omniurn
1360 462 1491 489 scelerum
1503 472 1533 489 ac
1545 464 1641 490 veteris
1653 463 1749 491 furor-ia
1761 469 1787 490 et
1797 472 1846 490 au-

1052 500 1142 525 daciae
1158 500 1296 525 maturitas
1312 500 1338 526 in
1355 501 1437 526 nostri
1453 500 1608 526 consulatue
1623 506 1730 536 tempus
1744 501 1844 536 erupit.

1052 537 1127 568 Quod
1140 537 1162 563 si
1175 546 1206 563 ex
1219 542 1290 563 tanto
1303 537 1440 564 latrocinio
1451 538 1500 563 iste
1513 546 1583 564 unua
1599 537 1719 570 tolletur,
1742 538 1846 565 videbi-

1053 583 1113 600 mur
1130 573 1240 600 fortasse
1255 574 1287 600 ad
1303 574 1385 601 breve
1398 574 1533 610 quoddam
1547 579 1652 610 ternpus
1663 584 1725 602 cura
1736 580 1762 601 et
1773 580 1844 602 metu

1053 620 1111 637 esse
1123 612 1243 638 relevati:
1263 612 1412 646 periculum
1424 617 1513 638 autern
1525 612 1652 638 residebit
1663 613 1748 639 eterit
1759 611 1846 639 inclu-

1053 657 1113 675 sum
1131 650 1237 683 penitus
1254 650 1280 675 in
1294 650 1368 675 venis
1380 654 1459 684 atrine
1471 650 1497 676 in
1510 650 1659 676 visceribus
1671 649 1844 685 reipublicae.

1053 686 1086 712 Ut
1097 695 1175 720 saepe
1187 686 1308 713 homines
1320 687 1390 722 aegri
1403 687 1496 713 morbo
1509 687 1598 720 aravi,
1615 696 1700 722 quum
1716 691 1791 713 aestu
1807 686 1846 713 fe-

1053 723 1148 758 brique
1164 725 1302 755 iactantur,
1325 725 1347 750 si
1363 733 1460 759 aquam
1475 720 1591 757 gelidam
1608 724 1737 755 biberint.
1759 724 1847 759 primo

1053 760 1163 787 relevari
1176 761 1308 792 videntur.
1323 761 1419 787 deinde
1431 761 1515 788 multo
1525 762 1634 797 gravius
1647 762 1847 788 vehementius-

1052 807 1105 833 que
1117 797 1289 825 afssictantur:
1307 799 1345 825 sic
1358 799 1400 825 bic
1413 799 1534 829 morbus,
1548 799 1596 834 qui
1607 803 1647 825 est
1658 800 1684 825 in
1697 798 1844 834 republica.

1053 835 1186 862 relevatus
1198 836 1275 863 istius
1292 845 1388 870 poena,
1413 836 1613 867 vehementius,
1636 837 1706 863 vivis
1722 836 1844 871 reliquia,

1054 874 1228 907 ingravescet.
1269 875 1310 900 32.
1332 873 1431 905 Quare,
1450 878 1537 908 patres
1547 874 1704 909 conscripti.
1721 873 1847 900 secedant

1053 910 1176 945 improbi,
1189 916 1328 937 secernant
1338 919 1366 937 se
1377 920 1390 936 a
1403 911 1489 941 bonis,
1502 920 1586 937 unum
1598 912 1624 937 in
1637 910 1724 937 locum
1735 918 1846 946 congr&

1052 953 1161 983 gentur:
1176 957 1252 974 muro
1262 948 1388 983 denique,
1402 948 1429 974 id
1440 948 1512 983 quod
1524 956 1603 983 saepe
1615 949 1667 974 iam
1679 948 1745 979 dixi,
1758 956 1846 974 secer-

1053 990 1150 1011 nantur
1160 994 1173 1011 a
1186 985 1277 1012 nobis:
1300 985 1424 1012 desinant
1438 985 1558 1012 insidiari
1570 985 1642 1012 domi
1654 994 1718 1012 suae
1729 984 1843 1016 consuli,

1051 1023 1223 1049 circumstare
1239 1023 1354 1049 tribunal
1372 1023 1498 1058 praetoris
1514 1023 1624 1054 urbani.
1645 1022 1769 1049 obsidere
1783 1030 1846 1049 cum

1052 1059 1149 1095 gladiis
1165 1060 1281 1091 curiam,
1303 1060 1440 1087 malleolos
1455 1065 1480 1086 et
1496 1059 1566 1087 faces
1581 1060 1614 1086 ad
1629 1059 1846 1086 inflammandam

1053 1097 1150 1124 Urbem
1171 1106 1336 1132 comparare:
1359 1098 1394 1124 sit
1413 1097 1530 1132 denique
1546 1098 1705 1132 inscriptum
1721 1097 1749 1124 in
1761 1096 1846 1124 fronte

1054 1135 1134 1161 unius
1145 1135 1288 1169 cuiusque,
1301 1134 1367 1170 quid
1378 1135 1412 1161 de
1423 1135 1560 1169 republica
1571 1136 1677 1161 sentiat.
1717 1133 1847 1161 Polliceor

1053 1172 1102 1198 hoc
1114 1172 1203 1203 vobis,
1222 1177 1309 1206 patres
1320 1173 1476 1207 conscripti,
1490 1176 1589 1198 tantam
1601 1172 1628 1198 in
1640 1171 1717 1198 nobis
1727 1170 1847 1198 consuli-

1053 1210 1104 1235 bus
1121 1209 1175 1236 fore
1190 1209 1373 1245 diligentiam,
1396 1213 1495 1236 tantam
1511 1210 1539 1236 in
1555 1209 1632 1236 vobis
1651 1209 1844 1240 auctoritatem,

1053 1251 1152 1273 tantam
1173 1247 1200 1273 in
1221 1247 1360 1281 equitibus
1380 1247 1506 1273 Romanis
1527 1247 1666 1277 virtutem,
1698 1250 1798 1272 tantam
1817 1246 1846 1273 in

1052 1284 1178 1311 omnibus
1190 1284 1267 1310 bonis
1277 1285 1493 1315 consensionem,
1508 1288 1536 1310 ut
1547 1283 1674 1311 Catilinae
1685 1283 1848 1318 profectione

1052 1322 1141 1348 omnia
1156 1321 1300 1357 patefacta,
1318 1321 1463 1353 illustrata,
1479 1329 1622 1357 oppressa,
1639 1320 1772 1348 vindicata
1787 1328 1847 1348 esse

1052 1359 1175 1385 videatis.

1109 1398 1150 1423 33.
1171 1396 1249 1422 Hisce
1260 1395 1412 1428 ominibus,
1425 1395 1552 1427 Catilina,
1564 1404 1627 1422 cum
1637 1403 1744 1422 summa
1755 1395 1848 1431 reipu-

1052 1433 1137 1460 blicae
1148 1433 1234 1460 salute
1245 1439 1271 1460 et
1281 1442 1343 1460 cum
1355 1438 1399 1460 tua
1410 1438 1485 1469 peste
1495 1441 1525 1460 ac
1536 1433 1662 1468 pernicie,
1674 1441 1792 1468 cumque
1802 1441 1848 1459 eo-

1052 1480 1112 1498 rum
1128 1471 1222 1502 exitio¹
1245 1472 1292 1506 qui
1308 1479 1338 1497 se
1354 1475 1442 1497 tecum
1457 1471 1530 1498 omni
1541 1470 1640 1497 scelere
1650 1469 1847 1505 parricidioque

1052 1509 1211 1540 iunxerunt,
1234 1508 1401 1543 proficiscere
1421 1507 1455 1535 ad
1474 1508 1591 1543 impium
1611 1507 1712 1534 bellum
1728 1515 1758 1534 ac
1772 1506 1848 1534 nefa-

1052 1547 1132 1572 rium.
1173 1546 1241 1572 Tum
1258 1550 1300 1577 tu,
1323 1545 1455 1580 Iuppiter,
1471 1546 1520 1581 qui
1535 1545 1646 1577 iisdem,
1665 1544 1768 1580 quibus
1782 1544 1848 1571 haec

1052 1583 1130 1614 urbs,
1143 1583 1272 1618 auspiciis
1283 1591 1297 1609 a
1308 1583 1422 1610 Romulo
1432 1591 1461 1610 es
1471 1583 1646 1615 constitutus3
1668 1590 1749 1617 quem
1760 1581 1848 1609 Stato-

1052 1629 1107 1647 rem
1119 1620 1201 1647 huius
1213 1619 1288 1646 urbis
1298 1624 1378 1655 atque
1388 1620 1495 1655 imperii
1506 1627 1567 1646 vere
1578 1620 1762 1646 nominamus:
1774 1619 1847 1645 hunc

1052 1662 1077 1684 et
1088 1657 1170 1684 huius
1182 1657 1268 1684 socios
1279 1666 1293 1683 a
1305 1658 1359 1683 tuis
1369 1657 1422 1683 aris
1433 1657 1582 1692 ceterisque
1600 1655 1722 1691 templis,
1739 1665 1754 1682 a
1769 1656 1846 1683 tectis

1051 1695 1131 1722 Urbis
1142 1703 1172 1721 ac
1183 1694 1332 1725 moenibus,
1341 1703 1355 1720 a
1366 1694 1420 1720 vita
1433 1693 1599 1729 fortunisque
1610 1693 1712 1720 civium
1723 1693 1846 1720 omnium

1051 1732 1169 1763 arcebis,
1186 1736 1212 1758 et
1225 1739 1318 1758 omnes
1334 1731 1457 1758 inimicos
1472 1731 1617 1762 bonorum,
1635 1730 1724 1757 hostes
1735 1731 1844 1766 patriae,

1052 1769 1166 1796 latrones
1182 1768 1285 1799 Italiae,
1307 1768 1438 1795 scelerum
1454 1767 1559 1795 foedere
1574 1768 1643 1794 inter
1657 1776 1686 1794 se
1701 1776 1731 1794 ac
1746 1767 1846 1794 nefaria

1050 1807 1174 1834 societate
1194 1806 1362 1838 coniunctos,
1385 1806 1500 1833 aeternis
1520 1804 1663 1841 suppliciis
1682 1806 1760 1832 vivos
1774 1813 1847 1832 mor—

1048 1848 1165 1880 tuosque
1175 1843 1314 1871 mactabis.

912 1947 1142 1963 -ςοῳμ-

1003 2037 1045 2064 34.

700 2101 735 2129 Μ.
773 2101 978 2130 TULLII
1014 2099 1348 2131 CICERONIS

1000 2177 1044 2198 IN

527 2225 991 2277 CATI

1381 2224 1421 2273 N
1535 2223 1575 2272 A

1104 2227 1137 2275 L
1251 2226 1268 2275 Ι

797 2321 986 2349 ORATIO
1017 2321 1247 2348 SECUNDA

995 2391 1055 2414 AD

558 2447 589 2493 Q
691 2449 721 2487 U
821 2450 835 2488 1

933 2450 964 2488 R

1308 2448 1337 2486 E
1439 2447 1478 2485 S.

1065 2450 1079 2487 I
1180 2449 1208 2487 T

261 2589 281 2616 1.
295 2591 319 2616 ⁴.
342 2586 468 2618 Tandem
479 2592 636 2628 aliquando,
653 2593 785 2627 Quirites,
803 2595 833 2622 L.
845 2595 996 2627 Catilinam,

206 2625 338 2654 furentem
349 2628 472 2660 audacia,
485 2631 573 2657 scelus
585 2631 767 2662 anhelantem,
785 2637 886 2667 pestem
899 2633 999 2668 patriae

207 2663 306 2690 nefarie
316 2664 479 2698 molientem,
492 2667 568 2694 vobis
579 2673 659 2703 atque
669 2668 802 2696 huicUrbi
814 2669 913 2696 ferrum
925 2669 1001 2696 flam-

1049 2603 1177 2630 mamque
1187 2594 1354 2621 minitantem
1361 2613 1368 2625 ,
1385 2601 1419 2619 ex
1428 2591 1500 2619 Urbe
1510 2589 1552 2617 vel
1563 2590 1692 2617 eiecimus
1699 2610 1705 2621 ,
1721 2587 1764 2616 vel
1775 2588 1844 2632 erni-

1049 2633 1149 2664 simus,
1172 2631 1214 2658 vel
1235 2632 1327 2667 ipsum
1346 2629 1528 2666 egredientem
1543 2628 1633 2654 verbis
1649 2631 1782 2662 prosecuti
1795 2634 1845 2652 su—

1050 2678 1121 2696 mus.
1153 2668 1234 2700 Abiit,
1247 2669 1371 2699 excessit,
1383 2667 1477 2698 evasit,
1490 2665 1592 2701 erupit:
1604 2664 1679 2691 nulla
1689 2664 1743 2691 iam
1753 2663 1844 2699 perni—
