1941 3052
369 122 697 149 EPISTULARUM

82 195 175 226 laudo,
191 195 306 221 notiora:
328 202 410 228 quem
425 202 511 228 quum
526 203 540 220 a
553 202 595 220 me
606 193 745 220 dimittens
759 193 879 229 graviter
899 209 901 216 ι

83 233 192 263 ferrem,
210 231 259 258 hoc
276 231 384 258 levabar
396 240 463 262 uno,
481 231 554 266 quod
565 231 598 257 ad
611 236 634 257 te
646 236 783 266 tamquam
795 231 828 257 ad
840 230 879 257 al-
899 239 900 247 ¹

81 276 168 297 terum
179 277 222 295 me
234 268 406 303 proficiscens
420 273 446 295 et
455 267 543 295 officio
554 268 726 304 fungebatur,
735 273 760 295 et
770 268 879 294 laudem

81 307 227 334 maximam
239 306 443 340 assequebatur.
482 306 534 332 Sed
546 306 612 332 haec
624 306 763 332 hactenus.
786 308 812 332 3.
828 307 880 332 Ve-

81 345 126 371 nio
147 352 218 370 nunc
234 343 313 378 longo
329 352 392 370 sane
408 343 548 370 intervallo
564 343 598 370 ad
612 343 758 378 quamdam
777 344 880 378 episto—

81 381 148 412 lam,
165 389 217 415 qua
234 381 303 406 mihi
320 381 404 407 multa
417 381 538 407 tribuens
553 390 639 407 unum
650 380 877 415 reprehendebas,

81 418 154 454 quod
168 418 196 444 in
212 418 360 445 honoribus
371 418 549 444 decernendis
562 427 650 444 essem
661 419 763 444 nimius
774 423 801 444 et
811 423 880 444 tam-

81 465 163 491 quam
174 455 315 491 prodigus
356 456 395 482 Tu
407 455 470 482 hoc:
484 455 553 482 alius
565 455 685 487 fortasse,
698 456 771 490 quod
782 456 810 481 in
821 456 880 481 ani-

81 493 269 520 madversione
280 501 419 528 poenaque
431 493 536 525 durior3
550 494 604 519 nisi
615 493 725 520 fortasse
732 498 878 527 utrumque

80 536 120 557 tu.
160 530 237 562 Quod
248 531 271 556 si
283 531 318 556 ita
330 535 378 561 est,
392 531 535 565 utriusque
546 531 585 556 rei
596 539 687 557 meum
701 530 834 556 iudicium
846 531 880 556 ti-

80 568 109 594 bi
125 568 205 602 cupio
220 576 280 594 esse
295 568 481 594 notissimum:
503 576 590 602 neque
606 568 707 599 solum,
728 572 758 594 ut
773 567 879 593 Solonis

81 605 183 632 dictum
195 614 334 639 usurpem,
343 605 647 640 quietsapientissimus
658 605 710 632 fuit
720 614 754 631 ex
763 609 877 639 septem,

80 647 106 669 et
122 642 213 678 legum
228 643 342 677 scriptor
357 642 431 668 solus
445 651 479 668 ex
490 647 604 677 septem.
644 643 669 669 Is
682 642 879 676 rempublicam

81 680 189 706 duabus
201 679 282 706 rebus
293 680 424 706 contineri
437 679 514 710 dixit,
528 680 648 714 praemio
658 684 683 706 et
694 688 789 714 poena.
832 680 880 705 Est

81 717 186 743 scilicet
205 717 348 752 utriusque
368 717 406 743 rei
426 716 536 748 modus,
560 717 630 743 sicut
650 717 831 751 reliquarum,
855 721 880 742 et

81 754 214 790 quaedam
227 755 254 780 in
266 759 379 789 utroque
389 763 487 789 genere
499 754 683 780 mediocritas:
697 754 745 780 sed
757 762 809 780 non
821 758 880 780 tan—

81 797 106 818 ta
117 792 150 818 de
166 800 194 818 re
210 792 378 826 propositum
392 796 432 818 est
442 792 492 818 hoc
504 791 560 818 loco
571 791 720 826 disputare.

81 837 131 865 ego
146 833 235 856 autem
250 833 359 855 secutus
375 828 425 854 hoc
439 828 510 855 bello
524 830 576 855 sim
592 830 620 855 in
634 829 775 855 sententiis
786 828 880 854 dicen-

81 866 137 898 dis,
155 866 258 901 aperire
273 874 326 892 non
342 865 462 892 alienum
477 872 551 900 puto.
592 867 653 892 Post
663 866 802 892 interitum
814 865 880 892 Cae-

81 904 149 930 saris
160 908 186 930 et
197 908 299 929 vestras
310 902 499 929 memorabiles
510 903 574 929 Idus
585 904 702 934 Martias,
710 904 799 934 Brute,
812 902 879 937 quid

81 950 130 976 ego
145 941 367 975 praetermissum
383 949 396 966 a
412 940 503 971 vobis,
524 946 707 975 quantamque
723 940 879 975 impendere

81 977 246 1013 reipublicae
270 982 456 1012 tempestatem
479 977 610 1009 dixerim,
638 987 690 1005 non
715 987 744 1004 es
766 978 878 1004 oblitus.

80 1016 176 1051 Magna
187 1015 272 1050 pestis
283 1020 339 1041 erat
349 1014 462 1050 depulsa
473 1024 520 1050 per
535 1024 596 1047 vos,
615 1025 711 1051 magna
723 1015 816 1050 populi
829 1016 881 1041 Ro-

81 1053 154 1080 mani
169 1052 274 1079 macula
289 1052 389 1079 deleta:
413 1053 491 1079 vobis
507 1062 570 1080 vero
586 1058 660 1088 parta
674 1053 767 1079 divina
778 1053 877 1089 gloria:

81 1090 129 1117 sed
145 1091 355 1117 instrumentum
372 1091 448 1125 regni
463 1090 583 1117 delatum
598 1090 631 1117 ad
643 1091 777 1125 Lepidum
789 1095 814 1116 et
824 1090 880 1116 An-

81 1128 199 1154 tonium:
217 1136 334 1162 quorum
348 1127 414 1154 alter
426 1128 631 1159 inconstantior,
650 1128 716 1155 alter
731 1128 876 1162 impuri0r3

81 1170 195 1200 uterque
206 1173 301 1200 pacem
312 1170 444 1196 metuens,
458 1166 586 1192 inimicus
597 1166 660 1192 otio.
702 1166 747 1191 llis
762 1165 881 1192 ardenti—

81 1202 134 1229 bus
144 1202 342 1237 perturbandae
353 1202 520 1237 reipublicae
530 1203 678 1237 cupiditate
696 1203 768 1238 quod
780 1203 880 1237 opponi

81 1244 172 1275 posset
183 1239 364 1274 praesidium,
382 1248 435 1266 non
451 1240 629 1267 habebamus.
668 1241 880 1267 Erexeratenim

81 1286 111 1303 se
121 1277 227 1307 civitas,
241 1278 269 1304 in
281 1277 418 1304 retinenda
431 1277 552 1304 libertate
564 1278 744 1304 consentiens.
779 1279 804 1304 ὅ.
827 1278 880 1304 Nos

81 1319 140 1341 tum
155 1315 237 1341 nimis
253 1323 340 1341 acres:
364 1323 411 1341 vos
427 1314 538 1341 fortasse
553 1316 704 1350 sapientius
724 1315 880 1342 excessistis

81 1352 149 1379 urbe
170 1360 214 1383 ea,
236 1360 318 1386 quam
335 1351 499 1379 liberaratis:
522 1352 612 1379 ltaliae
627 1361 676 1379 sua
693 1353 770 1379 vobis
790 1352 880 1379 studia

82 1389 216 1424 profitenti
233 1389 386 1416 remisistis.
427 1390 519 1424 Itaque
538 1399 625 1425 quum
646 1391 731 1416 teneri
747 1390 846 1417 Urbem
866 1398 880 1416 a

82 1426 225 1462 parricidis
237 1426 367 1457 viderem,
384 1435 432 1453 nec
447 1432 470 1453 te
484 1428 510 1453 in
521 1436 560 1458 ea,
575 1436 623 1454 nec
635 1427 759 1454 Cassium
772 1432 827 1454 tuto
838 1436 881 1453 es—

82 1472 110 1490 se
122 1472 215 1498 posse,
232 1472 346 1498 eamque
361 1465 444 1490 armis
454 1473 611 1499 oppressam
624 1465 657 1491 ab
667 1466 795 1491 Antonio:
813 1465 881 1491 mihi

82 1509 190 1536 quoque
202 1501 255 1535 ipsi
266 1509 325 1527 esse
336 1501 523 1528 excedendum
535 1503 640 1537 putavi.
671 1503 796 1529 Taetrum
808 1503 880 1528 enim

82 1538 267 1573 spectaculum
296 1547 425 1573 oppressa
441 1539 474 1566 ab
490 1540 583 1574 impiis
598 1540 708 1571 civitas,
729 1539 881 1574 opitulandi

82 1580 212 1610 potestate
233 1576 363 1610 praecisa.
404 1576 457 1603 Sed
471 1578 579 1603 animus
601 1577 687 1608 idem,
709 1578 757 1612 qui
774 1586 882 1611 semper

83 1614 183 1639 inlixus
200 1613 227 1639 in
239 1614 340 1648 patriae
352 1614 460 1640 caritate
472 1614 624 1640 discessum
636 1615 669 1640 ab
681 1615 740 1641 eius
752 1614 881 1649 periculis

84 1650 150 1677 l'erre
172 1658 224 1677 non
244 1651 341 1685 potuit.
383 1652 474 1686 ltaque
495 1652 522 1677 in
543 1652 632 1678 medio
650 1652 766 1678 Achaico
787 1661 878 1682 cursu.

82 1696 167 1722 quum
179 1688 332 1714 Etesiarum
343 1687 442 1715 diebus
454 1689 550 1715 Auster
566 1698 608 1715 me
624 1689 651 1715 in
667 1689 784 1720 ltaliam,
801 1690 880 1724 quasi

82 1725 221 1751 dissuasor
231 1726 285 1752 mei
296 1725 413 1757 consilii,
427 1726 571 1757 retulisset,
586 1731 610 1752 te
623 1726 678 1753 vidi
690 1727 780 1753 Veliae
792 1727 881 1753 dolui-

82 1771 135 1797 que
156 1762 340 1790 vehementer.
380 1763 500 1790 Cedebas
521 1764 607 1794 enim,
633 1764 727 1795 Brute,
749 1764 878 1797 cedebas3

82 1800 211 1835 quoniam
230 1800 312 1827 Stoici
332 1801 416 1827 nostri
432 1806 543 1837 negant,
565 1801 658 1836 sugere
674 1802 814 1836 sapientis.
855 1804 879 1827 6.

82 1838 193 1864 Romam
206 1842 235 1864 ut
245 1838 317 1868 veni,
326 1839 416 1865 statim
428 1847 470 1864 me
481 1838 683 1866 obtuliAntonii
695 1839 789 1865 sceleri
801 1844 881 1874 atque

83 1874 248 1901 dementiae:
264 1883 346 1909 quem
361 1884 447 1910 quum
459 1877 486 1902 in
499 1885 541 1902 me
554 1877 737 1902 incitavissem
746 1897 752 1908 ,
769 1876 881 1903 consilia

83 1912 152 1938 inire
167 1912 243 1946 coepi
257 1912 366 1939 Brutina
382 1912 460 1947 plane
476 1913 568 1948 (vestri
584 1914 656 1939 enim
671 1914 736 1940 haec
746 1919 810 1941 sunt
821 1923 883 1948 pro-

83 1949 141 1984 pria
152 1949 304 1984 sanguinis)
321 1949 486 1984 reipublicae
499 1950 663 1977 liberandae.
704 1951 794 1987 Longa
808 1956 879 1982 sunt,

83 1995 152 2021 quae
164 1991 272 2017 restant,
281 1987 489 2020 praetereunda:
505 1992 569 2014 sunt
579 1988 651 2014 enim
663 1987 696 2014 de
708 1997 764 2014 me:
779 1993 881 2015 tantum

83 2024 153 2054 dico,
166 2023 307 2050 Caesarem
320 2023 392 2050 hunc
403 2024 614 2055 adolescentem,
633 2033 680 2059 per
695 2034 776 2060 quem
793 2026 882 2052 adhuc

83 2070 189 2092 sumus,
197 2061 221 2087 si
232 2069 324 2087 verum
337 2060 413 2088 fateri
425 2061 560 2092 volumus,
570 2061 680 2088 fluxisse
691 2071 725 2089 ex
737 2062 807 2089 fonte
818 2071 883 2089 con-

83 2098 207 2125 siliorum
219 2106 351 2125 meorum.
385 2099 411 2125 7.
434 2099 502 2125 lluic
513 2099 597 2125 habiti
609 2108 623 2124 a
635 2108 676 2125 me
689 2099 802 2126 honores
814 2099 881 2126 nulli

83 2136 204 2171 quidem,
218 2136 307 2166 Brute,
322 2136 374 2162 nisi
385 2135 483 2162 debiti:
498 2136 575 2167 nulli,
589 2137 641 2163 nisi
655 2137 809 2163 necessarii.
850 2137 884 2163 Ut

84 2174 156 2200 enim
169 2173 287 2208 primum
300 2173 449 2200 libertatem
465 2182 588 2200 revocare
598 2174 747 2208 coepimus.
757 2183 842 2209 quum
854 2183 882 2200 se

85 2210 205 2238 nondum
227 2219 259 2236 ne
279 2211 382 2237 Decimi
402 2210 513 2245 quidem
534 2211 608 2237 Bruti
628 2211 721 2238 diviua
743 2212 829 2238 virtus
848 2212 882 2238 ita

85 2248 289 2279 commovisset,
308 2253 336 2274 ut
352 2249 405 2274 iam
420 2248 447 2274 id
458 2249 527 2275 sciro
539 2257 694 2283 possemus.
713 2253 792 2284 atque
803 2257 882 2275 omne

85 2285 252 2320 praesidium
269 2290 339 2312 esset
355 2286 382 2312 in
398 2294 494 2320 puero,
517 2286 565 2320 qui
585 2295 598 2312 a
613 2287 768 2312 cervicibus
785 2287 882 2313 nostris

85 2322 392 2350 avertissetAntonium:
405 2323 467 2358 quis
481 2323 564 2349 honos
574 2323 599 2349 ei
612 2331 662 2349 non
675 2323 726 2350 l'uit
736 2323 883 2350 ‹lucernen-

86 2359 156 2386 dus‘?
175 2359 345 2395 Quamquam
360 2369 410 2396 ego
426 2360 465 2386 illi
482 2365 538 2387 tum
555 2360 698 2386 verborum
716 2360 822 2387 laudem
836 2361 883 2387 tri-

85 2397 149 2428 bui.
172 2405 286 2433 eamque
305 2398 448 2425 modicam.
490 2397 600 2423 Decrevi
621 2398 700 2424 etiam
721 2399 880 2432 imperium:

85 2434 160 2470 quod
170 2443 335 2470 quamquam
349 2435 491 2462 videbatur
502 2434 542 2461 illi
553 2435 631 2461 aetati
644 2434 830 2465 honorificum.
845 2440 884 2461 ta-

87 2480 149 2498 men
161 2477 216 2499 erat
226 2473 374 2499 exercitum
387 2473 495 2499 habenti
508 2472 701 2498 necessarium.
723 2472 794 2504 Quid
809 2473 881 2498 enim

87 2509 196 2536 estsine
209 2510 323 2544 imperio
334 2509 486 2537 exercitus?
504 2510 624 2536 Statuam
637 2509 778 2543 Philippus
790 2509 884 2536 ‹lecre-

88 2546 140 2577 vit,
157 2545 320 2573 celeritatem
331 2548 468 2582 petitionis
483 2547 570 2582 primo
581 2546 707 2577 Servius,
726 2552 785 2581 post
801 2547 884 2573 iunio-

89 2591 144 2609 rem
160 2584 240 2610 etiam
251 2584 395 2611 Servilius.
436 2584 510 2611 Nihil
527 2589 583 2610 tum
601 2584 715 2609 nimium
731 2584 882 2610 videbatur.

89 2622 114 2647 8.
135 2620 186 2647 Sed
208 2622 298 2648 nescio
318 2622 453 2657 quomodo
474 2621 580 2648 facilius
601 2621 628 2647 in
648 2621 740 2648 timore
761 2621 882 2657 benigni,

88 2666 171 2693 quam
190 2658 217 2684 in
233 2659 343 2686 victoria
358 2660 427 2695 grati
442 2660 622 2694 reperiuntur.
664 2658 720 2694 Ego
740 2660 826 2690 enim,
853 2659 882 2685 D.

761 792 786 817 4.
808 790 879 822 Quid
900 815 902 824 ,

725 122 778 148 AD
807 122 993 148 BRUTUM
1022 122 1103 148 LIB.

899 192 901 203 l

1137 123 1157 149 1.
1188 122 1208 148 E
1220 122 1248 149 P.
1282 124 1310 148 v13
1331 138 1367 142 —
1390 124 1428 149 ⁴5.
1677 125 1725 150 959

930 193 1010 220 Bruto
1026 192 1151 224 liberato,
1169 201 1254 228 quum
1271 193 1435 220 laetissimus
1452 193 1497 220 ille
1508 195 1611 220 civitati
1622 193 1680 220 dies
1694 194 1728 220 il-

931 230 1054 261 luxisset,
1067 230 1193 265 idemque
1205 239 1268 257 casu
1280 232 1354 257 Bruti
1367 231 1462 258 natalis
1473 237 1551 263 esset,
1565 231 1682 263 decrevi,
1699 237 1728 259 ut

930 268 958 294 in
975 267 1051 294 fastis
1070 267 1103 293 ad
1118 277 1180 294 eum
1196 268 1268 294 diem
1284 269 1358 295 Bruti
1374 278 1470 295 nomen
1487 269 1679 295 ascriberetur:
1699 270 1727 296 in

931 314 1015 339 eoque
1026 314 1087 331 sum
1098 306 1230 332 maiorum
1242 306 1398 340 exemplum
1409 311 1527 337 secutus,
1535 307 1584 341 qui
1595 307 1667 333 hunc
1679 306 1728 333 bo-

931 351 1022 368 norem
1034 343 1287 369 mulieriLarentiae
1299 344 1459 375 tribuerunt,
1472 345 1516 370 cui
1529 353 1576 370 vos
1587 344 1727 379 pontifices

931 379 964 405 ad
979 388 1052 406 aram
1068 381 1096 406 in
1112 380 1225 407 Velabro
1241 381 1327 407 facere
1343 381 1444 408 soletis.
1485 381 1562 413 Quod
1576 390 1626 417 ego
1641 390 1727 416 quum

931 417 1028 443 dabam
1040 418 1132 448 Bruto,
1151 423 1239 444 notam
1256 427 1315 444 esse
1330 419 1357 445 in
1373 418 1449 445 fastis
1463 420 1632 454 gratissimae
1642 420 1728 445 victo-

932 455 985 480 riae
996 456 1188 489 sempiternam
1204 455 1337 482 volebam.
1377 457 1464 491 Atque
1479 456 1525 483 illo
1541 456 1585 482 die
1600 457 1725 491 cognovi,

931 491 1022 525 paullo
1033 492 1125 526 plures
1137 493 1164 518 in
1176 497 1269 519 senatu
1283 493 1427 520 malevolos
1438 502 1510 524 esse,
1529 502 1611 528 quam
1626 499 1725 529 gratos,

930 529 982 555 Eos
996 537 1044 563 per
1061 530 1133 563 ipsos
1149 529 1208 555 dies
1223 530 1305 556 effudi
1321 531 1354 565 (si
1370 532 1404 557 ita
1420 532 1472 565 vis)
1488 531 1601 557 honores
1617 532 1644 557 in
1656 540 1728 557 mor-

931 571 999 597 tuos,
1014 567 1129 592 Hirtium
1141 572 1166 593 et
1178 568 1299 598 Pansam,
1313 568 1439 602 Aquilam
1451 569 1541 595 etiam.
1576 568 1653 600 Quod
1664 569 1728 603 quis

931 603 1116 637 reprehendit,
1132 605 1184 630 nisi
1195 605 1257 639 qui,
1274 605 1395 639 deposito
1406 611 1492 637 metu,
1508 607 1643 640 praeteriti
1656 606 1728 640 peri-

931 641 986 666 culi
998 640 1207 667 fueritoblitus‘?
1228 644 1251 668 9.
1270 643 1420 669 Accedebat
1436 643 1468 669 ad
1484 643 1608 669 beneficii
1626 652 1728 669 memo-

932 678 998 703 riam
1009 683 1112 713 gratam
1124 679 1189 705 ratio
1202 679 1259 710 illa.
1277 688 1346 714 quae
1358 681 1438 706 etiam
1449 682 1563 714 posteris
1575 686 1645 707 esset
1654 680 1728 706 salu-

932 716 1005 741 taris.
1040 716 1151 741 Exstare
1163 717 1235 742 enim
1248 717 1371 743 volebam
1383 718 1410 743 in
1421 717 1625 743 crudelissimos
1638 718 1728 744 hostes

932 758 1104 778 monumenta
1119 753 1174 779 odii
1191 754 1294 788 publici
1309 756 1482 788 sempiterna.
1522 755 1728 789 Suspicorillud

932 790 1022 815 minus
1034 790 1082 815 tibi
1095 790 1292 825 probari‚quod
1305 792 1338 817 ab
1350 792 1403 818 tuis
1416 791 1604 821 familiaribus,
1618 793 1728 826 optimis

931 826 987 852 illis
998 827 1109 861 quidem
1122 828 1197 858 viris,
1211 829 1259 854 sed
1271 830 1297 854 in
1310 829 1449 863 republica
1460 829 1589 859 rudibus,
1604 838 1655 855 non
1668 838 1729 864 pro-

932 864 1059 895 babatur,
1076 864 1162 899 quod,
1179 870 1208 891 ut
1219 867 1309 892 ovanti
1322 867 1430 892 introire
1442 866 1547 893 Caesari
1561 866 1664 896 liceret,
1681 866 1729 892 de-

931 902 1073 928 creverim.
1113 902 1169 937 Ego
1185 908 1274 929 autem
1290 903 1347 938 (sed
1363 912 1421 929 erro
1433 903 1557 930 fortasse:
1576 912 1624 930 nee
1641 909 1729 930 tamen

932 939 955 965 is
971 947 1046 970 sum,
1065 943 1094 965 ut
1110 948 1168 965 mea
1185 948 1227 966 me
1243 942 1360 967 maxime
1376 941 1516 976 delectent)
1528 941 1596 967 nihil
1609 941 1677 967 mihi
1688 941 1730 967 vi-

932 976 996 1002 deor
1011 976 1060 1002 hoc
1076 976 1147 1003 bello
1162 978 1280 1003 sensisse
1301 978 1472 1012 prudentius.
1512 978 1566 1005 Cur
1585 983 1673 1005 autem
1694 979 1729 1004 ita

931 1014 980 1045 sit,
1003 1014 1179 1049 aperiendum
1196 1024 1248 1041 non
1264 1020 1317 1046 est,
1338 1024 1371 1042 ne
1388 1017 1474 1051 magis
1491 1016 1584 1042 videar
1599 1015 1730 1050 providus

932 1051 1031 1082 fuisse,
1054 1060 1135 1086 quam
1159 1057 1261 1088 gratus.
1302 1053 1356 1079 Hoc
1370 1053 1461 1088 ipsum
1476 1054 1602 1080 nimium.
1642 1053 1729 1085 Quare

931 1088 983 1115 alia
1000 1089 1152 1116 videamus.
1192 1091 1223 1116 D.
1243 1091 1322 1117 Bruto
1343 1090 1451 1117 decrevi
1472 1091 1599 1117 honores:
1622 1090 1730 1116 decrevi

932 1127 962 1152 L.
974 1126 1081 1153 Planco.
1122 1127 1258 1153 Praeclara
1271 1128 1315 1154 illa
1327 1128 1439 1162 quidem
1454 1129 1575 1163 ingenia,
1592 1136 1660 1162 quae
1672 1127 1731 1163 glo-

932 1165 971 1190 ria
987 1164 1148 1191 invitantur:
1172 1165 1221 1191 sed
1237 1171 1346 1192 senatus
1362 1167 1442 1192 etiam
1457 1166 1580 1200 sapiens,
1598 1166 1660 1200 qui,
1677 1174 1730 1200 qua

931 1210 1068 1236 quemque
1080 1210 1107 1228 re
1121 1207 1205 1237 putat,
1215 1203 1294 1229 modo
1301 1203 1426 1234 honesta,
1435 1203 1467 1229 ad
1478 1202 1675 1237 rempublicam
1689 1203 1731 1229 iu-

932 1239 1048 1265 vandam
1064 1248 1143 1273 posse
1158 1240 1271 1271 adduci,
1289 1241 1338 1266 hac
1355 1242 1447 1267 utitur.
1488 1241 1521 1267 At
1536 1241 1562 1266 in
1573 1240 1675 1274 Lepido
1689 1248 1732 1266 re-

931 1276 1139 1311 prehendimur:
1162 1278 1207 1303 cui
1221 1286 1306 1312 quum
1321 1282 1436 1305 statuam
1448 1279 1474 1304 in
1487 1278 1579 1304 rostris
1590 1278 1732 1304 statuisse—-

933 1323 1002 1344 mus,
1017 1314 1100 1340 iidem
1112 1314 1186 1340 illam
1197 1316 1355 1342 evertimus,
1388 1316 1440 1342 Nos
1453 1315 1530 1341 illum
1540 1315 1620 1341 etiam
1632 1315 1731 1341 honore

932 1351 1089 1377 studuimus
1101 1360 1114 1377 a
1126 1351 1214 1378 surore
1227 1361 1361 1379 revocare.
1387 1353 1458 1380 Vicit
1469 1353 1583 1379 amentia
1597 1352 1731 1379 levissimi

933 1389 1051 1415 hominis
1067 1394 1184 1416 nostram
1200 1390 1382 1424 prudentiam.
1422 1391 1476 1416 Nec
1488 1395 1575 1416 tamen
1588 1395 1689 1416 tantum
1703 1391 1730 1416 in

932 1426 1072 1452 statuenda
1085 1426 1179 1461 Lepidi
1195 1432 1281 1454 statua
1299 1427 1398 1454 factum
1410 1433 1450 1454 est
1465 1427 1542 1458 mali,
1559 1432 1690 1462 quantum
1703 1427 1730 1453 in

933 1464 1076 1490 evertenda
1087 1464 1161 1490 boni.
1196 1467 1235 1491 40.
1248 1466 1317 1491 Satis
1330 1465 1414 1492 multa
1425 1465 1458 1491 de
1471 1465 1628 1491 honoribus.
1654 1465 1731 1490 Nunc

932 1501 965 1527 de
982 1509 1065 1535 poena
1080 1510 1164 1536 pauca
1176 1507 1239 1529 sunt
1250 1502 1374 1529 dicenda.
1415 1502 1536 1529 Intellexi
1549 1503 1620 1528 enim
1632 1510 1665 1528 ex
1677 1502 1731 1528 tuis

933 1547 1012 1573 saepe
1026 1538 1134 1570 litteris,
1154 1544 1177 1566 te
1190 1541 1216 1566 iu
1230 1540 1276 1570 iis,
1294 1548 1362 1575 quos
1374 1540 1445 1566 bello
1456 1539 1596 1570 devicisti,
1612 1539 1732 1565 clemen-

934 1576 998 1602 tiam
1014 1580 1087 1602 tuam
1103 1576 1172 1603 velle
1190 1576 1303 1603 laudari.
1344 1578 1477 1603 Existimo
1492 1577 1619 1611 equidem
1637 1576 1704 1603 nihil
1717 1585 1730 1602 a

933 1618 971 1644 te,
991 1614 1043 1639 nisi
1060 1614 1203 1648 sapienter.
1245 1614 1298 1641 Sed
1314 1614 1424 1641 sceleris
1439 1623 1550 1649 poenam
1564 1615 1732 1649 praetermit-

934 1655 997 1681 tere.
1011 1650 1048 1685 (id
1060 1652 1132 1677 enim
1144 1657 1193 1682 est,
1202 1652 1274 1686 quod
1287 1657 1397 1679 vocatur
1409 1652 1655 1687 ignoscere,)etiam
1667 1653 1691 1677 si
1705 1652 1730 1677 in

933 1689 1028 1714 ceteris
1042 1689 1123 1715 rebus
1135 1689 1272 1715 tolerabile
1283 1694 1336 1720 est,
1356 1690 1382 1716 in
1399 1690 1448 1716 hoc
1464 1689 1535 1715 bello
1549 1690 1731 1724 perniciosum

933 1730 1007 1760 puto.
1048 1726 1161 1752 Nullum
1177 1728 1249 1753 enim
1266 1726 1368 1753 bellum
1384 1727 1464 1753 civile
1481 1726 1532 1753 fuit
1548 1728 1574 1753 in
1590 1732 1678 1753 nostra
1690 1736 1732 1752 re-

933 1763 1042 1797 publica
1053 1765 1175 1790 omnium
1184 1785 1190 1795 ,
1208 1773 1276 1799 quae
1289 1766 1417 1791 memoria
1429 1773 1486 1790 mea
1499 1764 1620 1794 suerunt,
1640 1765 1666 1790 in
1678 1772 1732 1798 quo

934 1800 1004 1827 bello
1020 1810 1086 1831 non,
1110 1806 1287 1836 utracumque
1304 1811 1365 1836 pars
1387 1802 1509 1832 vicisset,
1533 1807 1620 1828 tamen
1641 1801 1732 1836 aliqua

933 1837 1018 1864 forma
1038 1843 1109 1865 esset
1130 1838 1218 1865 sutura
1240 1839 1416 1873 reipublicae.
1459 1840 1510 1866 lloc
1526 1839 1597 1865 bello
1619 1840 1732 1865 victores

933 1884 1015 1910 quam
1031 1876 1227 1910 rempublicam
1243 1877 1330 1903 sirmis
1348 1876 1480 1907 habituri,
1499 1886 1550 1902 non
1567 1876 1644 1902 facile
1659 1875 1732 1902 allii·-

933 1914 1043 1941 marim:
1063 1915 1142 1940 victis
1156 1919 1226 1940 certe
1244 1914 1316 1940 nulla
1332 1923 1461 1949 umquam
1476 1915 1535 1940 erit.
1576 1914 1635 1940 Dixi
1651 1914 1733 1949 igitur

933 1951 1079 1977 sententias
1093 1951 1119 1977 in
1131 1951 1286 1982 Antonium¹
1301 1951 1359 1978 dixi
1371 1952 1397 1977 in
1407 1951 1538 1986 Lepidum
1550 1960 1670 1977 severas:
1686 1960 1732 1977 ue-

933 1996 986 2022 que
1003 1992 1056 2014 tam
1073 1988 1222 2015 ulciscendi
1239 1998 1348 2020 caussa,
1371 1998 1453 2024 quam
1470 1994 1499 2015 ut
1514 1994 1539 2015 et
1558 1989 1584 2014 in
1605 1997 1732 2023 praesens

933 2025 1076 2051 sceleratos
1086 2026 1160 2052 cives
1173 2027 1266 2052 timore
1278 2027 1311 2052 ab
1323 2026 1508 2061 impugnanda
1520 2027 1604 2061 patria
1615 2026 1732 2052 deterre—

934 2071 1003 2093 rem,
1020 2063 1084 2089 etin
1097 2068 1233 2097 posterum
1245 2064 1437 2090 documentum
1449 2069 1592 2090 statuerem
1602 2084 1608 2093 ,
1627 2072 1658 2089 ne
1669 2064 1732 2097 quis

935 2099 1014 2126 talem
1026 2101 1171 2126 amentiam
1183 2101 1264 2127 vellet
1276 2102 1386 2127 imitari.
1429 2103 1468 2127 Η.
1485 2102 1654 2135 Quamquam
1668 2100 1732 2126 llaec

933 2136 1046 2171 quidem
1057 2138 1189 2164 sententia
1202 2147 1253 2164 non
1266 2139 1352 2173 magis
1365 2147 1422 2164 mea
1435 2137 1494 2167 suit,
1506 2147 1587 2172 quam
1598 2139 1730 2164 omnium.

934 2175 962 2200 ln
973 2182 1027 2208 qua
1041 2174 1147 2200 videtur
1159 2174 1226 2201 illud
1236 2184 1295 2201 esse
1307 2175 1505 2209 cru‹lele‚quo‹l
1517 2175 1549 2201 ad
1563 2175 1670 2204 liberos.
1684 2175 1732 2209 qui

935 2211 1003 2237 nihil
1017 2217 1181 2241 meruerunt.
1197 2220 1280 2246 poena
1293 2213 1424 2246 pervenit.
1451 2212 1502 2238 Sed
1516 2212 1541 2238 id
1553 2217 1578 2238 et
1590 2212 1731 2246 antiquum

934 2253 974 2274 est
988 2253 1013 2274 ct
1028 2249 1150 2274 omnium
1164 2249 1319 2275 civitatum:
1335 2249 1473 2283 siquidem
1489 2250 1569 2275 etiam
1582 2249 1732 2275 Themisto·

934 2285 968 2311 cli
977 2286 1208 2321 liberieguerunt:
1222 2291 1256 2315 ct.
1265 2287 1289 2312 si
1302 2286 1402 2312 iudicio
1413 2286 1552 2313 damnatos
1563 2286 1656 2312 cadem
1669 2295 1732 2320 poe-

935 2332 967 2349 ua
983 2324 1108 2358 sequitur
1122 2324 1210 2353 cives,
1227 2324 1275 2358 qui
1293 2324 1432 2357 potuimus
1449 2323 1562 2350 leniores
1573 2332 1632 2349 esse
1645 2324 1670 2349 in
1685 2324 1732 2349 lio-

934 2360 1006 2387 stes?
1025 2360 1096 2392 Quid
1113 2366 1201 2386 autem
1216 2361 1294 2395 queri
1311 2366 1396 2395 potest
1408 2361 1553 2395 quisquam
1565 2361 1598 2386 de
1611 2369 1666 2389 me.
1684 2361 1732 2395 qui

935 2407 976 2427 sc,
989 2398 1012 2423 si
1025 2398 1147 2428 vicisset.
1165 2399 1328 2423 acerbiorem
1343 2399 1368 2424 in
1382 2407 1423 2423 me
1437 2397 1557 2424 futurum
1573 2397 1656 2424 fuisse
1668 2407 1733 2424 con-

936 2436 1040 2461 fiteatur
1052 2444 1161 2461 necesse
1175 2436 1232 2461 est?
1253 2435 1339 2461 llabes
1351 2436 1478 2461 rationem
1492 2444 1611 2461 int-arum
1624 2440 1732 2461 senten—

935 2473 1046 2502 tiarum,
1069 2472 1101 2498 de
1118 2473 1166 2499 lioc
1181 2482 1278 2507 genere
1293 2473 1433 2498 dumtaxat
1454 2473 1562 2498 lionoris
1577 2478 1603 2498 et
1619 2481 1729 2506 poenae.

935 2510 1001 2536 Nam
1013 2509 1045 2535 du
1057 2511 1152 2536 ceteris
1165 2510 1246 2536 rebus
1256 2510 1323 2544 quid
1335 2509 1606 2544 senserim,quidque
1617 2518 1730 2536 censue-

935 2548 1000 2576 rim.
1019 2546 1127 2573 audisse
1143 2553 1167 2574 te
1183 2548 1306 2574 arbitror.
1350 2549 1388 2573 tz’.
1410 2547 1461 2573 Sed
1479 2547 1543 2573 haec
1553 2547 1665 2581 quidem
1677 2556 1729 2574 non

936 2585 969 2611 ita
983 2585 1146 2611 necessaria:
1165 2584 1231 2611 illud
1249 2584 1325 2610 valde
1343 2585 1538 2615 necessarium,
1557 2585 1648 2613 Brute,
1666 2590 1690 2611 te
1703 2586 1729 2611 in

936 2621 1036 2648 ltaliam
1047 2630 1109 2648 cum
1121 2623 1240 2648 exercitu
1254 2623 1344 2648 venire
1356 2630 1437 2656 quam
1450 2623 1578 2656 primum.
1619 2622 1729 2648 Summa

934 2664 975 2686 est
985 2659 1149 2694 exspectatio
1161 2660 1213 2686 tui:
1231 2660 1278 2694 qui
1291 2660 1314 2685 si
1326 2659 1428 2686 ltaliam
1440 2660 1573 2695 attigeris,
1587 2658 1619 2685 ad
1631 2665 1654 2686 te
1665 2669 1730 2686 con-
