1941 3052
343 156 529 184 ORATIO
562 158 593 182 II.

65 234 115 256 tur.
137 229 179 255 57.
195 228 249 254 Hoc
261 233 393 263 quantum
404 227 545 259 iudicium,
561 236 642 263 quam
653 226 860 257 intolerandum,

64 275 146 302 quam
159 266 264 301 regium
275 266 319 297 sit,
331 274 411 301 quem
424 265 566 300 praeterit?
579 273 667 300 posse,
683 265 864 300 quibuscum-

64 312 119 339 que
133 303 198 330 locis
212 302 309 334 velint,
333 302 406 329 nulla
421 303 626 337 disceptatione,
652 302 727 329 nullo
740 301 861 332 consilio,

65 341 168 377 privata
182 340 329 376 publicare,
345 340 454 375 publica
469 339 599 366 liberare?
612 340 752 374 Excipitur
762 339 811 366 hoc
821 347 864 365 ca-

66 379 121 414 pite
135 387 198 414 ager
211 378 238 404 in
252 377 342 404 Sicilia
353 378 554 404 Recentoricus:
571 386 651 413 quem
667 386 716 413 ego
730 377 827 411 excipi,
839 380 864 402 et

66 420 174 452 propter
189 415 329 442 hominum
345 415 586 447 necessitudinem,
607 419 632 441 et
651 419 758 450 propter
772 414 865 448 aequi—

65 457 156 484 tatem,
172 452 303 485 Quirites,
319 453 377 487 ipse
391 453 564 479 vehementer
577 452 690 488 gaudeo.
731 451 784 478 Sed
798 450 865 486 quid

65 491 132 518 haec
154 490 341 525 impudentia?
365 490 417 523 Qui
440 499 535 526 agrurn
553 490 755 516 Recentoricum
778 488 866 523 possi-

66 528 144 559 dent,
165 532 296 554 vetustate
311 528 490 563 possessionis
505 536 547 559 se,
563 536 615 553 non
631 527 697 557 iure,
714 527 866 552 misericor-

66 565 110 592 dia
125 569 243 596 senatus,
260 574 311 592 non
326 566 383 601 agri
397 565 548 592 conditione
562 564 721 591 defendunt.
751 564 818 589 Nam
834 562 867 588 il-

67 603 124 630 lum
143 612 237 638 agrum
256 603 396 638 publicum
415 611 473 629 esse
492 602 620 628 fatentur:
646 610 674 628 se
689 601 790 628 moveri
805 609 865 635 pos-

67 640 250 672 sessionibus,
273 641 446 667 amicissimis
464 640 575 666 sedibus
594 648 623 665 ac
641 639 693 665 diis
712 638 864 673 penatibus,

68 682 166 714 negant
179 682 309 712 oportere.
349 678 396 708 At,
412 678 434 704 si
449 681 489 704 est
502 677 623 712 privatus
637 685 701 711 ager
714 675 867 702 Recentori-

67 724 125 747 cuS,
142 716 209 751 quid
223 724 284 742 eum
299 715 421 750 excipis?
434 715 475 741 sin
490 719 578 740 autem
591 713 731 749 publicus:
748 722 817 748 quae
827 716 867 738 est

67 754 118 780 ista
132 753 261 787 aequitas,
277 757 387 783 ceteros,
403 752 508 778 etiamsi
523 752 620 786 privati
634 752 696 782 sint,
714 751 867 786 permittere

67 795 98 817 ut
112 790 214 825 publici
229 790 394 816 iudicentur:
412 790 484 816 hunc
498 789 620 824 excipere
635 789 802 819 nominatim,
819 788 867 822 qui

67 827 194 863 publicus
213 836 272 854 esse
290 827 420 854 fateatur?
444 827 515 863 Ergo
532 835 625 853 eorum
644 835 706 862 ager
724 826 865 860 excipitur,

67 866 115 900 qui
130 865 201 900 apud
215 865 326 892 Rullum
345 865 395 891 alia
414 865 516 891 ratione
534 864 691 890 valuerunt:
712 864 792 890 ceteri
811 862 867 898 agri

67 911 174 933 omneS,
194 903 242 937 qui
257 903 359 937 ubique
372 907 448 933 sunt,
469 903 528 928 sine
542 901 598 928 ullo
611 901 732 932 delectu,
747 902 806 927 sine
820 909 868 935 po-

68 940 127 976 puli
142 940 252 966 Romani
267 941 387 971 notione,
408 941 467 966 sine
485 939 586 966 iudicio
604 944 712 966 senatus
731 938 867 965 decemvi-

67 978 105 1004 ris
121 977 288 1005 addicentur.
328 977 413 1004 XXII.
431 979 473 1004 58.
492 977 580 1012 Atque
595 978 674 1003 etiam
689 981 730 1003 est
743 976 803 1007 alia,
821 984 869 1002 su-

67 1016 171 1051 periore
184 1016 284 1050 capite,
300 1024 354 1050 quo
368 1016 457 1042 omnia
472 1019 597 1045 veneunt,
613 1019 775 1050 quaestuosa
790 1022 868 1040 exce-

66 1054 136 1089 ptio:
153 1061 222 1088 quae
236 1057 306 1089 teget
320 1061 364 1079 eos
378 1062 465 1089 agros,
481 1052 514 1079 de
528 1053 629 1087 quibus
645 1051 749 1078 foedere
758 1056 866 1078 cautum

67 1095 118 1118 est.
140 1090 260 1122 Audivit,
277 1091 345 1117 hanc
358 1099 414 1117 rem
430 1099 480 1117 non
496 1099 509 1116 a
525 1099 576 1121 me,
592 1089 639 1116 sed
654 1090 686 1116 ab
701 1089 761 1116 aliis
772 1089 867 1125 agitari

68 1137 148 1164 saepe
161 1129 189 1155 in
203 1132 306 1160 senatu,
323 1137 527 1163 nonnumquam
542 1137 574 1154 ex
589 1127 714 1158 hocloco,
730 1127 868 1162 possidere

68 1175 145 1202 agros
165 1166 192 1192 in
211 1174 255 1192 ora
273 1166 406 1192 maritima
425 1174 514 1202 regem
534 1165 729 1200 Hiempsalem,
750 1173 818 1200 quos
837 1165 866 1190 P.

67 1203 210 1231 Africanus
224 1202 324 1238 populo
333 1204 452 1230 Romano
465 1203 637 1230 adiudicarit:
654 1207 680 1229 et
693 1206 780 1229 tamen
796 1206 869 1236 post-

68 1250 98 1268 ea
122 1250 170 1276 per
193 1241 222 1268 C.
246 1241 349 1268 Cottam
373 1241 512 1267 consulem
534 1245 642 1267 cautum
666 1248 726 1266 esse
752 1239 866 1266 foedere.

67 1279 122 1305 Hoc
136 1279 198 1313 quia
213 1287 261 1305 vos
276 1278 370 1305 foedus
381 1287 432 1305 non
444 1279 586 1309 iusseritiS,
603 1282 710 1304 veretur
719 1276 866 1312 Hiempsal,

68 1321 98 1343 ut
112 1317 176 1342 satis
191 1315 298 1342 firmum
313 1317 348 1342 sit
362 1320 387 1342 et
406 1320 502 1342 ratum.
544 1315 633 1348 Quid?
656 1315 810 1341 cuiusmodi
828 1319 869 1341 est

68 1353 156 1380 illud‘?
174 1353 276 1380 tollitur
290 1358 410 1380 vestrum
425 1353 570 1380 iudicium:
587 1353 681 1380 foedus
697 1357 781 1379 totum
796 1353 869 1378 exci-

71 1392 158 1426 pitur:
201 1391 398 1426 comprobatur.
438 1390 514 1423 Quod
535 1391 632 1417 minuit
649 1391 799 1417 auctionem
822 1390 869 1416 de-

67 1428 249 1460 cemviralem,
268 1428 358 1455 laudo:
383 1428 455 1464 quod
475 1429 530 1464 regi
548 1429 633 1455 amico
647 1432 735 1459 cavet,
761 1436 812 1454 non
828 1436 869 1454 re-

68 1466 219 1502 prehendo:
245 1465 318 1501 quod
336 1475 388 1493 non
406 1466 488 1502 gratis
508 1467 548 1497 iit,
570 1466 668 1492 indico.
709 1467 751 1492 59.
772 1465 869 1492 Volitat

68 1504 140 1530 enim
160 1508 220 1530 ante
238 1503 329 1530 oculos
348 1504 460 1530 istorum
480 1504 560 1530 lubae
578 1504 649 1539 regis
668 1503 754 1534 lilius,
779 1503 869 1529 adole-

68 1550 146 1568 scens
161 1550 214 1568 non
229 1542 318 1567 minus
333 1541 400 1568 bene
415 1546 583 1573 nummatus,
607 1550 689 1576 quam
704 1541 771 1567 bene
785 1540 869 1576 capil-

69 1578 148 1606 latus.

124 1617 175 1643 Vix
189 1616 242 1643 iam
257 1616 364 1643 videtur
378 1616 452 1643 locus
462 1624 530 1648 csse,
546 1617 594 1652 qui
605 1620 690 1643 tantos
702 1624 809 1643 acervos
822 1623 868 1651 pe-

68 1654 164 1681 cuniae
186 1654 282 1689 capiat.
322 1655 423 1690 Auget,
448 1654 535 1685 addit,
561 1654 726 1681 accumulat:
752 1663 865 1685 Auitum,

68 1700 225 1719 ARGENTUM
244 1701 279 1717 nx
298 1701 427 1723 raxam,
451 1701 486 1718 nx
505 1700 659 1723 umentis,
682 1701 717 1718 Ex
735 1700 868 1718 conom-

69 1739 129 1761 κιο,
155 1738 191 1756 AD
208 1738 407 1760 Quoscumque
427 1738 587 1761 panvemr,
613 1738 709 1760 neone
730 1738 866 1755 acanum

68 1775 119 1794 csr
137 1776 165 1793 iu
183 1776 344 1798 PUBLICUM,
369 1776 464 1798 usone
489 1776 516 1793 in
538 1776 718 1794 niouumsuro
736 1775 868 1793 cousum-

69 1813 155 1835 r‘rum,
176 1803 203 1830 id
223 1804 339 1839 profiteri
358 1804 429 1839 apud
443 1804 609 1831 decemviros
624 1808 650 1830 et
663 1804 696 1831 ad
710 1813 755 1830 eos
770 1803 867 1830 referre

68 1841 153 1869 iubet,
195 1842 249 1869 Hoc
266 1842 352 1876 capite
366 1842 443 1868 etiam
459 1842 643 1876 quaestionem
658 1842 691 1868 de
708 1841 867 1868 clarissimis

68 1879 147 1911 viris,
172 1880 219 1914 qui
235 1879 327 1914 populi
343 1879 454 1906 Romani
469 1879 538 1906 bella
552 1884 704 1915 gesserunt,
721 1879 868 1905 iudicium-

68 1925 122 1952 que
135 1916 169 1943 de
187 1917 310 1952 pecuniis
329 1917 484 1952 repetundis
503 1917 536 1943 ad
555 1917 720 1944 decemviros
742 1917 866 1943 tralatum

68 1954 176 1981 videtis.
211 1954 310 1981 Horum
325 1955 375 1981 erit
391 1953 517 1991 [nullum]
533 1954 674 1986 iudicium,
691 1959 806 1989 quantae
820 1963 868 1980 cu-

67 1991 166 2026 iusque
187 1992 329 2018 manubiae
352 1991 463 2023 fuerint,
488 1991 554 2026 quid
573 1991 699 2023 relatum,
720 1992 786 2027 quid
801 1992 867 2018 resi-

68 2028 154 2056 duum
169 2029 213 2055 sit⁴
249 2029 275 2055 In
295 2033 431 2063 posterum
448 2037 510 2055 vcro
525 2028 568 2055 lex
582 2029 646 2055 haec
660 2029 867 2064 imperatoribus

68 2066 166 2092 vestris
181 2066 366 2097 constituitur,
384 2070 425 2097 ut,
441 2067 608 2101 quicumque
621 2066 655 2092 de
670 2067 806 2101 provincia
821 2067 868 2093 de—

67 2103 191 2135 cesserit,
211 2103 283 2138 apud
297 2103 405 2130 eosdem
424 2103 604 2135 decemviros,
625 2108 757 2139 quantum
773 2104 868 2130 habeat

68 2140 195 2176 praedae,
224 2141 427 2171 manubiarum,
453 2141 509 2167 auri
532 2141 675 2172 coronarii,
702 2142 865 2176 profiteatur.

68 2180 110 2205 60.
126 2178 173 2205 Hic
187 2182 275 2205 tamen
291 2178 331 2204 vir
345 2179 463 2212 optimus
477 2186 549 2209 eum,
565 2187 646 2213 quem
661 2183 740 2210 amat,
757 2179 865 2213 excipit,

68 2216 117 2243 Cn.
133 2215 301 2250 Pompeium.
343 2215 418 2242 Unde
436 2216 486 2242 iste
504 2225 578 2242 amor
593 2220 644 2242 tam
660 2217 824 2251 improvisus
838 2225 868 2243 ac

70 2257 121 2281 tam
136 2252 312 2288 repentinus?
328 2253 376 2288 qui
392 2253 490 2279 honore
504 2253 700 2280 decemviratus
715 2254 868 2280 excluditur

68 2299 151 2326 prope
165 2291 336 2318 nominatim:
357 2290 435 2317 cuius
454 2290 600 2322 iudicium,
622 2291 767 2326 legumque
785 2291 865 2321 datio,

68 2333 206 2363 captorum
232 2336 356 2364 agrorum
381 2328 468 2362 ipsius
492 2328 589 2354 virtute
611 2329 727 2364 cognitio
749 2329 865 2355 tollitur:

68 2366 147 2393 cuius
163 2374 214 2393 non
228 2366 255 2392 in
271 2366 445 2400 provinciam,
461 2365 508 2391 sed
524 2365 550 2391 in
566 2366 623 2400 ipsa
637 2371 722 2392 castra
732 2366 868 2392 decemvi-

70 2403 92 2430 ri
106 2412 168 2430 cum
183 2403 310 2438 imperio,
331 2403 434 2429 inlinita
454 2403 580 2438 pecunia,
603 2404 719 2430 maxima
740 2408 867 2438 potestate

36 2457 40 2461 -
69 2444 95 2467 et
107 2440 207 2468 iudicio
221 2449 311 2467 rerum
325 2441 446 2467 omnium
463 2441 619 2466 mittuntur:
635 2441 678 2466 cui
694 2441 736 2467 ius
751 2441 868 2475 impera-

70 2478 176 2510 terium,
192 2478 265 2513 quod
279 2486 386 2513 semper
399 2478 526 2505 omnibus
537 2478 743 2512 imperatoribus
754 2482 794 2504 est
804 2487 867 2504 con-

68 2519 213 2547 servatum,
230 2515 280 2542 soli
295 2516 421 2551 eripitur:
442 2516 464 2541 is
479 2515 613 2549 excipitur
628 2524 708 2546 unus,
726 2524 757 2541 nc
772 2524 868 2541 manu-

69 2552 127 2579 bias
141 2552 238 2579 referre
252 2552 356 2579 debeat.
388 2553 482 2579 Utrum
498 2553 602 2579 taudem
620 2553 668 2579 hoc
682 2553 768 2587 capite
783 2553 867 2579 honos

69 2588 161 2616 haberi
176 2590 289 2621 homini,
306 2599 337 2617 an
353 2590 455 2617 invidia
470 2591 562 2625 quaeri
579 2589 703 2616 videtur?

122 2627 220 2654 XXIII.
238 2629 279 2654 et.
296 2627 415 2654 Remittit
430 2628 479 2654 hoc
494 2627 572 2654 Rullo
583 2628 631 2653 Cn.
646 2628 803 2662 Pompeius:
820 2627 868 2653 be-

69 2663 163 2691 neficio
177 2665 229 2691 isto
240 2664 317 2700 legis,
333 2665 497 2701 benignitate
508 2665 681 2691 decemvirali
693 2665 759 2691 nibil
772 2665 865 2691 utitur.

69 2700 135 2728 Nam
155 2702 178 2728 si
192 2706 233 2729 est
246 2710 362 2737 aequum
378 2702 489 2738 praedas
503 2711 533 2729 ac
548 2702 689 2729 manubias
703 2711 766 2729 suas
782 2703 868 2737 impe-

628 157 682 182 DE
718 155 844 182 LEGE
879 154 1115 181 AGRARIA.

1145 153 1197 179 CA
1214 154 1243 179 P.
1282 155 1309 179 18
1331 169 1365 171 -
1390 154 1429 178 23.
1663 152 1712 177 405

915 230 1014 252 ratores
1030 234 1081 252 non
1096 225 1123 251 in
1136 229 1307 251 monumenta
1321 223 1432 250 deorum
1448 222 1650 251 immortalium,
1667 231 1714 248 ne-

915 272 968 298 que
982 264 1008 289 in
1024 263 1103 289 Urbis
1117 266 1271 289 ornamenta
1285 261 1416 292 conferre,
1439 260 1486 286 sed
1501 259 1533 286 ad
1547 259 1713 285 decemviros

916 306 1052 335 tamquam
1072 300 1104 326 ad
1127 300 1249 326 dominos
1273 304 1418 333 reportare:
1446 297 1515 324 nihil
1538 297 1590 323 sibi
1614 297 1715 331 appetit

916 339 1059 373 praecipue
1073 338 1230 372 Pompeius,
1251 337 1333 363 nihil:
1359 336 1417 362 vult
1434 344 1463 361 se
1481 336 1509 361 in
1523 334 1660 361 communi
1675 339 1715 360 at-

916 384 968 411 que
983 376 1011 402 in
1025 375 1132 406 eodem,
1148 383 1201 410 quo
1215 374 1308 405 ceteri,
1324 375 1382 400 iure
1396 373 1506 399 versari.
1548 372 1595 398 Sin
1609 376 1649 398 est
1663 372 1715 397 ini-

916 422 1015 448 quum,
1037 412 1167 445 Quirites:
1188 412 1210 438 si
1226 417 1316 446 turpe,
1337 412 1360 437 si
1374 409 1585 440 intolerandum,
1605 409 1654 435 hos
1669 409 1715 434 de-

916 451 1048 476 cemviros
1068 450 1207 485 portitores
1224 450 1352 476 omnibus
1371 449 1492 475 omnium
1511 447 1634 482 pecuniis
1652 455 1716 472 con-

917 488 1001 519 stitui,
1018 488 1064 522 qui
1081 496 1132 513 non
1146 487 1225 513 modo
1239 495 1315 522 reges
1325 492 1405 521 atque
1415 491 1565 512 exterarum
1577 484 1714 510 nationum

918 526 1053 556 homines,
1079 525 1126 551 sed
1149 525 1228 550 etiam
1252 524 1424 559 imperatores
1443 528 1545 549 vestros
1563 522 1713 548 excutiant:

918 572 970 589 non
990 563 1056 589 mihi
1076 562 1200 588 videntur
1219 561 1327 588 honoris
1345 570 1438 587 caussa
1462 561 1584 594 excipere
1602 559 1716 592 Pompe-

918 600 984 631 ium,
997 600 1045 626 sed
1056 604 1182 630 metuere,
1196 608 1227 625 ne
1238 599 1283 625 ille
1292 598 1411 625 eamdem
1423 597 1621 627 contumeliam,
1634 605 1715 630 quam

918 638 1012 667 ceteri,
1034 637 1101 663 serre
1120 645 1171 663 non
1186 636 1284 671 possit:
1313 638 1353 662 62.
1370 635 1512 670 Pompeius
1528 638 1615 660 autem
1630 642 1716 668 quum

918 675 968 701 hoc
982 675 1070 700 animo
1084 675 1128 705 sit,
1145 679 1181 705 ut,
1198 673 1333 708 quidquid
1348 673 1423 699 vobis
1439 673 1548 707 placeat,
1565 671 1617 697 sibi
1629 671 1717 696 seren—

919 712 983 738 dum
999 716 1087 746 putet:
1111 711 1183 746 quod
1198 719 1245 737 vos
1261 710 1327 737 serre
1342 719 1393 737 non
1409 710 1541 745 poteritis,
1558 709 1585 735 id
1600 708 1717 743 profecto

920 750 1045 785 perficiet,
1064 758 1096 775 ne
1110 749 1213 775 diutius
1227 748 1305 774 inviti
1321 747 1387 774 ferre
1401 747 1544 783 cogamini.
1575 746 1716 772 Verumta-

920 796 980 814 men
994 791 1083 818 cavet,
1100 791 1142 817 ut,
1163 796 1187 812 st
1205 795 1261 816 QUA
1280 794 1405 812 pecuum
1425 794 1490 811 νοεῖ
1504 793 1554 810 uos
1569 792 1717 810 cossntss

921 834 954 851 ex
968 834 1053 851 novis
1066 832 1284 850 vscrucxunns
1298 831 1492 852 memnon,
1515 830 1549 847 EA
1563 829 1716 847 πρεμνι-

921 872 948 889 at
961 871 1103 889 unsrun.
1126 862 1198 887 Nova
1209 869 1286 895 porro
1296 859 1434 895 vectigalia
1446 859 1518 885 videt
1529 867 1558 884 ea
1570 858 1633 889 sore,
1648 866 1717 892 quae

920 900 1063 934 Pompeius
1078 899 1240 925 adiunxerit.
1280 899 1317 924 Ita
1332 898 1453 924 remissis
1468 896 1618 926 manubiis,
1635 895 1717 920 vecti-

919 937 1026 973 galibus
1049 937 1108 963 eius
1130 937 1229 962 virtute
1252 936 1336 970 partis
1360 943 1388 961 se
1411 934 1463 961 frui
1488 938 1564 968 putat
1585 937 1715 967 oportere.

920 976 994 1001 Parta
1009 975 1043 1001 sit
1058 975 1184 1009 pecunia,
1200 973 1331 1005 Quirites,
1347 972 1507 999 decemviris
1523 975 1602 1001 tanta,
1618 974 1717 1005 quanta

919 1013 954 1039 sit
968 1013 995 1039 in
1010 1013 1099 1043 terris,
1117 1011 1183 1038 nibil
1198 1011 1431 1046 praetermissum,
1457 1009 1503 1036 sed
1517 1017 1610 1035 omnes
1625 1007 1715 1037 urbes,

918 1050 984 1086 agri,
1001 1059 1082 1086 regna
1096 1049 1221 1084 denique,
1238 1053 1372 1083 postremo
1386 1048 1464 1074 etiam
1480 1045 1619 1081 vectigalia
1630 1049 1717 1071 vestra

920 1088 1065 1115 venierint:
1087 1087 1246 1113 accesserint
1260 1087 1287 1112 in
1301 1085 1442 1112 cumulum
1457 1084 1601 1111 manubiae
1616 1087 1718 1109 vestro-

919 1135 979 1152 rum
994 1126 1200 1160 imperatorum:
1228 1128 1344 1159 quantae
1362 1128 1387 1149 et
1404 1131 1486 1158 quam
1501 1122 1633 1148 immanes
1647 1120 1703 1146 dim·

920 1164 970 1190 tiae
984 1163 1144 1189 decemviris
1159 1163 1186 1188 in
1197 1163 1277 1188 tantis
1288 1161 1468 1191 auctionibus,
1485 1164 1522 1186 tot
1534 1158 1650 1188 iudiciis,
1664 1162 1716 1183 tam

920 1201 1023 1228 infinita
1039 1204 1166 1235 potestate
1181 1208 1270 1226 rerum
1284 1200 1405 1226 omnium
1420 1201 1592 1233 quaerantur,
1608 1195 1714 1222 videtis,

976 1238 1073 1265 XXIV.
1085 1240 1126 1264 63.
1142 1237 1299 1273 cognoscite
1314 1245 1385 1263 nunc
1399 1236 1465 1262 alios
1476 1236 1623 1261 immensos
1638 1237 1718 1268 atque

920 1276 1101 1303 intolerabiles
1119 1279 1262 1310 quaestus,
1289 1279 1318 1301 ut
1335 1273 1505 1309 intelligatis,
1531 1271 1564 1298 ad
1586 1275 1718 1297 certorum

922 1315 1061 1341 hominum
1081 1315 1261 1348 importunam
1281 1312 1419 1338 avaritiam
1439 1311 1488 1337 hoc
1507 1309 1635 1345 populare
1650 1308 1718 1343 legis

920 1352 1038 1388 agrariae
1058 1360 1153 1378 nomen
1173 1359 1231 1376 esse
1245 1350 1408 1385 quaesitum.
1449 1349 1501 1374 Hac
1516 1347 1629 1382 pecunia
1644 1345 1719 1372 iubet

920 1398 997 1425 agros
1012 1389 1074 1420 emi,
1090 1397 1144 1423 quo
1158 1387 1339 1414 deducamini.
1381 1387 1438 1413 Non
1453 1385 1581 1412 consuevi
1596 1383 1718 1410 homines

921 1426 1055 1462 appellare
1070 1426 1202 1461 asperius,
1219 1425 1345 1457 Quirites,
1362 1425 1414 1450 nisi
1431 1423 1582 1449 lacessitus.
1615 1420 1717 1447 Vellem

922 1465 977 1491 lieri
997 1468 1099 1499 posset,
1121 1468 1150 1490 ut
1168 1472 1182 1489 a
1201 1471 1243 1489 me
1262 1463 1320 1489 sine
1338 1461 1498 1488 contumelia
1517 1460 1719 1486 nominarentur

920 1503 948 1533 ii,
964 1503 1011 1537 qui
1026 1510 1054 1528 se
1068 1501 1234 1527 decemviros
1248 1504 1355 1535 sperant
1370 1499 1487 1525 futuros:
1512 1498 1564 1524 iam
1580 1496 1716 1526 videretis,

919 1540 1021 1575 quibus
1036 1539 1192 1565 hominibus
1206 1538 1326 1564 omnium
1342 1546 1430 1563 rerum
1446 1541 1471 1562 et
1482 1534 1682 1562 vendendarum
1694 1538 1720 1559 ct

921 1577 1092 1604 emendarum
1109 1580 1263 1611 potestatem
1280 1574 1476 1610 permitteretis.
1509 1573 1551 1599 64.
1568 1571 1630 1601 Sed,
1646 1570 1719 1606 quod

920 1624 969 1651 ego
984 1614 1102 1641 nondum
1117 1618 1204 1640 statuo
1218 1613 1286 1639 milii
1305 1621 1363 1639 esse
1381 1611 1540 1642 dicendum,
1563 1618 1611 1635 vos
1631 1613 1718 1635 tamen

920 1653 947 1679 id
966 1652 1076 1687 potestis
1095 1660 1156 1678 cum
1176 1651 1273 1677 animis
1289 1650 1384 1676 vestris
1398 1650 1524 1685 cogitare.
1565 1647 1653 1674 Unum
1669 1646 1719 1672 hoc

919 1695 989 1717 certe
1004 1689 1095 1716 videor
1110 1689 1176 1715 mihi
1191 1689 1332 1715 verissime
1348 1696 1425 1722 posse
1436 1686 1537 1713 dicere:
1555 1690 1621 1716 tum,
1633 1692 1718 1719 quum

921 1728 1029 1754 haberet
1048 1727 1112 1753 haec
1130 1726 1282 1761 respublica
1297 1726 1440 1755 Luscinos,
1461 1723 1608 1753 Calatinos,
1629 1721 1720 1748 Acidi-

919 1774 981 1797 nos,
1003 1765 1125 1791 homines
1145 1773 1196 1790 non
1211 1763 1299 1790 solum
1315 1763 1460 1789 honoribus
1476 1760 1569 1796 populi
1584 1760 1720 1794 rebusque

919 1803 1016 1839 gestis,
1037 1811 1131 1829 verum
1145 1802 1224 1828 etium
1241 1801 1366 1836 patientia
1382 1799 1545 1835 paupertatis
1559 1802 1679 1827 ornatos,
1695 1801 1721 1822 et

920 1846 990 1871 tum,
1007 1849 1092 1875 quum
1108 1844 1182 1866 eraut
1195 1839 1321 1870 Catones,
1337 1838 1422 1868 Phili,
1440 1837 1531 1867 Laelii,
1547 1844 1662 1870 quorum
1678 1843 1720 1860 sa-

920 1878 1047 1914 pientiam
1069 1877 1327 1912 temperantiamque
1350 1877 1376 1902 in
1400 1874 1518 1910 publicis
1542 1873 1718 1908 privatisque,

921 1916 1072 1942 forensibus
1087 1915 1296 1949 domesticisque
1310 1913 1391 1940 rebus
1406 1912 1615 1948 perspexeratis:
1632 1915 1719 1936 tamen

920 1952 1108 1980 huiuscemodi
1124 1961 1165 1979 res
1180 1952 1324 1979 commissa
1339 1951 1439 1977 nemini
1454 1955 1502 1980 est,
1520 1954 1548 1975 ut
1562 1949 1633 1974 idem
1649 1947 1721 1973 iudi-

919 1996 991 2018 caret
1008 1995 1034 2018 et
1053 1990 1192 2021 venderet,
1214 1994 1240 2016 et
1259 1990 1307 2015 hoc
1327 1988 1422 2015 faceret
1441 1996 1487 2023 per
1501 1986 1719 2022 quinquennium

920 2034 973 2056 toto
987 2029 1014 2055 in
1029 2028 1092 2055 orbe
1107 2033 1251 2058 terrarum,
1274 2027 1400 2061 idemque
1419 2034 1496 2061 agros
1516 2023 1659 2059 vectigales
1674 2031 1720 2057 po·

921 2067 978 2101 puli
997 2066 1108 2093 Romani
1132 2065 1307 2096 abalienaret,
1333 2069 1358 2090 et
1376 2072 1461 2098 quum
1481 2070 1615 2089 summam
1635 2066 1720 2087 tantae

921 2104 1063 2139 pecuniae,
1085 2102 1160 2129 nullo
1175 2107 1253 2134 teste,
1276 2102 1329 2128 sibi
1349 2102 1407 2137 ipso
1421 2110 1453 2127 ex
1468 2109 1516 2127 sua
1532 2099 1667 2125 voluntate
1683 2097 1721 2123 st*

919 2142 1013 2174 cisset;
1035 2146 1091 2168 tum
1110 2141 1228 2175 denique
1247 2144 1359 2170 emeret,
1381 2148 1394 2165 n
1413 2138 1514 2173 quibus
1534 2136 1627 2166 vellet,
1648 2135 1719 2170 quod

920 2179 1064 2206 videretur.
1088 2180 1129 2205 65.
1146 2178 1309 2205 Corumittite
1321 2186 1367 2202 vos
1379 2185 1459 2206 nuuc,
1475 2175 1601 2207 Quirites,
1619 2173 1661 2199 his
1674 2174 1720 2198 ho-

920 2216 1040 2242 minibus
1051 2216 1115 2242 baec
1125 2216 1224 2244 onmia,
1236 2224 1305 2249 quos
1314 2214 1416 2240 odorari
1429 2214 1499 2239 hunc
1510 2211 1719 2239 dec-‘uiviratum

919 2253 1111 2288 suspicamini:
1137 2253 1274 2287 reperictis
1294 2256 1394 2286 partem
1414 2259 1473 2277 csse
1492 2258 1598 2279 corum,
1619 2247 1720 2282 quibus

920 2291 952 2317 ad
969 2290 1136 2319 babendum,
1153 2294 1269 2324 partem,
1285 2289 1387 2323 quilius
1402 2288 1434 2314 ad
1449 2285 1663 2314 consumendum
1680 2285 1719 2310 ni-

921 2328 958 2354 liil
969 2328 1034 2354 satis
1044 2336 1104 2353 esse
1116 2328 1245 2353 videatur.
1270 2326 1355 2352 XXV.
1372 2326 1418 2352 llic
1430 2334 1478 2359 ego
1490 2325 1542 2351 iam
1554 2323 1631 2351 illud,
1647 2322 1718 2357 qumi

919 2365 1155 2400 expeditissimum
1166 2365 1210 2394 sit,
1228 2372 1260 2389 ue
1271 2364 1380 2398 disputo
1390 2363 1510 2398 quidem,
1527 2361 1654 2393 Quirites.
1669 2369 1719 2385 uun

920 2411 979 2429 esse
995 2403 1062 2428 lianc
1077 2402 1153 2427 vobis
1168 2410 1180 2427 a
1197 2401 1344 2427 iunioribus
1355 2400 1473 2426 relictam
1484 2398 1718 2426 consuetudinem.

920 2445 948 2466 ut
963 2444 1085 2466 emantur
1099 2439 1155 2473 agri
1170 2447 1183 2465 a
1200 2438 1320 2473 privatis,
1336 2447 1391 2472 quo
1406 2437 1498 2472 plebes
1514 2435 1621 2471 publice
1635 2435 1721 2461 dedu—

919 2482 1008 2504 catur:
1028 2477 1155 2503 omuibus
1176 2476 1281 2511 legibus
1299 2476 1370 2509 agris
1390 2474 1506 2509 publicis
1526 2474 1643 2508 privatos
1662 2481 1720 2498 esse

919 2515 1063 2541 deductos:
1081 2513 1270 2540 huiuscemodi
1285 2521 1326 2539 me
1341 2512 1444 2547 aliquid
1459 2512 1492 2537 ab
1507 2511 1556 2538 boc
1570 2510 1677 2537 horrido
1691 2520 1720 2535 ac

920 2557 993 2579 truce
1008 2551 1218 2586 tribunoplebis
1237 2555 1420 2585 exspectasse:
1447 2549 1514 2576 lianc
1533 2557 1595 2575 vero
1613 2547 1718 2574 emendi

919 2594 945 2616 et
963 2589 1096 2616 vendendi
1115 2588 1384 2624 (praestitosissimaui
1405 2596 1434 2613 ac
1449 2586 1634 2621 turpissimam
1650 2594 1720 2611 nier-

919 2632 1036 2653 caturaui
1053 2626 1167 2653 alienam
1183 2626 1285 2652 actione
1301 2625 1458 2654 tribunicia.
1475 2624 1587 2650 alienam
1603 2623 1719 2659 dignita-

920 2669 944 2691 te
963 2664 1056 2699 populi
1078 2664 1187 2690 Romani
1207 2671 1314 2697 semper
1339 2663 1440 2697 putavi.
1482 2664 1523 2688 66.
1545 2661 1620 2688 Libet
1643 2669 1719 2695 agros

919 2702 991 2728 emi'?
1007 2702 1126 2728 Primum
1142 2709 1256 2736 quaero,
1274 2709 1343 2735 quos
1355 2709 1431 2736 agros
1448 2699 1585 2734 ctquibus
1599 2699 1623 2724 in
1639 2697 1720 2724 {ocis-³?
