1941 3052
520 155 814 183 PHILIPPICA
847 155 883 182 11.

35 228 156 257 audivit‘.>
175 229 259 256 Cuius
272 234 374 260 autem¹
392 229 440 264 qui
455 229 483 255 in
497 237 529 255 eo
543 236 654 255 numero
666 227 770 258 fuisset,
783 235 831 252 no-

35 276 97 295 men
107 270 147 293 est
157 267 335 294 occultatum?
350 266 517 294 Occultatum
528 265 605 292 dico?
624 265 702 291 cuius
714 273 765 291 non
777 268 831 290 sta-

35 305 84 332 tim
104 304 293 340 divulgatum?
312 303 398 331 Citius
412 303 526 330 dixerim
543 303 655 329 iactasse
670 310 699 328 se
714 301 828 336 aliquos,

35 346 66 370 ut
85 341 170 369 fuisse
189 343 217 368 in
237 343 287 369 ista
307 343 431 369 societate
446 341 613 371 viderentur,
633 340 681 375 qui
697 339 763 366 socii
778 347 830 365 non

35 379 163 411 fuissent,
176 388 258 415 quam
273 383 304 406 ut
313 380 458 414 quisquam
469 378 550 405 celari
560 377 650 408 vellet,
663 377 711 412 qui
723 375 829 403 fuisset.

35 419 78 445 26.
88 416 175 449 Quam
190 417 246 443 veri
261 417 350 443 simile
365 425 443 451 porro
454 416 531 443 estin
544 419 582 442 tot
592 414 756 445 hominibus,
770 422 832 448 par-

35 455 83 481 tim
98 454 234 486 obscuris,
252 455 349 489 partim
364 453 578 480 adolescentibus
594 452 729 478 neminem
740 450 831 477 occul-

0 519 1 524 ,
35 492 167 523 tentibus,
191 500 281 518 meum
302 500 398 518 nomen
420 491 500 517 latere
520 489 658 525 potuisse?
680 489 786 515 Etenim
807 488 830 513 si

0 526 1 544 l
35 533 156 556 auctores
176 529 209 556 ad
233 529 397 556 liberandam
418 529 530 563 patriam
545 527 760 554 desiderarentur
774 524 829 551 illis

35 567 203 598 auctoribus,
220 567 314 593 Brutos
330 575 380 602 ego
392 565 573 600 impellerem,
589 572 706 599 quorum
717 567 831 597 uterque

35 604 66 630 L.
82 604 156 630 Bruti
172 605 316 640 imaginem
331 603 451 639 quotidie
466 602 581 633 videret,
594 601 659 628 alter
670 601 748 627 etiam
760 599 831 626 Aha-

36 640 95 668 lae‘?
115 642 146 667 Hi
162 642 245 677 igitur
259 642 302 668 his
313 641 460 668 maioribus
471 640 504 666 ab
515 639 608 666 alienis
619 638 707 673 potius
721 636 831 664 consili-

35 687 82 705 um
94 683 222 713 peterent,
231 687 312 714 quam
323 687 336 705 a
349 677 426 705 suis?
435 682 461 704 et
467 677 530 704 foris
541 677 639 712 potius,
647 683 728 710 quam
734 673 831 701 domo‘?

35 715 126 748 Quid‘?
141 716 170 743 C.
183 716 303 748 Cassius,
315 717 343 742 10
355 724 384 742 ea
396 715 496 741 familia
508 718 596 745 natus,
609 721 678 748 quae
688 721 740 739 non
752 711 832 738 modo

35 753 211 785 dominatum,
225 753 272 780 sed
282 762 315 780 ne
325 753 468 788 potentiam
474 751 584 787 quidem
596 751 756 785 cuiusquam
764 748 831 776 ferre

35 792 131 826 potuit,
155 800 196 817 me
216 795 363 822 auctorem,
384 789 476 821 credo,
489 789 664 815 desideravit:
686 787 736 822 qui
751 786 831 813 etiam

35 829 95 854 sine
106 829 149 855 his
160 828 317 855 clarissimis
324 828 398 859 viris,
406 827 474 853 hanc
481 835 536 852 rem
547 827 575 852 in
582 825 675 852 Cilicia
686 824 719 851 ad
730 825 830 851 ostium

35 864 154 892 fluminis
166 865 252 901 Cydni
263 865 429 896 confecisset,
443 865 466 890 si
476 863 522 890 ille
533 863 566 890 ad
577 872 634 889 eam
641 863 736 897 ripam,
749 870 830 896 quam

35 904 221 934 constituerat,
250 911 301 929 non
322 902 354 929 ad
374 902 546 932 contrariam,
569 909 651 927 naves
671 899 830 934 appulisset.

36 941 77 968 27.
91 940 139 967 Cn.
151 940 297 967 Domitium
309 949 361 967 non
373 940 456 974 patris
467 939 600 969 interitus,
614 937 757 964 clarissimi
768 936 828 967 viri,

36 986 88 1004 000
103 977 231 1004 avunculi
246 986 331 1009 mors,
349 986 401 1004 non
416 976 539 1012 spoliatio
554 976 692 1011 dignitatis
708 974 741 1000 ad
755 982 832 1000 recu—

35 1015 180 1050 perandam
204 1015 365 1046 libertatem,
388 1014 435 1041 sed
454 1022 512 1040 mea
531 1013 673 1040 auctoritas
688 1010 832 1038 excitavit?

35 1052 76 1079 An
90 1052 119 1080 C.
137 1052 267 1079 Trebonio
281 1061 330 1088 ego
340 1051 479 1087 persuasi?
498 1050 542 1077 cui
554 1059 586 1077 ne
597 1049 709 1076 suadere
720 1048 830 1084 quidem

36 1098 120 1116 ausus
135 1098 236 1116 essem:
258 1098 313 1125 quo
327 1090 406 1116 etiam
423 1089 549 1115 maiorem
564 1088 588 1114 ei
603 1087 755 1122 respublica
770 1094 832 1122 gra-

36 1127 100 1154 tiam
115 1127 207 1158 dehet,
224 1128 272 1162 qui
284 1126 433 1154 libertatem
443 1125 538 1161 populi
549 1125 660 1152 Romani
673 1125 753 1151 unius
764 1123 832 1150 ami-

35 1165 113 1191 citiae
127 1165 294 1200 praeposuit,
307 1163 491 1200 depulsorque
501 1163 664 1193 dominatus,
677 1171 759 1197 quam
771 1170 832 1196 par-

36 1202 119 1237 ticeps
135 1210 194 1228 esse
210 1202 313 1229 maluit.
344 1201 386 1228 An
400 1202 431 1228 L.
446 1200 544 1227 Tillius
559 1199 667 1227 Cimber
680 1207 724 1226 me
734 1203 775 1226 est
784 1207 833 1224 au-

35 1243 135 1266 ctorem
154 1239 282 1266 secutus‘?
300 1247 383 1274 quem
404 1247 454 1274 ego
472 1238 559 1273 magis
574 1237 672 1264 fecisse
686 1237 761 1263 illam
775 1244 831 1262 rem

36 1285 98 1304 sum
118 1276 278 1309 admiratus,
303 1285 385 1312 quam
406 1276 539 1303 facturum
556 1275 662 1310 putavi:
684 1274 832 1300 admiratus

35 1322 97 1341 sum
109 1318 198 1341 autem
207 1314 241 1340 ob
251 1323 309 1341 eam
320 1322 452 1345 caussam,
461 1312 534 1348 quod
544 1313 684 1339 immemor
690 1311 833 1338 beneficio-

36 1360 107 1383 rum,
129 1360 231 1378 memor
251 1352 350 1386 patriae
370 1351 476 1378 fuisset.
516 1349 587 1382 Quid
602 1349 670 1376 duos
686 1347 833 1376 Servilios?

0 1402 2 1408 ν
36 1388 133 1416 Cascas
144 1389 245 1420 dicam,
258 1397 291 1415 an
302 1388 420 1416 Ahalas?
438 1387 524 1415 ethos
535 1388 690 1413 auctoritate
702 1395 759 1413 mea
770 1395 833 1413 cen-

35 1434 80 1453 ses
95 1427 222 1453 excitatos
237 1427 339 1461 potius,
352 1434 435 1462 quam
446 1425 554 1452 caritate
563 1423 744 1459 reipublicae?
763 1424 834 1450 Lon-

34 1472 102 1500 gum
116 1468 157 1490 est
172 1464 297 1499 persequi
311 1468 426 1490 ceteros:
448 1463 531 1498 idque
541 1461 705 1497 reipublicae
716 1461 834 1497 praecla-

35 1510 106 1532 rum,
121 1501 206 1528 fuisse
215 1506 268 1528 tam
281 1501 389 1532 multos,
402 1501 470 1536 ipsis
481 1500 639 1536 gloriosum.

91 1538 150 1565 XII.
172 1540 214 1566 28.
236 1538 270 1565 At
288 1537 517 1574 quemadmodum
532 1545 575 1564 me
590 1537 740 1573 coarguerit
754 1535 833 1562 homo

36 1580 146 1608 acutus,
163 1575 349 1603 recordamini.
381 1575 492 1603 Caesare
507 1574 653 1606 interfecto,
666 1574 764 1608 inquit,
777 1578 833 1599 sta-

36 1613 85 1641 tim
99 1618 242 1640 cruentum
257 1613 310 1640 alte
319 1613 449 1640 extollens
461 1613 497 1639 M.
509 1613 608 1639 Brutus
620 1611 774 1648 pugionem,
788 1611 834 1638 Ci-

35 1658 159 1678 ceronem
174 1650 331 1678 nominatim
343 1650 511 1681 exclamavit,
524 1654 604 1685 atque
615 1650 639 1676 ei
650 1652 831 1683 recuperatam

37 1687 186 1715 libertatem
210 1692 251 1715 est
274 1688 434 1724 gratulatus.
474 1687 529 1714 Cur
553 1687 620 1713 mihi
641 1685 833 1721 potissimum?

36 1726 101 1761 quia
121 1725 258 1752 sciebam?
278 1725 344 1753 Vide
364 1733 397 1752 ne
411 1724 459 1752 illa
473 1733 568 1751 caussa
583 1724 665 1750 fuerit
678 1723 831 1759 appellandi

37 1763 103 1794 mei,
114 1762 187 1799 quod
195 1783 201 1795 ,
214 1771 299 1798 quum
311 1771 367 1790 rem
378 1762 508 1799 gessisset
517 1761 685 1789 consimilem
696 1761 777 1788 rebus
787 1761 830 1792 iis,

37 1808 105 1836 quas
126 1801 185 1836 ipse
205 1809 350 1837 gesseram,
373 1808 417 1827 me
430 1800 603 1835 potissimum
620 1803 732 1826 testatus
747 1802 788 1825 est
804 1807 834 1824 se

36 1837 175 1865 aemulum
189 1845 310 1865 mearum
324 1837 436 1864 laudum
451 1836 597 1864 exstitisse.
622 1837 664 1864 29.
681 1836 721 1863 Tu
732 1840 832 1867 autem,

37 1875 158 1902 omnium
179 1874 349 1907 stultissime,
371 1883 423 1902 non
438 1874 577 1910 intelligis,
604 1874 628 1900 si
643 1873 684 1905 id,
701 1873 774 1909 quod
791 1881 834 1900 me

37 1912 138 1949 arguis,
147 1912 266 1939 voluisse
276 1912 388 1939 interfici
400 1911 548 1943 Caesarem,
560 1911 662 1938 crimen
672 1911 720 1938 sit:
742 1911 832 1942 etiam,

37 1948 164 1976 laetatum
173 1957 233 1976 esse
246 1949 572 1981 morteeaesnris,crimen
583 1947 661 1975 esse?
679 1947 751 1981 Quid
762 1949 834 1975 enim

36 1986 149 2013 interest
159 1987 228 2013 inter
237 1995 374 2014 suasorem
386 1986 457 2018 facti,
474 1990 500 2013 et
509 1985 694 2021 probatorem?
713 1990 760 2012 aut
767 1985 834 2021 quid

36 2023 126 2056 refert,
140 2028 231 2050 utrum
242 2023 373 2051 voluerim
384 2023 450 2056 lieri,
463 2032 496 2050 an
507 2023 638 2059 gaudeam
649 2022 766 2050 factum?
784 2023 835 2049 Eo-

37 2061 100 2096 quis
121 2065 162 2088 est
176 2062 267 2097 igitur,
285 2065 311 2088 te
325 2065 444 2096 excepto,
461 2065 488 2087 et
500 2061 549 2092 iis,
567 2061 614 2095 qui
629 2059 708 2086 illum
724 2068 836 2096 regnare

37 2098 203 2135 gaudebant,
225 2099 273 2134 qui
293 2098 363 2125 illud
382 2102 428 2125 aut
448 2098 504 2124 fieri
524 2097 653 2128 noluerit,
675 2101 722 2124 aut
736 2097 835 2124 factum

37 2135 214 2171 improbarit?
242 2135 342 2163 Omnes
362 2143 426 2171 ergo
440 2135 467 2162 in
483 2134 572 2170 culpa.
616 2135 722 2161 Etenim
741 2142 835 2161 omnes

37 2172 115 2205 boni,
136 2177 268 2208 quantum
290 2174 317 2200 in
338 2173 405 2208 ipsis
427 2171 486 2204 fuit,
508 2172 648 2199 Caesarem
669 2172 834 2199 occiderunt.

38 2209 106 2238 Aliis
121 2210 275 2242 consilium,
289 2210 349 2237 aliis
360 2210 477 2241 animus,
490 2209 551 2235 aliis
561 2210 665 2236 occasio
675 2209 774 2236 defuit:
788 2218 836 2236 vo-

40 2246 128 2275 luntas
139 2249 250 2275 nemini.
282 2249 324 2274 30.
337 2247 390 2274 Sed
401 2251 537 2282 stuporem
549 2247 680 2278 hominis,
694 2247 736 2273 vel
747 2246 835 2273 dicam

38 2285 164 2321 pecudis,
181 2285 318 2312 attendite.
349 2285 394 2311 Sic
404 2285 477 2311 enim
488 2284 569 2310 dixit:
591 2284 627 2311 M.
644 2283 747 2314 Brutus,
761 2293 837 2318 quem

39 2330 84 2356 eqo
97 2323 201 2350 honoria
218 2331 312 2349 caussa
325 2325 440 2353 nomino,
453 2325 586 2348 cusentum
594 2324 729 2354 puqt'onem
740 2326 834 2351 tenens,

41 2358 186 2387 Ciceronem
200 2361 372 2387 exclamavit:
392 2368 426 2386 βω
435 2367 487 2393 quo
499 2360 609 2392 intelligia·
618 2361 697 2389 debet,
708 2367 765 2385 aum
775 2367 836 2384 con—

39 2399 120 2423 scium
129 2400 218 2432 fuisse.
257 2398 327 2433 Ergo
338 2405 352 2424 e
371 2405 387 2423 o
396 2396 541 2423 sceleratus
551 2395 671 2430 appellor
681 2404 696 2422 a
707 2400 741 2427 te,
753 2404 836 2430 quem

40 2435 70 2460 tu
84 2434 251 2470 suspicatum
262 2434 347 2470 aliqui
377 2433 541 2469 suspicaris:
562 2433 618 2464 1110,
631 2433 678 2468 qui
688 2432 835 2460 stillantem

40 2477 104 2506 prae
112 2480 141 2498 se
152 2472 296 2508 pugionem
309 2471 379 2503 tulit.
393 2472 417 2498 is
427 2479 442 2497 a
454 2475 478 2497 tc
489 2471 598 2497 honoris
608 2478 703 2496 caussa
715 2471 836 2497 nomina-

40 2507 102 2534 tur?
124 2508 200 2536 Esto:
227 2510 263 2536 sit
281 2510 310 2536 in
325 2509 415 2536 verbis
431 2509 485 2535 tuis
502 2508 546 2534 hic
559 2512 666 2543 stupor:
692 2512 793 2543 quanto
808 2508 836 2534 10

40 2544 122 2572 rebus
141 2547 336 2582 sententiisque
356 2545 458 2573 maior?
477 2545 617 2572 Constitue
641 2544 703 2576 hoc,
729 2544 834 2576 consul,

42 2580 200 2617 aliquand03
220 2583 372 2615 Brutorum,
386 2583 415 2611 C.
428 2583 523 2614 Cassii,
537 2583 585 2609 Cn.
598 2582 715 2613 Domitii,
729 2582 758 2610 C.
772 2582 837 2608 Tre-

42 2617 130 2651 bonii.
147 2619 310 2656 reliquorum
324 2629 406 2656 quam
422 2621 491 2647 velis
506 2628 566 2647 csse
576 2627 713 2646 caussam:
734 2619 836 2646 edormi

42 2655 178 2691 crapulam
187 2677 193 2689 ,
206 2658 327 2693 inquam,
340 2662 366 2685 et
376 2657 481 2685 cxhala.
521 2657 562 2684 An
574 2657 644 2684 laces
655 2656 837 2683 admovendae

42 2697 118 2726 nunt,
134 2702 204 2730 quae
219 2698 244 2723 te
257 2696 385 2728 excitent,
397 2699 484 2724 tantae
493 2703 604 2722 caussae
614 2693 837 2723 indormientem?

924 155 943 181 C
957 156 977 181 Α
992 155 1022 181 P.
1056 156 1071 181 7
1091 170 1127 175 --
1149 156 1189 182 14.
1623 156 1671 182 607

881 227 1070 262 Numquamne
1085 226 1228 262 intelligis,
1245 225 1416 252 statuendum
1433 225 1480 251 tibi
1496 233 1568 256 esse,
1582 230 1671 252 utrum

881 264 934 295 illi,
948 265 996 299 qui
1011 264 1090 290 istam
1106 273 1161 290 rem
1172 268 1320 298 gesserunt,
1335 262 1482 290 homicidae
1494 263 1555 293 sint,
1569 271 1601 288 an
1614 264 1674 289 vin—

881 301 954 327 dices
974 301 1120 327 libertatis?
1149 302 1218 327 xm.
1242 303 1282 327 31,
1299 300 1412 327 Attende
1428 300 1499 326 enim
1515 300 1671 334 paullisper,

880 340 1122 374 cogitationemque
1148 339 1231 366 sobrii
1254 338 1370 365 hominis
1396 342 1525 372 punctum
1546 337 1675 371 temporis

881 377 999 411 suscipe.
1038 377 1108 412 Ego,
1121 376 1170 410 qui
1181 384 1242 402 sum
1253 375 1369 406 illorum,
1383 379 1413 401 ut
1423 376 1481 409 ipse
1492 374 1583 405 fateor,
1597 374 1676 400 sami-

882 413 964 445 liaris,
977 418 1006 440 ut
1017 423 1031 439 a
1042 418 1068 440 te.
1078 422 1182 449 arguor,
1196 413 1293 444 socius,
1310 421 1378 448 nego
1389 412 1538 447 quidquam
1549 420 1607 438 esse
1619 420 1676 438 me-

881 451 972 477 dium:
993 451 1119 477 confiteor
1138 459 1197 481 008,
1219 451 1271 477 nisi
1288 450 1441 477 liberatores
1455 449 1547 484 populi
1563 449 1675 475 Romani

881 493 1134 523 conservatoresque
1145 487 1307 522 reipublicae
1319 488 1381 518 sint,
1390 487 1451 522 plus
1463 496 1543 522 quam
1555 487 1673 516 sicarios,

882 525 944 560 plus
966 535 1048 561 quam
1069 525 1230 555 homicidas,
1255 525 1315 559 plus
1335 526 1414 551 etiam
1431 533 1511 559 quam
1531 523 1676 559 parricidas

881 572 954 590 esse:
977 563 1110 598 siquidem
1127 567 1167 588 est
1181 563 1295 588 atrocius
1314 563 1412 596 patriae
1428 567 1577 596 parentem,
1595 569 1676 596 quam

881 609 961 626 suum
973 600 1102 627 occidere.
1124 600 1172 630 Tu,
1186 600 1265 626 homo
1276 600 1383 634 sapiens
1395 604 1420 625 et
1429 597 1676 633 considerate,quid

882 637 967 664 dicis?
987 638 1015 664 Si
1031 637 1190 672 parricidas:
1210 645 1258 663 cur
1273 637 1380 663 honoris
1395 645 1488 662 caussa
1504 646 1517 662 a
1534 641 1558 662 te
1575 640 1637 662 sunt
1652 639 1677 661 et

882 676 908 701 in
927 675 975 701 hoc
991 675 1083 701 ordine
1093 679 1119 700 et
1129 674 1200 708 apud
1212 674 1343 709 populum
1354 674 1502 700 Romanum
1514 682 1619 707 semper
1630 681 1677 707 ap-

882 712 991 747 pellati?
1011 712 1063 739 Cur
1078 712 1114 738 M.
1130 712 1237 742 Brutus,
1252 716 1276 737 te
1286 711 1425 742 referente,
1439 710 1543 746 legibus
1555 715 1594 736 est
1604 710 1677 736 solu-

883 755 934 780 tuS.
947 750 970 776 si
981 750 1014 776 ab
1026 750 1095 776 Urbe
1107 748 1177 783 plus,
1191 757 1271 783 quam
1283 748 1374 775 decem
1386 748 1444 774 dies
1455 747 1604 774 abfuisset?
1624 747 1677 773 Cur

883 787 940 813 ludi
950 787 1116 822 Apollinares
1128 786 1280 812 incredibili
1290 786 1325 812 M.
1338 786 1411 812 Bruti
1427 785 1524 812 bonore
1534 783 1678 811 celebrati?

883 824 936 851 Cur
951 825 1104 859 provinciae
1120 823 1211 850 Cassio
1225 828 1251 850 et
1261 824 1341 850 Bruto
1351 822 1445 849 datae‘?
1464 831 1512 849 cur
1522 827 1677 857 quaestores

883 861 984 888 additi?
1003 870 1051 888 cur
1066 861 1213 896 legatorum
1230 869 1358 887 numerus
1374 859 1490 886 auctus?
1509 860 1597 894 Atque
1614 860 1679 885 baec

883 904 937 925 acta
949 908 996 934 per
1007 904 1041 925 te.
1073 899 1131 925 Non
1142 899 1224 934 igitur
1235 898 1393 925 homicidae.
1421 897 1556 932 Sequitur,
1570 901 1599 923 ut
1611 896 1679 922 libe-

883 941 981 963 ratores
998 941 1043 963 tuo
1057 936 1159 962 iudicio
1171 936 1238 962 sint:
1259 935 1478 970 quandoquidem
1491 936 1598 961 tertium
1609 932 1678 960 nibil

884 979 969 1009 potest
989 982 1058 1000 esse.
1089 975 1130 1000 32.
1152 973 1223 1005 Quid
1243 973 1300 999 est‘?
1324 982 1390 1000 num
1410 972 1538 999 conturbo
1553 971 1595 998 te?
1620 972 1679 997 Non

883 1013 955 1038 enim
971 1011 1084 1038 sortasse
1098 1012 1172 1042 satis,
1185 1019 1254 1045 quae
1266 1010 1419 1037 distinctius
1430 1010 1565 1040 dicuntur,
1579 1008 1679 1035 intelli-

882 1050 935 1085 gis.
976 1049 1029 1076 Sed
1044 1053 1132 1075 tamen
1148 1049 1213 1075 haec
1230 1052 1270 1074 est
1282 1056 1387 1074 summa
1398 1047 1577 1075 conclusionis
1589 1054 1676 1072 meae:

882 1087 1010 1122 quoniam
1028 1086 1128 1112 scelere
1143 1095 1157 1112 a
1173 1090 1198 1112 te
1214 1085 1317 1112 liberati
1332 1089 1408 1116 sunt,
1426 1085 1459 1112 ab
1474 1085 1567 1112 eodem
1584 1088 1608 1110 te
1623 1092 1680 1109 am-

883 1124 1015 1159 plissimis
1028 1123 1154 1159 praemiis
1165 1123 1339 1159 dignissimos
1350 1123 1491 1150 iudicatos.
1523 1123 1615 1156 Itaque
1626 1121 1679 1147 iam

883 1167 973 1189 retexo
988 1162 1133 1188 orationem
1151 1169 1249 1187 meam.
1280 1160 1401 1187 Scribam
1413 1160 1445 1186 ad
1456 1159 1531 1190 illos,
1545 1164 1582 1190 ut,
1596 1159 1619 1185 si
1631 1159 1679 1193 qui

884 1199 963 1231 sorte⁷
985 1199 1058 1235 quod
1078 1208 1092 1225 a
1107 1203 1132 1225 te
1147 1198 1215 1225 mihi
1230 1198 1364 1225 obiectum
1380 1203 1433 1229 est,
1451 1201 1591 1233 quaerent,
1610 1197 1680 1222 sitne

884 1245 991 1264 verum:
1015 1245 1047 1263 ne
1057 1236 1102 1263 cui
1112 1240 1217 1272 negent.
1238 1236 1344 1262 Etenim
1356 1244 1456 1266 vereor,
1466 1243 1498 1262 ne
1509 1239 1554 1261 aut
1563 1233 1679 1261 celatum

884 1283 935 1306 me,
948 1274 1003 1300 illis
1014 1275 1082 1309 ipsis
1093 1282 1145 1300 non
1157 1274 1312 1305 honestum,
1325 1277 1371 1300 aut
1381 1273 1523 1299 invitatum
1536 1270 1678 1306 refugisse,

884 1312 952 1338 mibi
967 1313 1002 1338 sit
1017 1311 1216 1345 turpissimum.
1247 1310 1321 1343 Quae
1336 1311 1407 1337 enim
1424 1318 1466 1336 res
1481 1318 1611 1344 umquam
1622 1309 1681 1343 (pro

884 1353 974 1376 sancte
989 1349 1109 1384 Iuppiter
1117 1348 1134 1384 l)
1152 1357 1205 1375 uon
1216 1348 1294 1375 modo
1307 1349 1333 1375 in
1346 1348 1395 1374 hac
1405 1348 1481 1378 urhe,
1494 1347 1541 1373 sed
1553 1347 1579 1372 10
1593 1345 1681 1372 omni-

884 1387 936 1413 bus
961 1387 1038 1413 terris
1062 1390 1103 1412 est
1122 1390 1197 1421 gesta
1216 1386 1313 1412 maior!
1343 1393 1412 1420 quae
1431 1382 1588 1419 gloriosior?
1611 1390 1681 1417 quae

883 1423 1092 1451 commendatior
1109 1422 1253 1449 ‘hominum
1273 1423 1416 1449 memoriae
1436 1420 1631 1456 sempiternae?
1651 1420 1680 1446 In

884 1462 967 1488 huius
987 1469 1030 1487 me
1049 1465 1079 1487 tu
1094 1460 1200 1487 consilii
1214 1460 1367 1487 societatem
1384 1464 1519 1494 tamquam
1535 1459 1563 1484 in
1579 1465 1680 1492 equum

884 1499 1028 1526 Troianum
1039 1507 1101 1525 cum
1113 1497 1281 1533 principibus
1292 1496 1427 1524 includis?
1447 1498 1488 1522 33.
1502 1496 1558 1522 Non
1571 1502 1678 1521 recuso:

883 1545 936 1572 ago
945 1536 1139 1571 etiamgratias,
1147 1544 1256 1570 quoquo
1267 1536 1355 1561 animo
1366 1534 1440 1561 tacis.
1463 1534 1544 1560 Tanta
1555 1533 1626 1559 enim
1639 1540 1681 1558 res

884 1578 937 1605 est,
955 1578 985 1600 ut
1000 1573 1130 1600 invidiam
1145 1573 1237 1603 istam,
1255 1581 1336 1607 quam
1352 1577 1381 1598 tu
1393 1572 1420 1598 in
1432 1580 1474 1597 me
1486 1571 1526 1597 vis
1537 1570 1679 1600 concitare,

883 1620 945 1638 cum
965 1611 1043 1637 laude
1059 1619 1111 1637 non
1125 1618 1287 1645 comparem.
1327 1608 1398 1642 Quid
1413 1609 1484 1635 cuim
1500 1608 1603 1634 beatius
1615 1606 1678 1637 illis,

883 1657 952 1684 quos
963 1653 991 1675 tu
1003 1647 1132 1683 expulsos
1143 1656 1158 1673 a
1168 1652 1192 1674 te
1204 1647 1340 1682 praedicas
1351 1651 1377 1673 et
1388 1644 1535 1682 relegatos?
1548 1645 1594 1680 qui
1607 1644 1681 1671 locus

884 1690 925 1713 est
943 1690 989 1712 aut
1009 1689 1062 1712 tam
1083 1685 1205 1712 desertus
1220 1689 1266 1711 aut
1281 1689 1334 1711 tam
1350 1684 1529 1714 inhumanus,
1545 1683 1592 1717 qui
1608 1681 1679 1711 illos,

884 1732 969 1759 quum
984 1722 1157 1754 accesserint,
1170 1731 1223 1749 non
1235 1722 1308 1749 alI'ari
1318 1726 1397 1757 atque
1408 1725 1531 1756 appetere
1543 1718 1682 1746 videatur?

884 1761 932 1796 qui
949 1761 1070 1788 homines
1086 1764 1140 1787 tam
1155 1764 1286 1795 agrestes.
1302 1760 1349 1794 qui
1361 1767 1402 1790 se,
1415 1767 1502 1794 quum
1513 1766 1557 1784 eos
1568 1764 1682 1791 aspexe-

885 1799 951 1830 rint,
977 1807 1029 1825 non
1049 1798 1198 1824 maximum
1219 1797 1324 1832 cepisse
1343 1797 1412 1823 vitae
1433 1795 1549 1822 fructum
1571 1792 1683 1829 putent?

885 1844 955 1871 quae
970 1844 1032 1862 vero
1044 1839 1098 1862 tam
1108 1836 1250 1862 immemor
1261 1834 1489 1869 posteritas‚quae
1500 1837 1552 1860 tam
1565 1832 1682 1867 ingratae

887 1874 988 1900 litterae
1003 1873 1182 1908 reperientur,
1199 1880 1268 1908 quae
1282 1880 1374 1899 eorum
1385 1871 1497 1906 gloriam
1509 1878 1560 1897 non
1573 1869 1683 1895 immor-

886 1911 995 1938 talitatis
1011 1911 1138 1937 memoria
1154 1909 1367 1945 prosequantur?
1387 1910 1426 1935 Tu
1443 1916 1506 1935 vero
1520 1907 1624 1934 ascribe
1640 1913 1683 1932 mo

886 1948 965 1976 talem
980 1949 1008 1975 in
1025 1956 1177 1975 numerum.
1207 1948 1277 1974 XIV.
1300 1948 1341 1974 34.
1359 1946 1411 1973 Sed
1428 1954 1508 1973 unam
1524 1953 1579 1971 rem
1592 1951 1683 1970 vereor

887 1994 919 2013 ne
934 1994 987 2013 non
1003 1985 1109 2020 probes.
1140 1985 1170 2012 Si
1185 1985 1256 2012 enim
1272 1984 1400 2014 fuissem.
1418 1992 1469 2010 non
1481 1982 1568 2009 solum
1581 1989 1681 2017 regem,

886 2023 934 2050 sed
954 2031 1067 2059 regnum
1088 2023 1168 2049 etiam
1188 2022 1222 2049 de
1242 2022 1379 2057 republica
1394 2020 1580 2048 sustulissem:
1603 2023 1642 2049 et,
1659 2018 1682 2043 si

886 2069 963 2087 meus
983 2060 1063 2087 stilus
1082 2059 1128 2087 ille
1144 2059 1253 2090 fuisset,
1271 2064 1301 2086 ut
1318 2059 1430 2089 dicitur,
1448 2056 1617 2086 mihicrede,
1631 2064 1682 2082 non

886 2098 975 2125 solum
991 2106 1076 2124 unum
1091 2102 1194 2129 actum,
1211 2097 1261 2124 sed
1275 2101 1356 2124 totam
1367 2095 1485 2123 fabulam
1495 2093 1681 2121 confecissem.

886 2135 1056 2170 Quamquam
1071 2135 1095 2162 si
1110 2134 1222 2161 interfici
1235 2134 1373 2161 Caesarem
1385 2133 1504 2160 voluisse
1518 2132 1619 2158 crimen
1631 2134 1681 2159 est.

888 2172 963 2203 vide,
981 2180 1095 2207 quaeso,
1108 2172 1220 2202 Antoni.
1231 2171 1299 2206 quid
1311 2171 1359 2197 tibi
1375 2170 1497 2197 futurum
1508 2170 1552 2200 sit,
1565 2176 1645 2203 quem
1658 2172 1683 2192 et

887 2210 1010 2236 Narbone
1021 2209 1070 2236 hoc
1079 2209 1222 2236 consilium
1233 2217 1296 2235 cum
1307 2207 1475 2235 C.Trebonio
1485 2206 1588 2240 cepisse
1600 2205 1683 2231 notis·

887 2247 988 2273 simum
999 2250 1048 2277 est,
1061 2250 1088 2273 et
1096 2246 1132 2273 ob
1142 2247 1200 2273 eius
1212 2245 1318 2272 consilii
1329 2245 1491 2275 societatem.
1504 2251 1589 2278 quum
1602 2243 1683 2268 inter-

887 2284 1010 2310 ficeretur
1023 2283 1132 2314 Caesar.
1149 2288 1206 2310 tum
1218 2287 1243 2309 te
1254 2291 1268 2309 a
1279 2282 1411 2309 Trebonio
1422 2281 1541 2307 vidimus
1552 2279 1681 2306 sex-ocari.

888 2322 943 2357 Ego
953 2320 1131 2355 autcni.(vide
1137 2328 1218 2354 quam
1229 2324 1318 2346 tecum
1329 2326 1462 2354 agamnon
1470 2318 1576 2344 inimice
1584 2316 1601 2350 1)
1609 2314 1684 2350 quod

888 2359 956 2385 bene
969 2358 1092 2393 cogitasti
1107 2356 1265 2392 aliquando.
1284 2356 1378 2383 laudo:
1399 2355 1471 2390 quod
1484 2363 1536 2381 nou
1548 2352 1680 2382 iudicasti,

886 2396 985 2431 gratias
996 2403 1060 2431 ago:
1080 2394 1154 2429 quod
1166 2403 1217 2421 non
1229 2393 1325 2424 fecisti.
1338 2394 1456 2428 ignosco.
1479 2392 1571 2418 Virum
1584 2399 1625 2417 res
1637 2389 1683 2417 illa

886 2432 1040 2468 quaerebat.
1070 2433 1113 2459 35.
1133 2431 1210 2464 Quod
1225 2431 1248 2458 si
1264 2436 1288 2457 te
1303 2431 1330 2458 10
1345 2430 1476 2458 iudicium
1491 2429 1554 2463 quis
1569 2427 1684 2454 adducat

888 2474 1054 2505 usurpetque
1063 2468 1132 2496 illud
1139 2469 1308 2499 Cassianum.
1320 2477 1368 2495 cun
1389 2476 1462 2494 sono
1475 2475 1528 2492 rua
1537 2475 1595 2492 nir:
1611 2464 1681 2495 vide,

887 2516 1000 2543 quaeso.
1019 2515 1051 2533 no
1067 2506 1185 2534 haerena.
1224 2506 1395 2540 Quamquam
1410 2503 1478 2531 illud
1493 2502 1604 2538 quidem
1621 2501 1680 2532 luit,

888 2549 918 2571 ut
938 2549 966 2572 tu
981 2543 1103 2574 dicebas.
1120 2543 1247 2571 omnibus
1263 2543 1344 2574 bono,
1362 2542 1410 2577 qui
1425 2541 1525 2567 servire
1541 2539 1680 2567 nolebant:

888 2582 936 2610 tibi
953 2587 1042 2608 tamen
1057 2581 1212 2616 praecipue.
1229 2581 1276 2615 qui
1293 2589 1344 2606 non
1361 2578 1440 2606 modo
1456 2587 1507 2604 non
1521 2577 1621 2608 servis,
1634 2575 1682 2603 sed

887 2620 967 2646 etium
987 2627 1096 2655 regnas:
1118 2619 1166 2654 qui
1187 2619 1304 2644 maximo
1323 2622 1347 2643 10
1367 2625 1425 2643 aere
1440 2615 1527 2642 alieno
1541 2614 1574 2641 ad
1589 2613 1682 2641 aedem

887 2657 953 2692 Opis
965 2656 1125 2683 liberavisti:
1148 2657 1195 2691 qui
1207 2664 1253 2690 per
1264 2654 1371 2682 easdem
1384 2653 1488 2681 tabulas
1499 2651 1683 2679 innumerabi-

889 2694 941 2722 lem
956 2693 1098 2731 pecuuiam
1108 2693 1227 2730 dissipm·
1232 2693 1274 2720 isti
1283 2702 1289 2720 :
1311 2691 1344 2719 ad
1354 2700 1437 2728 quem
1448 2699 1463 2719 e
1473 2690 1552 2718 domo
1562 2688 1684 2717 Caesaris
