1941 3052
234 149 276 173 tiis
798 148 838 172 30.
874 145 908 171 Μ.

227 219 302 244 bitin
315 217 436 251 singulos
449 219 569 244 homini-2⁴
582 218 680 250 iugera.
721 216 802 248 Quasi
822 225 881 242 vera
897 215 1017 250 paullum

226 255 327 281 ‹lim-rut
339 264 401 288 agi-t·
413 256 563 289 Cninpanuw
575 264 603 279 ac
616 254 742 279 Stellatis.

281 295 321 317 86.
345 293 376 318 131
398 293 552 321 ιιιιιΙῐέιιιιΙυ,
575 292 704 323 Quirites,
728 291 877 324 quuwritur.
901 298 952 324 qua
975 289 1018 316 illa
1040 302 1041 306 =

226 330 313 355 omnia
325 329 421 363 oppida
433 329 624 363 saniph-suitur.
648 329 712 353 Nam
724 328 779 354 «lixi
792 333 876 357 antea,
892 327 948 359 lege
960 336 1020 361 per-

228 368 308 395 mitti.
329 372 369 396 ut,
387 375 454 400 quae
473 366 553 391 velint
566 366 724 399 municipia,
742 373 810 399 quas
824 365 905 390 velint
919 369 1019 390 veteres

226 404 355 433 voluntas,
378 403 478 428 calonis
500 403 556 428 suis
578 407 717 436 occupent.

228 442 300 475 'tium
327 440 510 474 complebunt:
540 440 676 465 Theanum
701 440 866 474 oppriment:
894 438 1016 468 Atellam,

226 479 332 506 «tumus,
348 477 483 510 Neapolin,
499 477 646 511 I’oinpeios.
656 477 795 502 Nuceriam
808 477 865 502 suis
878 475 1018 511 praesidiis

226 515 389 540 «lexim-ient:
415 514 535 540 Puteolos
553 523 627 544 vero,
645 515 690 548 qui
709 514 818 540 nuncin
831 523 878 539 sua
891 518 1018 548 potestate

226 557 296 581 sunt,
310 561 360 577 suo
372 552 427 577 iure
441 552 613 586 libertateque
627 556 746 582 utuntur,
761 556 827 577 totos
840 560 908 577 novo
920 550 1019 585 populo
1046 551 1048 581 ζ

225 595 304 623 atque
316 589 468 614 adventitiis
479 589 563 623 copiis
575 589 753 623 occupabunt.
776 588 887 614 xxxii.
901 589 976 614 Tunc
987 587 1020 614 il·
1046 598 1047 619 ξ

228 626 272 651 lud
290 626 439 660 Campanae
461 626 590 652 vexillum
612 626 739 657 coloniae,
764 626 935 652 vehementer
957 625 1019 651 huic

227 664 337 698 imperio
353 663 514 694 timendum,
538 664 643 698 Capuae
663 672 676 689 a
696 663 856 689 decemviris
877 663 1016 689 inferetur:

226 707 288 726 tunc
298 706 386 727 contra
399 701 768 732 hancltomam,communem
780 702 890 736 patriam
898 701 1018 726 omnium

226 743 359 769 nostrum.
379 738 423 764 illa
435 738 514 764 altera
527 739 606 765 Itoma
619 743 771 773 quaeretur.
804 739 845 764 87.
864 739 890 764 In
904 738 930 764 id
941 737 1020 772 oppi-

225 776 289 801 dum
302 775 423 802 homines
436 776 533 802 nefarie
546 776 737 810 rempublicam
750 781 865 802 nostram
879 775 1019 801 transferre

224 817 366 843 conantur,
384 822 438 847 quo
455 814 480 839 in
491 814 590 848 oppido
603 815 714 840 maiores
727 814 807 840 vestri
820 813 920 839 nullam
932 813 1019 839 omni-

225 858 259 877 no
271 850 463 885 rempublicam
476 859 535 877 esse
549 851 702 877 voluerunt:
715 852 761 885 qui
775 856 827 877 tres
839 851 925 877 solum
939 850 1019 876 urbes

225 888 251 914 iu
265 888 340 914 terris
352 888 487 919 omnibus,
502 889 700 924 Karthaginem.
714 888 1016 922 Corinthum.Capuam‚

225 929 376 951 statuerunt
393 934 469 960 posse
486 926 590 960 imperii
607 926 763 959 ¹gravitatem
779 934 808 952 ac
825 934 920 952 nomen
936 925 1019 951 susti-

206 970 210 977 ·
225 971 296 989 nere.
338 963 425 989 Deleta
438 963 570 999 Karthago
581 968 629 994 cst,
643 963 714 998 quod
726 972 810 998 quum
825 963 963 989 hominum
975 971 1020 988 co-

225 1000 291 1035 piis.
306 1005 362 1026 tum
374 1001 430 1035 ipsa
444 1005 535 1027 natura
547 1010 576 1027 ac
589 1000 657 1031 loco,
671 1002 806 1027 succincta
820 1000 964 1035 portubus.
977 1009 1020 1026 ar-

225 1042 293 1064 mata
306 1038 404 1069 muris,
422 1046 560 1064 excurrere
576 1047 608 1064 ex
619 1037 720 1069 Africa,
737 1039 877 1064 imminere
894 1038 945 1064 iam
963 1037 1018 1063 fru-

224 1075 403 1101 ctuosissimis
415 1075 512 1102 insulis
525 1075 615 1110 populi
628 1076 737 1102 Romani
751 1075 900 1101 videbatur.
927 1075 1020 1101 Corin-

225 1112 263 1138 thi
281 1113 423 1148 vestigium
441 1113 486 1139 vix
502 1113 623 1139 relictum
639 1117 689 1139 est.

223 1192 275 1213 stra
289 1187 405 1214 locorum
419 1192 526 1218 teneret.
539 1192 564 1214 et
575 1188 628 1214 duo
639 1188 730 1218 maria,
744 1188 860 1214 maxime
872 1187 1019 1223 navigatio-

224 1225 251 1250 ni
262 1224 381 1255 diversa,
396 1234 478 1260 paene
489 1225 674 1261 coniungeret,
692 1234 776 1260 quum
789 1225 911 1260 pertenui
923 1225 1019 1251 discri-

224 1262 295 1288 mine
306 1267 501 1297 separarentur.
523 1263 600 1293 IIaec,
613 1271 681 1298 quae
693 1262 784 1297 procul
797 1267 871 1288 erant
881 1271 895 1288 a
906 1270 1019 1297 conspe-

222 1304 266 1326 ctu
288 1300 406 1334 imperii.
430 1309 482 1326 non
502 1300 590 1327 solum
611 1299 777 1331 afflixerunt,
800 1300 847 1326 sed
869 1300 962 1330 etiam,
986 1308 1018 1326 ne

222 1337 330 1371 quando
345 1342 458 1363 recreata
474 1346 618 1373 exsurgere
633 1342 712 1373 atque
728 1338 829 1373 erigere
849 1346 878 1363 se
898 1341 1016 1372 possent,

223 1374 354 1405 funditus,
368 1379 397 1401 ut
407 1375 476 1406 dixi,
490 1375 666 1402 sustulerunt.
698 1376 740 1401 88.
753 1375 789 1401 De
801 1375 890 1409 Capua
902 1374 1018 1401 multum

222 1416 262 1438 cst
273 1416 299 1438 et
309 1412 356 1438 diu
367 1412 534 1439 consultum:
548 1417 652 1439 exstant
664 1412 773 1444 litterae,
786 1411 913 1444 Quirites,
928 1411 1019 1446 publi-

221 1457 280 1476 cae:
298 1453 361 1475 sunt
372 1450 603 1476 senatusconsulta
613 1449 762 1484 complura.
802 1449 959 1476 Statuerunt
971 1449 1019 1476 ho-

222 1487 308 1513 mines
319 1488 468 1522 sapientes,
481 1488 504 1514 si
515 1496 609 1523 agrum
621 1487 764 1522 Campanis
776 1487 948 1518 ademissent,
961 1495 1019 1513 ma-

220 1524 363 1559 gistratus,
381 1530 517 1555 senatum,
536 1525 675 1559 publicum
691 1534 724 1551 ex
740 1524 785 1551 illa
797 1524 863 1551 urbe
873 1524 1017 1551 consilium

221 1561 408 1593 sustulissent,
431 1563 576 1598 imaginem
593 1562 756 1597 reipublicae
772 1562 874 1588 nullam
891 1561 1018 1597 reliquis-

220 1603 288 1629 sent,
303 1599 370 1625 nihil
383 1599 450 1630 fore,
464 1599 535 1634 quod
547 1600 664 1634 Capuam
677 1600 842 1626 timeremus.
864 1600 956 1634 Itaque
967 1599 1017 1626 hoc

222 1637 399 1671 perscriptum
416 1637 443 1663 in
459 1637 639 1663 monumentis
656 1637 791 1663 veteribus
812 1637 964 1671 reperietis:
987 1641 1017 1663 ut

221 1678 291 1699 esset
303 1674 380 1705 urbS,
394 1682 462 1709 quae
474 1683 515 1700 res
527 1682 584 1705 eas,
597 1674 699 1709 quibus
710 1682 772 1709 ager
783 1673 936 1708 Campanus
946 1673 1017 1700 cole—

221 1715 302 1741 retur,
315 1711 486 1746 suppeditare
498 1715 599 1746 posset,
614 1715 642 1738 ut
653 1716 723 1737 esset
735 1711 807 1737 locus
818 1711 1015 1745 comportandis

220 1748 421 1783 condendisque
437 1748 582 1780 fructibus,
605 1753 635 1774 ut
651 1753 778 1779 aratores,
800 1748 875 1774 cultu
891 1757 1015 1784 agrorum

221 1784 335 1816 defessi,
349 1786 425 1812 urbis
435 1785 580 1812 domiciliis
592 1790 742 1816 uterentur,
756 1785 856 1812 idcirco
867 1785 911 1811 illa
924 1785 1016 1812 aedifi-

220 1823 260 1848 cia
272 1831 324 1849 non
335 1831 394 1849 esse
405 1822 500 1849 deleta.
526 1823 649 1849 XXXIII.
663 1824 705 1849 89.
718 1823 817 1854 Videte,
831 1827 961 1858 quantum
974 1823 1016 1849 in-
1043 1851 1044 1854 Ἴ

221 1859 362 1886 tervallum
383 1860 418 1886 sit
438 1861 606 1887 interiectum
626 1861 696 1886 inter
716 1861 847 1886 maiorum
864 1865 1014 1887 nostrorum
1042 1883 1044 1896 ,

220 1896 331 1923 consilia
347 1901 372 1923 et
388 1897 455 1923 inter
470 1898 582 1924 istorum
599 1897 738 1924 hominum
759 1897 932 1924 dementiam.
973 1897 1014 1924 Illi

220 1934 352 1969 Capuam,
374 1935 571 1969 receptaculum
587 1940 734 1966 aratorum,
752 1935 886 1961 nundinas
902 1935 1016 1962 rustico-

221 1980 294 2002 rum,
312 1971 405 1998 cellam
417 1976 497 2007 atque
508 1972 633 1998 horreum
645 1972 772 2007 Campani
784 1973 840 2008 agri
851 1981 910 1998 esse
923 1972 1015 1999 volue-

221 2013 295 2035 runt:
309 2009 346 2039 hi,
359 2009 481 2044 expulsis
493 2010 650 2040 aratoribus.
663 2009 755 2036 effusis
767 2018 796 2036 ac
807 2010 946 2045 dissipatis
958 2009 1015 2036 fru-

219 2045 308 2072 ctibus
324 2047 434 2078 vestris,
451 2047 571 2073 eamdem
584 2047 701 2082 Capuam
718 2047 809 2073 sedem
825 2056 908 2074 novae
924 2048 1015 2082 reipu-

220 2083 304 2110 blicae
315 2084 494 2115 constituunt,
513 2084 610 2111 molem
626 2090 715 2111 contra
732 2089 848 2111 veterem
864 2084 1014 2120 rempubli-

219 2129 277 2147 cam
292 2126 456 2156 comparant.
496 2121 573 2154 Quod
588 2122 612 2148 si
628 2123 740 2148 maiores
757 2122 840 2148 nostri
861 2123 1014 2149 existimas-

219 2163 292 2189 sent,
309 2167 473 2194 quemquam
489 2159 516 2185 in
534 2164 585 2185 tam
602 2159 700 2186 illustri
712 2160 826 2194 imperio
836 2164 861 2186 et
872 2165 924 2186 tam
937 2168 1014 2194 prae-

219 2195 288 2222 clara
305 2195 398 2230 populi
410 2197 521 2223 Romani
536 2196 679 2231 disciplina
696 2197 730 2223 M.
748 2197 821 2223 Bruti
838 2202 883 2223 aut
898 2197 927 2223 P.
942 2197 1013 2224 Rulli

218 2232 335 2259 similem
349 2233 478 2264 futurum,
491 2234 550 2268 (hos
561 2235 633 2260 enim
645 2243 692 2260 nos
703 2234 771 2261 duos
783 2234 870 2260 adhuc
882 2234 1010 2265 vidimus,

217 2270 264 2305 qui
282 2270 349 2297 hanc
365 2271 558 2306 rempublicam
570 2271 688 2306 Capuam
704 2276 784 2298 totam
800 2272 941 2298 transferre
957 2271 1014 2298 vel-

219 2307 294 2342 lent,)
314 2308 432 2343 profecto
452 2317 548 2335 nomen
569 2309 643 2335 illius
665 2309 740 2335 urbis
761 2317 812 2336 non
829 2309 1011 2344 reliquissent.

218 2346 259 2371 90.
281 2346 380 2372 Verum
406 2345 615 2377 arbitrabantur,
643 2346 769 2373 Corintho
793 2351 819 2372 et
843 2347 1010 2382 Karthagini,

218 2382 322 2408 etiamsi
339 2387 461 2409 senatum
478 2388 503 2410 et
518 2385 690 2420 magistratus
706 2383 883 2410 sustulissent
904 2392 1013 2420 agrum-

217 2427 269 2453 que
280 2420 386 2446 civibus
397 2420 568 2451 ademissent,
583 2426 670 2447 tamen
682 2430 734 2447 non
745 2421 842 2451 defore>
857 2422 905 2456 qui
915 2421 960 2447 illa
971 2429 1013 2447 re-

218 2457 358 2483 stituerent
373 2462 452 2492 atque
467 2459 514 2493 qui
530 2463 589 2485 ante
601 2459 689 2485 onmia
700 2463 907 2489 commutarent,
929 2467 1012 2493 quam

219 2501 266 2518 uos
277 2494 369 2520 audire
380 2503 535 2529 possemus:
559 2496 602 2522 hic
613 2504 689 2526 vero,
708 2496 734 2522 in
746 2496 831 2522 oculis
843 2500 952 2522 senatus
963 2504 1012 2530 po-

219 2529 331 2564 pulique
342 2531 466 2563 Romani,
484 2532 551 2558 nihil
563 2541 641 2567 posse
652 2533 790 2563 exsistere,
803 2533 876 2567 quod
887 2541 940 2559 non
951 2538 1011 2559 ante

218 2567 355 2602 exstingui
366 2573 444 2603 atque
455 2570 570 2604 opprimi
582 2574 684 2604 posset,
701 2578 783 2605 quam
799 2570 877 2604 plane
888 2575 1010 2596 exortum

218 2612 247 2629 ac
263 2608 354 2630 natum
369 2610 447 2631 esset.
480 2607 572 2640 Neque
587 2615 650 2633 vero
665 2615 694 2633 ea
709 2615 752 2633 res
766 2607 862 2633 fefellit
876 2607 1008 2638 homines,

217 2640 309 2667 divina
322 2646 409 2668 mente
419 2647 445 2668 et
454 2643 566 2670 consilio
577 2643 721 2678 praeditos.
752 2645 819 2670 Nam
830 2649 891 2678 post
901 2643 932 2676 Q.
945 2644 1011 2670 Ful-

218 2678 306 2709 vium,
319 2678 350 2710 Q.
364 2679 476 2706 Fabium
487 2681 624 2712 consules,
636 2681 738 2716 quibus
749 2681 908 2708 consulibus
919 2681 1009 2715 Capua

759 402 886 428 Cala-num
905 402 1019 427 niunici-
1040 405 1041 411 ¹

729 1113 791 1139 Erat
807 1113 878 1138 enim
896 1113 979 1147 posita
991 1113 1018 1138 in
1040 1122 1041 1126 ¹

224 1150 357 1185 angustiis
368 1155 446 1185 atque
458 1151 484 1176 in
498 1150 752 1177 faucibusGraeciae
764 1151 811 1181 sic,
827 1154 855 1176 ut
867 1154 932 1176 terra
945 1149 1019 1176 clau·
1046 1171 1048 1178 .

943 146 973 172 T.
1009 144 1285 172 CICERONIS

1071 216 1173 242 devicta
1195 221 1274 251 atque
1294 220 1370 251 capta
1391 220 1444 246 est,
1467 216 1533 243 nihil
1550 221 1590 243 est
1605 217 1631 243 in
1647 225 1676 242 ea
1694 217 1759 243 urbe
1773 222 1864 243 contr·

1047 266 1049 283 ς
1072 254 1139 279 hanc
1151 253 1353 287 rempublicam.
1368 261 1419 279 non
1430 253 1490 280 dico
1502 253 1663 284 factumn-d
1676 254 1865 280 nihilomnino

1071 295 1111 316 est
1121 291 1274 326 cogitatum.
1310 290 1391 316 Multa
1404 296 1493 325 postea
1505 291 1573 317 bella
1585 296 1657 327 gesta
1669 300 1730 317 cum
1743 292 1862 325 regibus.

1072 328 1208 362 I'hilippo.
1223 328 1364 357 Antiocho.
1379 328 1470 358 Persa,
1485 329 1720 363 I‘ueudophilippo.
1734 328 1866 355 Aristoni-

1071 374 1110 393 νο.
1125 365 1275 390 Mithridate
1287 369 1311 390 et
1322 365 1429 391 ceteris:
1443 365 1526 391 multa
1538 371 1669 400 praeterea
1683 366 1750 392 bell·
1762 366 1862 398 gravia.

1072 402 1301 437 Karthaginiense,
1315 402 1492 432 Corinthium,
1506 403 1712 429 Numantinum:
1726 403 1825 429 multae
1838 403 1864 429 in

1072 439 1119 464 hac
1131 439 1267 473 republica
1280 439 1425 465 seditiones
1436 439 1605 469 domesticae.
1619 449 1685 475 quas
1697 440 1865 475 praetermit-

1071 481 1109 502 to:
1123 476 1265 502 bellacum
1277 477 1365 507 sociis,
1380 477 1575 512 Fregellanum.
1590 477 1746 504 Marsicum:
1763 477 1865 512 quibus

1070 514 1197 540 omnibus
1209 514 1363 540 domesticis
1374 515 1546 549 externisque
1558 514 1636 540 bellis
1643 515 1732 549 Capua
1743 523 1796 541 non
1808 523 1865 541 mo-

1069 551 1103 577 do
1115 560 1166 577 non
1178 551 1272 581 obfuit.
1287 551 1334 577 sed
1345 552 1600 586 opportunissimam
1612 560 1641 578 se
1653 552 1730 578 nobis
1741 552 1864 587 praebuit

1070 589 1139 614 etad
1151 588 1250 614 bellum
1264 589 1461 619 instruendum.
1475 594 1500 615 et
1511 589 1543 615 ad
1554 590 1687 616 exercitus
1697 589 1829 616 ornandos
1839 593 1864 615 et

1072 626 1147 652 tectis
1159 635 1188 652 ac
1199 626 1311 652 sedibus
1322 627 1380 652 suis
1392 627 1567 661 recipiendos.
1607 628 1649 652 9¹.
1670 626 1796 653 nomines
1811 634 1863 653 non

1072 663 1174 689 inerant
1189 664 1215 690 in
1233 664 1312 694 urbe,
1334 664 1381 699 qui
1399 664 1476 690 malis
1491 664 1679 694 concionibus,
1701 663 1863 690 turbulentis

1070 701 1326 732 senatusconsultis,
1349 702 1450 736 iniquis
1466 702 1587 736 imperiis
1604 701 1796 736 rempublicam
1812 701 1864 727 mi-

1070 743 1173 765 scerent
1189 743 1214 764 et
1229 747 1317 765 rerum
1334 747 1463 765 novarum
1479 747 1600 765 caussam
1617 738 1734 774 aliquam
1752 746 1864 773 quaero-

1070 781 1137 802 rent.
1169 777 1262 811 Neque
1273 776 1344 802 enim
1356 776 1529 803 concionandi
1544 781 1658 811 potestas
1671 781 1726 802 erat
1735 776 1863 810 cuiquam

1071 822 1118 839 nec
1133 814 1238 840 consilii
1254 813 1381 848 capiundi
1398 813 1513 848 publici:
1537 822 1588 840 non
1604 813 1704 849 gloriae
1718 812 1864 848 cupiditate

1070 851 1258 881 efferebantur.
1277 855 1414 886 propterea
1430 851 1516 886 quod,
1535 851 1580 877 ubi
1598 851 1680 877 honos
1691 850 1799 885 publice
1810 858 1862 877 non

1070 893 1118 918 est.
1132 888 1169 914 ibi
1181 888 1280 923 gloriae
1291 888 1424 923 cupiditas
1436 897 1494 914 esse
1507 897 1557 915 non
1570 893 1668 923 potest:
1692 896 1743 914 non
1754 892 1864 914 conten-

1071 926 1150 955 tione,
1164 934 1214 952 non
1227 926 1371 952 ambitione
1382 925 1526 952 discordes.
1549 925 1620 952 Nihil
1632 926 1703 952 enim
1715 929 1862 960 supererat,

1047 975 1048 984 ι
1070 963 1102 989 de
1113 972 1168 998 quo
1181 968 1323 989 certarent:
1347 963 1427 993 nihil,
1445 963 1516 998 quod
1528 967 1616 989 contra
1628 967 1760 997 peterent:
1783 961 1861 992 nihil,

1071 1000 1118 1026 ubi
1130 1000 1299 1027 dissiderent.
1322 1001 1413 1035 Itaque
1426 1000 1498 1026 illam
1511 1000 1671 1035 Campanam
1686 1000 1861 1035 arrogantiam

1070 1042 1149 1073 atque
1161 1038 1352 1064 intolerandam
1365 1038 1488 1064 ferociam
1501 1039 1601 1064 ratione
1612 1042 1637 1063 et
1652 1037 1765 1064 consilto
1780 1037 1863 1063 maio-

1070 1084 1112 1101 res
1129 1076 1211 1102 nostri
1227 1075 1260 1102 ad
1277 1076 1470 1101 inertissimum
1483 1080 1507 1101 et
1518 1075 1764 1101 desidiosissimum
1777 1075 1862 1100 otium

1069 1113 1262 1148 perduxerunt.
1289 1113 1332 1139 Sic
1342 1117 1367 1138 et
1377 1112 1541 1139 crudelitatis
1553 1112 1690 1139 infamiam
1701 1112 1862 1147 effugerunt,

1069 1150 1141 1185 quod
1157 1150 1251 1177 urbem
1267 1159 1300 1176 ex
1311 1149 1383 1176 Italia
1400 1150 1607 1185 pulcherrimam
1619 1158 1670 1176 non
1682 1149 1860 1178 sustulerunt.

1069 1192 1094 1214 et
1105 1188 1221 1214 multum
1234 1188 1259 1214 in
1272 1192 1408 1223 posterum
1421 1187 1607 1222 providerunt,
1620 1186 1701 1222 quod.
1716 1186 1805 1213 nervis
1817 1194 1863 1212 ur-

1069 1225 1111 1251 bis
1121 1225 1248 1251 omnibus
1259 1225 1383 1255 exsectis,
1397 1225 1490 1251 urbem
1503 1225 1588 1259 ipsam
1601 1224 1714 1250 solutam
1726 1232 1755 1250 ac
1765 1223 1864 1250 debiti-

1070 1267 1149 1289 tatam
1166 1262 1342 1297 reliquerunt.
1374 1262 1497 1288 XXXIV.
1511 1263 1552 1288 92.
1571 1262 1638 1288 Haec
1653 1261 1764 1288 consilia
1780 1261 1863 1287 maio-

1069 1309 1128 1326 rum
1141 1300 1176 1326 M.
1189 1300 1278 1331 Bruto,
1292 1305 1319 1326 ut
1331 1304 1406 1326 antea
1418 1299 1483 1329 dixi,
1497 1298 1714 1334 reprehendenda
1725 1303 1751 1324 et
1761 1297 1864 1324 Rau!-

1071 1337 1094 1363 lo
1106 1338 1163 1363 visa
1174 1342 1251 1364 sunt:
1270 1346 1358 1372 neque
1370 1342 1407 1367 te,
1425 1337 1454 1363 P.
1467 1336 1559 1367 Rulle,
1579 1337 1668 1362 omina
1684 1336 1728 1362 illa
1740 1336 1775 1362 M.
1788 1335 1862 1362 Bruti

1069 1379 1149 1409 atque
1160 1375 1280 1410 auspicia
1291 1383 1305 1401 a
1317 1374 1399 1401 simili
1412 1374 1500 1400 furore
1511 1374 1653 1400 deterrent.
1679 1374 1745 1400 Nam
1757 1378 1782 1399 et
1793 1373 1860 1408 ipse,

1069 1413 1116 1448 qui
1137 1412 1263 1443 deduxit,
1295 1417 1321 1438 et
1340 1412 1387 1447 qui
1409 1412 1595 1447 magistratum
1616 1411 1721 1446 Capuae
1744 1409 1783 1447 [ea
1805 1410 1863 1446 lege

1068 1448 1171 1486 creati,]
1187 1454 1328 1485 ceperunt,
1346 1453 1372 1476 et
1385 1450 1433 1484 qui
1449 1449 1567 1484 aliquam
1579 1453 1680 1483 partem
1691 1448 1766 1474 illius
1777 1447 1864 1474 dedu-

1069 1488 1173 1518 ctionis,
1187 1487 1308 1517 honoris.
1322 1487 1440 1513 muneris
1452 1487 1606 1523 attigerunt,
1618 1494 1711 1512 omnes
1721 1485 1864 1512 acerbissi-

1069 1534 1126 1551 mas
1137 1525 1282 1559 impiorum
1294 1532 1392 1559 poenas
1403 1523 1580 1559 pertulerunt.
1606 1523 1640 1550 Et
1649 1523 1777 1558 quoniam
1788 1522 1861 1549 Bruti

1068 1567 1148 1597 atque
1164 1562 1238 1588 illius
1255 1562 1382 1596 temporis
1399 1561 1448 1588 feci
1460 1562 1631 1591 mentionem,
1649 1559 1862 1587 commemorabo

1068 1599 1109 1629 id,
1126 1599 1199 1634 quod
1210 1604 1315 1635 egomet
1327 1598 1396 1629 vidi.
1413 1607 1499 1633 quum
1517 1599 1650 1624 venissem
1662 1598 1780 1632 Capuam
1791 1595 1863 1623 colo-

1069 1637 1154 1667 niam,
1172 1636 1313 1663 deductam
1326 1636 1355 1662 L.
1369 1635 1495 1663 Considio
1505 1640 1531 1662 et
1542 1635 1616 1662 Sext.
1629 1635 1712 1661 Saltio
1722 1633 1863 1670 (quemad-

1067 1673 1178 1700 modum
1189 1674 1242 1709 ipsi
1254 1673 1441 1708 loquebantur)
1450 1672 1631 1708 praetoribus:
1654 1677 1684 1698 ut
1694 1671 1859 1707 intelligatis,

1067 1715 1194 1746 quantam
1216 1710 1290 1738 locus
1310 1711 1368 1745 ipse
1388 1710 1478 1737 afferat
1492 1709 1661 1744 superbiam:
1683 1717 1752 1744 quae
1768 1708 1861 1743 paucis

1067 1749 1176 1779 diebus,
1193 1748 1295 1783 quibus
1311 1747 1358 1774 illo
1368 1747 1469 1774 colonia
1481 1747 1593 1773 deducta
1610 1746 1673 1776 fuit.
1691 1747 1807 1781 perspici
1822 1750 1863 1772 at-

1066 1794 1119 1822 que
1130 1785 1244 1821 intelligi
1256 1786 1352 1820 potuit.
1384 1787 1425 1811 93.
1443 1785 1508 1811 Nam
1521 1785 1652 1819 primum,
1670 1784 1697 1810 id
1708 1783 1780 1819 quod
1791 1783 1859 1813 dixi.

1066 1832 1151 1859 quum
1163 1823 1257 1849 ceteris
1269 1823 1296 1849 in
1307 1822 1419 1849 coloniis
1434 1822 1573 1848 duumviri
1589 1821 1770 1856 appellentur,
1789 1820 1816 1846 bi
1831 1828 1861 1846 se

1067 1865 1200 1895 praetores
1216 1859 1344 1895 appellari
1360 1859 1493 1886 volebant.
1533 1859 1639 1891 Quibus
1655 1859 1758 1893 primus
1773 1866 1861 1884 annus

1066 1899 1134 1924 hanc
1145 1897 1318 1932 cupiditatem
1330 1897 1475 1927 attulisset.
1494 1905 1580 1923 nonne
1591 1896 1756 1922 arbitramini
1767 1895 1861 1930 paucis

1065 1936 1142 1962 annis
1154 1935 1238 1961 fuisse
1249 1935 1392 1961 consulum
1404 1943 1499 1961 nomen
1511 1932 1694 1969 appetituros?
1703 1932 1803 1959 Deinde
1813 1940 1862 1959 an-

1065 1973 1166 1999 teibant
1179 1972 1291 2003 lictores,
1306 1980 1357 1998 non
1369 1980 1430 1998 cum
1442 1971 1554 2002 baculis,
1568 1971 1625 2002 sed,
1638 1975 1668 1998 ut
1679 1970 1722 1997 hic
1733 1969 1862 2005 praetori-

1066 2011 1117 2037 bus
1133 2014 1270 2041 anteeunt,
1293 2018 1354 2036 cum
1372 2009 1489 2035 fascibus
1504 2008 1621 2035 duobus.
1660 2008 1741 2034 Erant
1760 2007 1861 2033 hostiae

1065 2049 1179 2074 maiores
1189 2048 1216 2074 in
1228 2047 1284 2074 foro
1294 2047 1462 2077 constitutae,
1470 2054 1539 2081 quae
1550 2046 1583 2072 ab
1595 2045 1638 2072 his
1649 2044 1816 2080 praetoribus
1826 2043 1861 2070 de

1065 2084 1207 2116 tribunali,
1220 2085 1290 2111 sicut
1301 2093 1315 2110 a
1327 2084 1403 2111 nobis
1414 2083 1581 2114 consulibus,
1594 2083 1627 2109 de
1637 2082 1742 2109 consilii
1753 2085 1862 2108 senten-

1066 2123 1100 2149 tia
1116 2122 1253 2157 probatae,
1276 2121 1309 2148 ad
1324 2130 1480 2156 praeconem
1496 2125 1522 2147 et
1537 2120 1569 2147 ad
1585 2120 1722 2146 tibicinem
1737 2117 1861 2145 immola-

1042 2168 1043 2183 1
1065 2160 1176 2187 bantur:
1189 2159 1286 2186 deinde
1297 2164 1384 2194 patres
1394 2158 1538 2193 conscripti
1549 2157 1722 2184 vocabantur.
1747 2157 1803 2182 lam
1813 2163 1861 2182 ve-

1065 2206 1094 2224 ro
1106 2197 1211 2223 vultum
1223 2196 1342 2223 Considii
1356 2195 1455 2226 videre,
1469 2195 1608 2222 ferendum
1620 2195 1668 2221 vix
1678 2198 1742 2220 erat.
1772 2192 1859 2225 Quem

1065 2235 1214 2265 hominem,
1233 2233 1361 2270 vegrandi
1373 2233 1457 2259 macie
1469 2232 1611 2263 torridum,
1633 2232 1730 2258 Romae
1740 2234 1860 2257 contem-

1065 2277 1141 2307 ptum
1153 2277 1232 2306 atque
1243 2272 1376 2297 abiectum
1393 2270 1552 2296 videbamus
1560 2290 1566 2301 ,
1583 2269 1654 2295 hunc
1665 2268 1771 2303 Capuae
1781 2267 1860 2294 Cam-

1064 2318 1133 2344 pano
1144 2308 1289 2343 supercilio
1299 2317 1330 2334 ac
1341 2308 1414 2344 regio
1423 2308 1520 2342 spiritu
1531 2315 1617 2342 quum
1629 2305 1791 2336 videremus,
1802 2305 1860 2331 Ma-
1899 2331 1902 2340 ¹

1063 2347 1135 2382 gios,
1157 2346 1275 2373 Blossios
1292 2345 1359 2372 mihi
1375 2344 1486 2371 videbar
1501 2344 1561 2371 illos
1576 2343 1667 2370 videre
1678 2351 1708 2369 ac
1718 2341 1856 2369 Iubellius.
1902 2346 1903 2350 ¹

1040 2392 1041 2401 ³
1063 2385 1105 2410 94.
1122 2385 1177 2410 Iam
1193 2392 1256 2410 vero
1270 2383 1318 2418 qui
1335 2387 1422 2409 metus
1433 2386 1488 2408 erat
1498 2381 1676 2407 tunicatorum
1687 2378 1814 2406 illorum?
1832 2383 1859 2405 et

1063 2422 1091 2447 in
1111 2420 1214 2447 Albana
1234 2425 1260 2447 et
1281 2419 1401 2455 Seplasia
1420 2427 1490 2454 quae
1509 2418 1676 2445 concursatio
1700 2421 1860 2452 percontan-

1063 2459 1144 2489 tium,
1171 2457 1238 2493 quid
1258 2462 1362 2493 praetor
1381 2454 1528 2483 edixisset?
1557 2455 1604 2481 ubi
1624 2453 1762 2481 caenaret?
1790 2452 1858 2488 quid

1062 2494 1246 2522 enuntiasset?
1266 2495 1320 2521 Nos
1335 2498 1437 2524 autem,
1455 2493 1519 2519 hinc
1529 2492 1611 2518 Roma
1626 2492 1675 2526 qui
1686 2498 1855 2520 veneramus,

1062 2533 1115 2559 iam
1127 2541 1179 2559 non
1190 2533 1309 2566 hospites
1317 2552 1323 2561 ‚
1340 2531 1388 2557 sed
1403 2530 1537 2565 peregrini
1552 2534 1632 2564 atque
1643 2528 1760 2554 advenae
1770 2527 1858 2554 nomi-

1062 2570 1202 2596 nabamur.
1224 2569 1386 2595 xxxvea.
1398 2568 1466 2594 Haec
1477 2568 1525 2602 qui
1535 2566 1730 2601 prospexerint,
1743 2565 1856 2591 maiores

1063 2612 1166 2634 nostros
1181 2607 1254 2637 dico,
1277 2605 1407 2638 Quirites.
1430 2613 1482 2630 non
1498 2612 1543 2630 eos
1558 2605 1587 2630 in
1597 2603 1708 2629 deorum
1719 2603 1857 2629 immorta-

1063 2644 1130 2670 lium
1146 2652 1258 2670 numero
1272 2641 1437 2669 venerandos
1452 2650 1466 2667 a
1478 2641 1555 2667 nobis
1566 2645 1593 2667 et
1602 2639 1727 2666 colendos
1739 2636 1857 2674 putatis?

1061 2681 1132 2713 Quid
1151 2682 1223 2708 enim
1241 2678 1383 2706 viderunt?
1403 2679 1465 2711 hoc,
1487 2677 1560 2714 quod
1574 2685 1647 2704 nunc
1662 2685 1722 2708 vos,
1743 2683 1852 2711 quaeso,
