1941 3052
212 139 259 162 llll
781 135 822 159 Ol.
857 134 891 159 M.

211 206 256 232 mut
274 214 384 232 usurum
402 214 443 230 int·
459 214 508 230 non
526 209 598 238 pitto.
641 204 732 238 Neque
751 208 838 229 tamt-n
857 203 907 228 urit
922 203 996 237 qttis-

209 252 300 279 quatu.
337 243 391 268 Non
405 242 477 267 lulwt
490 241 593 274 fingi-rm
608 250 673 266 aveo
684 249 813 274 pugnare.
836 241 1000 273 Mognanunt
1022 254 1031 279 ι,

505 278 557 303 Sed
570 277 637 304 nibil
650 276 767 307 ultimum
791 282 818 303 tu
832 277 880 303 hoc
891 277 997 303 silebis.
1021 281 1030 311 ll

210 319 233 344 4.
251 318 284 343 ti·-
296 317 378 342 Stutin
391 315 556 340 iiiunumisso
566 319 592 340 et
605 314 743 340 nonnullis
753 314 814 340 aliis
826 314 906 340 rebus
917 323 1000 349 ungor
1022 314 1030 339 ἰ

211 280 350 306 hominum
369 278 466 304 studia.

209 353 349 388 equidem,
366 351 412 377 sed
426 352 476 377 ium
489 360 598 385 prorsus
608 350 731 377 occallui.
771 351 824 382 Tu,
842 350 938 377 vellem
949 359 1000 386 ego

208 396 232 416 et
244 398 378 423 cupi-rem,
393 388 513 414 adesses:

264 428 313 452 Nm.-
329 428 388 451 milii
400 427 541 453 coriailium,
554 434 598 451 nec
609 427 748 451 consolatio
757 427 860 451 ‹tm-uei.

208 463 260 489 Sed
273 464 306 489 itu
319 467 342 489 te
354 471 426 497 paru,

262 515 298 520 -
307 515 343 520 —
353 514 389 519 --
401 502 435 528 iit,
447 502 470 525 σι’
481 501 632 527 inclamaro,
645 500 756 525 ridentes.

260 576 324 597 ΧΙΧ,
365 579 440 597 uuum..
451 579 534 597 mmm,
548 580 615 595 ium-1..
626 586 663 594 μὴ.
682 580 737 598 ατη)

392 616 559 644 CICERO
588 617 756 643 ATTICO
785 618 812 644 S.

265 656 287 680 t.
310 649 399 680 Multa
421 663 462 680 me
483 654 628 680 sollicitant
646 659 671 680 et
688 664 721 680 ex
742 654 907 689 reipublicae
929 659 1000 681 tanto

207 695 279 718 motu
295 696 321 718 et
335 700 369 718 ex
385 692 418 717 iis
430 691 571 726 periculis.
590 700 659 726 «ittae
676 692 742 718 mihi
760 692 810 726 ipsi
824 691 999 718 intenduntur

205 733 231 755 et
242 733 367 755 sexcenta
378 733 451 755 sunt.
482 728 532 754 Sed
545 729 611 754 mihi
625 729 692 755 nihil
704 734 743 755 est
755 729 904 760 molestius.
916 738 997 764 quam

205 766 318 793 Statium
331 766 542 792 manumissum:

262 803 314 830 Nec
325 812 404 829 ιιισιιιιι
415 803 567 836 imperium?
577 812 608 828 αι·
620 806 690 828 ιιιιἸΙι)
700 805 841 835 imperium,
850 812 898 829 non
908 805 999 829 simut-

571 844 645 866 late'm
660 849 739 865 meam

260 879 371 903 revereri
379 876 485 902 saltum?

206 922 264 944 nec,
277 913 343 948 quid
355 913 459 943 faciam.
473 914 540 945 scio,
556 923 642 949 neque
654 919 755 940 tantum
767 918 806 940 est
818 915 844 940 in
857 923 897 943 re.
911 922 997 948 quan-

191 956 249 979 .tus
259 956 299 977 est
309 960 407 977 sermo.
448 952 503 984 Ego
519 956 606 977 autem
624 961 655 977 ne
669 952 745 977 irasci
759 960 868 986 possum
885 951 996 985 quidem

205 989 253 1018 iis,
270 996 338 1023 quos
354 987 432 1014 valde
447 997 518 1020 amo,
539 993 640 1015 tantum
656 988 744 1019 doleo,
763 997 792 1014 ac
809 989 920 1014 mirilice
934 989 997 1023 qui-

205 1025 277 1051 dem.
317 1025 408 1052 Cetera
425 1026 451 1052 in
469 1027 573 1061 magnis
585 1026 674 1055 rebus,
689 1027 776 1052 minae
786 1025 872 1052 Clodii
887 1031 997 1052 conten-

205 1063 357 1096 tionesque.
377 1071 446 1097 quae
463 1063 529 1089 mihi
546 1068 743 1097 proponuntur,
761 1063 864 1089 modice
881 1072 922 1088 me
939 1068 998 1089 tan-

203 1104 281 1135 gunt.
303 1100 406 1126 Etenim
423 1099 463 1126 vel
475 1101 567 1126 subire
578 1109 622 1126 eas
635 1099 727 1126 videor
738 1101 804 1126 mihi
817 1109 922 1126 summa
933 1109 996 1126 cum

204 1136 334 1172 dignitate
347 1136 389 1163 vel
401 1137 535 1163 declinare
547 1137 619 1163 nulla
631 1146 692 1163 cum
705 1137 825 1163 molestia
838 1146 925 1172 posse.
951 1138 996 1163 Di-

204 1182 248 1200 ces
261 1173 378 1204 fortasse,
392 1174 530 1210 dignitatis
541 1175 603 1204 ἅλις,
617 1179 752 1209 tamquam
765 1175 854 1209 ὖρυόςς
868 1175 958 1203 saluti,
972 1175 995 1201 si

205 1219 246 1236 me
258 1219 340 1241 anias,
354 1211 473 1237 consule.
515 1212 554 1237 Me
567 1212 708 1237 miserum!
731 1220 779 1238 cur
791 1221 841 1238 non
853 1211 935 1238 ades?
948 1213 996 1238 Ni-

204 1247 242 1274 hil
258 1247 373 1282 prolecto
391 1253 414 1274 te
426 1249 592 1282 praeteriret:
615 1257 664 1284 ego
677 1248 786 1275 sortasse
802 1249 954 1283 ηιᾳλώιιω,
971 1254 996 1276 et

204 1286 319 1311 nimium
338 1288 370 1320 τῷ
385 1286 453 1320 καλιῇ
468 1287 668 1320 apogrifum-311.
708 1288 733 1312 2.
755 1286 826 1312 Scito
846 1285 913 1312 nihil
934 1295 995 1312 um-

203 1330 284 1357 quam
292 1321 375 1347 fuisse
383 1322 760 1357 taminfame,tamturpe,tam
769 1324 996 1358 peraequeomni-

203 1359 254 1385 bus
265 1359 425 1394 generibus,
437 1359 592 1389 ordinibus,
607 1361 740 1386 aetatibus
750 1361 896 1392 offensum,
914 1370 994 1396 quam

203 1396 274 1422 hune
286 1401 393 1427 statum,
411 1397 458 1431 qui
475 1406 546 1423 nunc
557 1403 609 1423 est:
632 1398 718 1433 magis
730 1398 896 1429 mehercule,
913 1407 995 1433 quam

203 1433 310 1464 vellem,
324 1442 375 1460 non
388 1433 465 1460 inodo
476 1443 557 1468 quam
569 1439 700 1469 putaram.
731 1435 874 1470 Populares
886 1436 929 1462 isti
943 1436 995 1462 iam

201 1471 282 1496 etiam
294 1470 427 1497 modestos
439 1471 561 1498 homines
572 1472 682 1498 sibilare
693 1472 850 1499 docuerunt.
881 1473 995 1499 Bibulus

203 1508 230 1535 in
241 1507 314 1536 caelo
324 1513 373 1540 est,
387 1516 444 1540 nec,
457 1517 549 1544 quare,
563 1510 630 1542 sci0;
644 1509 692 1535 sed
705 1510 739 1536 ita
752 1510 884 1541 laudatur,
897 1511 976 1545 quasi

279 1547 349 1573 L'nus
358 1549 430 1573 homo
440 1549 511 1572 nobi-s
522 1549 664 1573 cunctando
676 1550 785 1574 restituit
797 1556 859 1574 rem.

202 1584 358 1618 Pompeius,
377 1585 459 1610 nostri
477 1593 594 1615 amores,
617 1584 688 1619 quod
705 1584 772 1610 mihi
787 1593 894 1611 summo
909 1584 994 1611 dolori

201 1625 250 1651 est,
264 1621 321 1655 ipse
332 1629 360 1647 se
372 1620 480 1647 afflixit:
494 1622 629 1647 neminem
642 1626 724 1648 tenet:
739 1621 926 1652 voluntate,an
937 1630 995 1648 me-

201 1662 229 1683 tu
241 1666 274 1683 ne
286 1658 295 1669 ⁴
308 1666 416 1684 necesse
427 1659 461 1684 sit
473 1659 506 1684 iis
518 1659 570 1689 uti,
588 1666 690 1685 vereor.
730 1659 786 1695 Ego
801 1664 889 1685 autern
906 1667 994 1694 neque

201 1703 293 1730 pugno
307 1703 369 1721 cum
384 1694 429 1721 illa
444 1704 539 1721 caussa
555 1700 661 1730 propter
676 1695 750 1722 illam
766 1697 925 1727 amicitiam,
947 1705 995 1722 ne-

201 1739 254 1766 que
265 1732 396 1766 approbo,
413 1741 445 1758 ne
456 1733 546 1759 onmia
558 1733 720 1767 improbem,
738 1742 807 1768 quae
818 1738 894 1759 antea
905 1734 992 1769 gessi:

201 1773 260 1794 utor
271 1769 324 1794 via.
360 1771 384 1795 3.
402 1769 497 1804 Populi
508 1778 604 1795 sensus
616 1771 731 1796 maxime
744 1770 844 1797 theatro
855 1776 880 1797 et
889 1776 995 1805 specta-

200 1804 270 1831 culis
281 1810 438 1840 perspectus
449 1811 498 1832 est.
538 1807 605 1832 Nam
616 1806 824 1841 gladiatoribus,
843 1816 895 1842 qua
907 1807 995 1834 domi-

202 1850 266 1872 nus,
283 1851 336 1877 qua
351 1842 472 1869 advocati
483 1843 572 1869 sibilis
586 1844 729 1870 conscissi:
749 1844 820 1870 ludis
831 1844 995 1879 Apollinari-

202 1878 253 1904 bus
268 1879 392 1914 Diphilus
409 1880 550 1915 tragoedus
566 1881 593 1907 in
607 1886 727 1907 nostrum
742 1881 899 1916 Pompeium
915 1887 994 1916 petu-

202 1914 286 1942 lanter
297 1917 418 1942 invectus
429 1922 481 1943 est:

276 1953 369 1979 Νιλςὶιά
382 1956 484 1980 miseria
497 1959 522 1980 tu
534 1964 559 1981 es
572 1955 690 1989 Maynus,

201 1989 300 2016 millies
311 1995 418 2016 coactus
431 1996 471 2017 est
481 1991 580 2018 dicere.

275 2027 395 2053 Ειιιιιιὶειιι
410 2031 525 2054 virtutem
537 2031 619 2057 ιζςιαιιι.
632 2031 712 2055 veniet
724 2033 830 2063 tempus.
843 2039 919 2064 quum
929 2039 992 2064 yra-

565 2069 630 2092 vt'le'r
638 2075 726 2099 qenies.

199 2101 280 2127 totius
292 2101 387 2128 theatri
398 2101 513 2129 clamore
527 2102 609 2134 dixit,
624 2104 741 2138 itemque
752 2108 849 2130 cetera.
889 2105 956 2130 Nam
967 2109 992 2131 et

198 2138 333 2165 eiusmodi
353 2144 416 2165 sunt
435 2140 454 2165 ii
475 2148 582 2171 versus,
605 2146 634 2167 ut
651 2141 677 2167 in
699 2146 806 2175 tenipus
825 2141 859 2167 ab
882 2141 992 2168 inimico

198 2175 319 2210 Pompeii
330 2176 423 2210 scripti
435 2185 493 2203 esse
505 2177 656 2204 videantur.

273 2212 302 2239 sn·
313 2216 390 2246 neque
401 2215 465 2247 [eyes
476 2223 553 2248 neque
564 2224 644 2241 ntor-es
658 2220 758 2248 coyum.

198 2253 224 2275 et
239 2254 324 2275 cetera
339 2259 435 2285 magno
449 2259 511 2277 cum
528 2253 636 2278 fremitu
652 2257 677 2278 et
692 2252 807 2279 clamore
825 2257 889 2279 sunt
908 2252 989 2279 dicta.

198 2286 294 2312 Caesar
304 2295 389 2321 quum
401 2289 528 2318 venisset,
542 2294 645 2315 mortuo
656 2289 763 2324 plausu,
776 2289 856 2316 Curio
868 2290 940 2316 fitius
951 2295 991 2316 est

198 2323 346 2351 insecutus.
380 2325 447 2351 Huic
458 2326 492 2352 ita
504 2325 630 2360 plausum
641 2332 690 2357 est,
705 2331 741 2357 ut,
755 2327 828 2353 salva
840 2326 988 2361 republica,

197 2360 323 2395 Pompeio
333 2361 424 2396 plaudi
436 2363 547 2390 solebat.
588 2363 660 2390 Tulit
670 2364 767 2390 Caesar
776 2364 903 2400 graviter.
935 2365 992 2391 Lit-

198 2402 268 2423 terae
279 2398 398 2432 Capuam
412 2400 445 2425 ad
457 2401 614 2435 Pompeium
627 2401 715 2427 volare
726 2401 894 2428 dicebantur.
936 2402 991 2428 lni-

199 2434 262 2460 mici
273 2440 346 2461 erant
356 2437 508 2470 equitibus,
525 2439 574 2472 qui
585 2438 694 2464 Curioni
710 2443 809 2464 stantes
820 2438 988 2473 plauserant:

199 2470 288 2497 hostes
302 2473 439 2500 omnibus.
478 2475 589 2501 Rosciae
606 2475 672 2510 legi,
694 2475 774 2501 etiam
791 2475 989 2507 frumentariae,

201 2507 400 2536 minitabantur.
441 2511 510 2538 Sane
526 2521 568 2538 res
583 2517 638 2538 erat
652 2512 814 2546 perturbata.
855 2512 989 2548 Equidem

200 2544 354 2584 malueram,
362 2548 434 2580 quod
445 2554 499 2575 erat
509 2554 665 2583 susceptum
672 2548 776 2579 abillis,
789 2549 897 2576 silentio
903 2555 990 2576 trans-

201 2588 252 2606 tre:
275 2581 322 2622 sed
334 2591 438 2615 vereor,
452 2594 484 2611 ne
496 2594 547 2612 non
560 2586 646 2612 liceat.
686 2586 743 2612 Non
755 2585 843 2613 ferunt
855 2587 986 2617 homines,

200 2617 272 2650 quod
283 2618 389 2645 videtur
399 2629 456 2647 esse
468 2627 555 2649 tamen
568 2622 717 2650 ferendum.
757 2623 810 2650 Sed
820 2629 860 2650 est
870 2625 924 2650 iam
935 2633 989 2651 una

201 2661 254 2680 ‘'05
263 2656 393 2687 Omnium,
407 2660 492 2694 magis
501 2659 563 2686 odio
574 2660 685 2690 firmata,
697 2668 779 2694 quam
791 2661 935 2695 praesidio.
963 2662 987 2688 4.

923 133 952 159 Τ.
984 132 1258 159 (ἱΙΟΕΙῐΟΝΙΒ

1021 202 1031 245 {¹
1052 202 1147 229 Noster
1157 208 1246 230 autem
1259 203 1372 230 Publius
1384 204 1451 231 mihi
1464 205 1629 231 inimicatur:
1650 203 1786 239 impendet
1797 213 1846 232 nc-

1052 241 1169 273 gotium,
1190 241 1222 266 ad
1238 240 1310 275 quod
1329 246 1356 266 tu
1373 241 1475 268 witin-«et
1489 242 1638 268 advolabis.
1681 241 1778 268 Videor
1793 243 1846 268 mt-

1053 275 1080 303 hi
1105 283 1224 303 nostrum
1251 277 1327 303 illurn
1353 278 1520 305 consularem
1545 280 1692 305 exercitum
1713 278 1844 306 bonorum

1051 315 1186 344 omnium.
1202 315 1282 340 etiam
1294 315 1359 340 satis
1371 315 1515 346 bonorum,
1532 315 1629 342 haben
1644 317 1843 342 firmissimum.

1028 346 1030 370 Ἴ
1053 352 1196 386 Pompeius
1211 351 1345 387 significat
1360 351 1481 378 studium
1496 361 1558 388 erga
1574 362 1616 379 me
1632 362 1683 379 non
1699 352 1843 379 mediocre.

1053 388 1124 414 idern
1136 388 1250 415 nt'tirnnn
1262 388 1374 414 verbum
1385 389 1418 415 de
1431 398 1472 415 ine
1485 389 1560 415 illum
1572 398 1622 416 non
1634 390 1842 416 cancianorum.

1053 426 1079 451 ln
1091 434 1145 460 quo
1157 435 1208 452 non
1220 434 1262 452 me
1278 425 1322 452 ille
1335 425 1414 455 fallit,
1433 426 1480 452 sed
1496 427 1553 461 ipse
1565 426 1675 453 fallitur.
1715 427 1845 454 Cosconio

1053 468 1169 493 mortuo,
1188 472 1248 489 suni
1262 463 1287 489 in
1299 463 1358 489 eius
1371 462 1458 489 locum
1471 464 1608 490 invitatus.
1650 464 1677 490 ld
1688 470 1744 491 erat
1756 465 1844 491 vocari

1053 502 1078 526 in
1098 500 1184 526 locum
1206 500 1313 526 mortui.
1354 499 1427 526 Nihil
1447 509 1489 526 me
1509 501 1615 535 turpius
1633 501 1705 536 apud
1721 501 1844 528 homines

1053 537 1160 567 fuisset.
1179 546 1266 572 neque
1279 545 1354 567 vero,
1372 537 1405 563 ad
1418 538 1495 564 istam
1508 538 1593 572 ipsam
1605 538 1752 572 ἀσφάλειαν
1761 538 1844 573 quid-

1051 583 1132 609 quam
1143 574 1266 601 alienius.
1305 574 1373 601 Sunt
1383 575 1455 601 enim
1469 574 1507 601 illi
1518 574 1590 609 apud
1605 575 1688 601 bonos
1700 575 1841 602 invidiosi:

1051 621 1100 645 ego
1111 612 1182 646 uptid
1196 611 1331 646 improbos
1343 620 1429 638 meam
1442 612 1613 638 retinuissem
1625 611 1765 642 invidiam,
1778 612 1844 639 alie-

1051 658 1111 675 nant
1127 650 1347 683 assumpsisse-m.
1388 650 1412 675 5.
1433 650 1530 675 Caesar
1545 658 1586 675 me
1602 649 1655 675 sibi
1667 648 1725 675 vult
1734 658 1794 676 ease
1806 649 1844 675 lo.b

1050 691 1151 720 gutum.
1193 687 1332 712 Honestior
1343 686 1407 712 haec
1418 686 1561 713 declinatio
1572 686 1696 721 periculi.
1730 686 1783 712 Sed
1794 695 1844 722 ego

1052 724 1100 749 hoc
1116 732 1186 750 nunc
1203 723 1325 758 repudio.
1365 723 1436 755 Quid
1452 732 1515 759 ergo
1535 723 1593 749 est?
1618 723 1738 759 Pugnare
1762 723 1842 751 malo.

1051 761 1123 787 Nihil
1136 766 1222 787 tamen
1235 761 1309 787 certi.
1351 761 1448 787 lterum
1459 761 1529 790 dico,
1544 761 1645 787 utinam
1657 760 1779 788 adesses!
1792 761 1843 788 sed

1051 803 1148 828 tamen,
1157 799 1179 824 si
1191 799 1240 824 erit
1252 807 1369 827 necesse,
1378 807 1555 824 arcessemuS.
1575 798 1646 830 Quid
1658 798 1750 825 atiud?
1759 797 1845 834 quid?

1050 836 1103 862 lloc
1113 836 1221 870 opinor:
1244 836 1308 861 certi
1321 844 1416 861 sumus
1432 837 1534 871 perisse
1548 837 1648 862 omnia.
1688 835 1760 868 Quid
1770 836 1843 862 enim

1049 873 1212 907 ἡκκιζόμεθη
1227 871 1348 899 tamdiu?
1366 873 1418 898 Sed
1440 873 1503 899 haec
1524 873 1620 908 scripsi
1637 882 1797 908 properans.
1818 877 1844 899 et

1050 910 1202 936 mehercule
1214 910 1317 936 timide.
1359 910 1470 936 Posthac
1481 910 1513 936 ad
1527 916 1564 940 te,
1580 915 1638 940 aut,
1651 910 1674 936 si
1686 909 1842 945 perfidelem

1050 947 1163 977 habebo,
1179 948 1223 973 cui
1234 947 1305 976 dem.
1314 947 1430 973 scribam
1442 947 1520 982 plane
1530 949 1629 977 omnia,
1643 952 1697 977 aut,
1710 948 1733 974 si
1744 947 1843 973 obscu-

1049 994 1076 1010 re
1087 985 1218 1015 scribam,
1236 990 1263 1011 tu
1281 989 1367 1011 tamen
1385 985 1530 1020 intelliges.
1571 986 1598 1011 ln
1616 985 1649 1011 iis
1663 984 1786 1019 epistolis
1800 992 1843 1010 me

1050 1022 1179 1051 Laelium,
1196 1026 1220 1048 te
1233 1022 1344 1048 Furium
1357 1021 1466 1048 faciam:
1480 1028 1565 1048 cetera
1577 1026 1656 1048 erunt
1666 1025 1692 1047 ἐν
1703 1020 1841 1057 αἰνιγμοῖς.

1049 1059 1095 1085 llic
1107 1058 1253 1085 Caecilium
1265 1059 1380 1085 colimus
1390 1064 1416 1085 et
1430 1059 1607 1086 observamus
1621 1058 1775 1094 diligenter.
1815 1060 1839 1084 6.

1049 1096 1140 1122 Edicta
1158 1096 1247 1122 Bibuli
1264 1096 1345 1123 audio
1360 1096 1393 1122 ad
1410 1102 1433 1123 te
1449 1097 1541 1123 missa.
1582 1097 1617 1123 lis
1632 1095 1707 1122 ardet
1717 1095 1807 1122 dolore
1817 1101 1842 1122 et

1048 1134 1085 1159 ira
1097 1139 1187 1160 noster
1197 1134 1352 1168 Pompeius.

1100 1203 1153 1223 XX.
1183 1205 1269 1223 -Ιιυιηιι,
1281 1205 1365 1224 swan.
1376 1205 1445 1222 nunu..
1455 1211 1501 1221 «m,
1513 1207 1568 1227 unt.)

1232 1247 1400 1274 CICERO
1430 1247 1597 1275 ATTICO
1628 1247 1656 1276 S.

1104 1286 1126 1311 t.
1147 1280 1278 1316 Anicato,
1301 1289 1330 1310 ut
1348 1289 1371 1311 te
1390 1284 1459 1311 velle
1477 1284 1675 1317 intellexeram.
1695 1284 1770 1312 nullo
1786 1284 1843 1312 loeo

1047 1321 1132 1348 defui.
1172 1322 1343 1348 Numestium
1355 1330 1389 1348 ex
1400 1321 1495 1349 litteris
1507 1323 1574 1353 tuis.
1590 1322 1711 1350 studiose
1722 1323 1840 1358 scriptis.

1049 1359 1162 1386 libenter
1173 1360 1200 1386 in
1213 1360 1360 1386 amicitiam
1373 1360 1471 1394 recepi.
1512 1359 1674 1391 Caecilium,
1686 1359 1789 1395 quibus
1799 1368 1842 1386 re-

1048 1397 1099 1423 bus
1110 1405 1231 1432 possum,
1245 1402 1320 1423 tueor
1333 1396 1487 1432 diligenter.
1518 1397 1600 1424 Varro
1611 1397 1740 1424 satisfacit
1751 1396 1840 1424 nobis.

1048 1435 1191 1469 Pompeius
1202 1439 1273 1460 amat
1284 1443 1332 1460 nos
1342 1442 1472 1469 carosque
1484 1434 1573 1461 habet.
1599 1434 1712 1462 Credis?
1721 1435 1839 1470 inquies.

1047 1471 1144 1499 Credo:
1162 1480 1272 1506 prorsus
1284 1471 1351 1497 mihi
1363 1471 1516 1506 persuadet.
1556 1471 1608 1498 Sed
1619 1473 1697 1507 quia,
1711 1476 1740 1498 ut
1750 1471 1839 1502 video.

1047 1510 1223 1545 πραγματικοί
1237 1509 1360 1535 homines
1380 1509 1508 1535 omnibus
1529 1509 1663 1540 historiis,
1681 1509 1839 1544 praeceptis.

1047 1546 1173 1572 versibus
1188 1546 1306 1581 denique
1316 1554 1410 1572 cavere
1422 1546 1517 1572 iubent
1526 1552 1552 1573 et
1563 1551 1652 1573 vetant
1662 1545 1784 1573 credere:
1801 1545 1842 1572 al-

1047 1588 1132 1610 terum
1145 1583 1226 1614 facio,
1243 1588 1272 1610 ut
1282 1591 1406 1614 caveam;
1424 1583 1551 1610 alterum.
1564 1588 1656 1610 utnon
1667 1583 1788 1615 credam,
1801 1582 1842 1610 fa·-

1045 1629 1104 1647 cere
1116 1629 1168 1647 uon
1180 1629 1301 1655 possum.
1342 1621 1367 1646 Ξ.
1389 1619 1500 1647 Clodius
1515 1620 1604 1647 adhuc
1619 1620 1687 1647 mihi
1701 1620 1842 1647 denuntiat

1046 1657 1208 1692 periculum.
1248 1657 1392 1692 Pompeius
1406 1656 1522 1684 affirmat
1536 1666 1588 1684 non
1603 1666 1662 1684 esse
1671 1657 1838 1693 periculum:

1045 1694 1162 1726 adiurat;
1177 1694 1251 1721 addit
1261 1695 1351 1724 etiam,
1359 1702 1388 1720 se
1399 1695 1475 1729 prius
1485 1695 1605 1721 occisum
1616 1696 1649 1722 iri
1660 1695 1694 1721 ab
1705 1703 1745 1724 eo,
1757 1703 1841 1729 quam

1046 1741 1088 1758 me
1100 1731 1229 1758 violatum
1241 1732 1284 1758 iri.
1325 1731 1463 1758 Tractatur
1477 1740 1529 1758 res.
1570 1731 1657 1759 Simul
1672 1740 1703 1758 ac
1713 1731 1780 1767 quid
1789 1732 1842 1758 erit

1045 1770 1124 1799 certi,
1141 1769 1257 1795 scribam
1272 1768 1305 1794 ad
1321 1774 1355 1795 te.
1395 1768 1425 1795 Si
1435 1770 1485 1795 erit
1496 1769 1687 1805 pugnandum,
1705 1777 1840 1795 arcessam

1045 1806 1078 1833 ad
1090 1807 1242 1832 societatem
1262 1805 1374 1832 laboris:
1392 1807 1416 1832 si
1426 1807 1505 1841 quies
1516 1806 1638 1837 dabitur,
1655 1806 1689 1833 ab
1700 1806 1839 1832 Amalthea

1046 1849 1069 1870 te
1081 1852 1133 1870 non
1145 1843 1329 1870 commovebo.
1343 1845 1368 1869 3.
1376 1843 1411 1869 De
1423 1843 1561 1878 republica
1574 1844 1692 1870 breviter
1701 1843 1735 1870 ad
1742 1849 1766 1870 te
1772 1844 1840 1870 scri-

1045 1881 1117 1907 bam.
1158 1881 1211 1907 lam
1227 1881 1314 1911 enim,
1335 1880 1425 1907 charta
1441 1881 1499 1915 ipsa
1515 1889 1548 1907 ne
1564 1890 1612 1907 nos
1626 1880 1734 1915 prodat,
1756 1880 1840 1916 perti-

1045 1926 1143 1944 mesco.
1167 1919 1258 1952 Itaque
1269 1917 1388 1952 posthac,
1402 1919 1425 1944 si
1437 1923 1515 1944 erunt
1525 1919 1593 1944 mihi
1605 1918 1681 1953 plura
1691 1917 1725 1944 ad
1736 1922 1761 1944 te
1771 1917 1840 1944 scri-

1044 1955 1130 1982 benda
1139 1976 1145 1985 ,
1168 1954 1332 1990 ἀλληγορίηιε
1345 1955 1504 1982 obscurabo.
1545 1956 1622 1982 Nunc
1636 1955 1748 1990 quidem
1769 1963 1839 1982 novo

1044 1992 1160 2027 quodam
1172 1992 1264 2019 morbo
1275 1992 1372 2018 civitas
1386 1993 1511 2024 moritur3
1529 1998 1571 2023 ut,
1588 2001 1674 2028 quum
1689 2000 1783 2019 omnes
1796 2000 1836 2022 ea,

1043 2038 1112 2064 quae
1123 2034 1185 2056 sunt
1196 2034 1262 2060 acta,
1276 2029 1436 2064 improbent,
1452 2035 1608 2064 querantur,
1621 2029 1736 2059 doleant.
1750 2029 1838 2056 varie-

1044 2072 1083 2093 tas
1098 2066 1171 2093 nulla
1188 2067 1216 2093 in
1231 2075 1259 2093 re
1274 2067 1322 2097 sit,
1341 2072 1485 2102 aperteque
1502 2066 1646 2101 loquantur
1659 2071 1685 2093 et
1699 2068 1752 2093 iam
1766 2065 1838 2093 clare

1042 2109 1162 2140 gemant,
1177 2109 1265 2130 tamen
1276 2103 1410 2130 medicina
1421 2103 1495 2130 nulla
1507 2104 1640 2131 afferatur.
1661 2104 1754 2139 Neque
1763 2104 1837 2130 enim

1021 2157 1023 2169 .
1043 2142 1132 2167 resisti
1143 2142 1202 2167 sine
1214 2141 1395 2167 internecione
1409 2149 1489 2176 posse
1503 2141 1679 2172 arbitramur,
1697 2148 1746 2167 nec
1759 2139 1838 2167 vide-

1020 2174 1023 2197 l
1043 2187 1112 2207 mus,
1126 2179 1174 2213 qui
1186 2178 1248 2204 finis
1258 2178 1372 2205 cedendi
1384 2183 1488 2213 praeter
1498 2179 1612 2205 exitium
1623 2177 1731 2205 sumt-us
1740 2178 1785 2204 sit.
1809 2178 1834 2204 4.

1020 2205 1022 2239 l
1042 2215 1156 2242 Bibulus
1168 2215 1308 2242 hominum
1319 2215 1494 2242 admiratione
1505 2220 1530 2242 et
1541 2214 1727 2242 benevolentia
1737 2215 1765 2241 in
1775 2223 1837 2241 cae-

1020 2242 1022 2283 l
1043 2253 1068 2279 lo
1078 2258 1128 2279 est.
1164 2253 1256 2279 Edicta
1268 2253 1327 2279 eius
1338 2257 1363 2279 et
1373 2253 1516 2279 conciones
1527 2252 1685 2279 describunt
1694 2257 1721 2278 et
1731 2251 1833 2287 legunt.

1020 2286 1022 2354 Ῐ
1043 2290 1116 2316 Novo
1127 2290 1244 2325 quodam
1255 2298 1353 2326 genere
1365 2291 1392 2316 in
1404 2298 1539 2316 summam
1549 2289 1662 2325 gloriam
1673 2289 1756 2315 venit.
1786 2289 1836 2315 Po—

1042 2327 1135 2362 pulare
1149 2336 1220 2354 nunc
1236 2327 1304 2354 nihil
1317 2332 1370 2354 tam
1384 2332 1438 2359 est,
1455 2335 1537 2363 quam
1547 2326 1640 2353 odium
1651 2325 1834 2361 popularium.

1041 2366 1066 2391 5.
1088 2365 1222 2400 Haecque
1233 2366 1287 2391 sint
1297 2369 1438 2399 eruptura,
1454 2365 1546 2391 timeo.
1584 2363 1650 2394 Sed,
1667 2364 1692 2389 si
1702 2363 1836 2398 dispicere

1041 2401 1109 2437 quid
1128 2410 1252 2437 coepero,
1275 2401 1393 2428 scribam
1413 2401 1446 2428 ad
1465 2406 1490 2428 te
1509 2401 1638 2436 apertius.
1678 2400 1732 2431 Tu,
1752 2401 1776 2427 si
1792 2408 1837 2426 me

1041 2447 1115 2466 amas
1127 2444 1239 2470 tantum,
1253 2444 1384 2474 quantum
1393 2437 1512 2474 profecto
1521 2446 1608 2468 amas,
1623 2437 1781 2472 expeditus,
1795 2437 1836 2464 sa-

1019 2482 1021 2501 }
1041 2477 1102 2507 cito,
1115 2482 1145 2503 ut
1155 2477 1207 2509 sis3
1221 2477 1245 2503 si
1257 2475 1411 2506 inclamaro,
1424 2480 1453 2502 ut
1463 2483 1597 2501 accurras.
1618 2474 1671 2500 Sed
1681 2474 1716 2501 do
1725 2483 1834 2509 operam

1012 2501 1021 2551 l,
1040 2518 1066 2540 et
1075 2513 1153 2545 dabo,
1167 2522 1200 2540 ue
1211 2514 1246 2540 sit
1257 2521 1376 2540 necesse.
1415 2511 1492 2545 Quod
1501 2512 1672 2546 scripseram,
1685 2517 1710 2538 te
1722 2512 1834 2538 Furium

1012 2555 1013 2574 l
1040 2551 1219 2585 scripturum
1242 2550 1311 2577 nihil
1327 2558 1436 2577 neeesse
1449 2554 1489 2575 est
1509 2553 1585 2575 tuum
1605 2557 1703 2575 nomen
1717 2553 1831 2575 mutare.

1012 2581 1013 2588 ¹
1040 2588 1082 2614 Me
1093 2587 1190 2614 faciam
1197 2587 1318 2614 Laelium
1329 2591 1355 2613 et
1365 2591 1390 2613 te
1396 2587 1526 2618 Atticum;
1541 2594 1628 2620 neque
1639 2591 1699 2612 utar
1707 2585 1833 2612 mecchi-

1040 2625 1173 2660 rographo
1188 2633 1275 2660 neque
1290 2625 1382 2660 signo:
1399 2624 1423 2649 si
1439 2622 1517 2649 modo
1526 2628 1605 2649 erunt
1615 2622 1750 2649 eiusmodi
1761 2622 1833 2649 litte-

1018 2679 1020 2685 ·
1040 2670 1097 2693 rae,
1120 2670 1188 2697 quas
1204 2662 1231 2688 in
1246 2661 1364 2688 alienum
1385 2660 1503 2686 incidere
1523 2659 1617 2687 nolim.
1657 2662 1682 2686 6.
1703 2659 1832 2687 Diodotus
