1941 3052
224 154 269 179 132

220 223 314 249 <tandin
343 223 499 258 ineptiarum
523 223 621 248 rrinwn
641 222 773 254 effugiam.
813 221 930 253 Quarum
950 225 1007 246 tan-

221 259 300 286 dvm‘?
324 261 408 295 inquit
429 260 546 289 Catulus,
568 265 611 285 aut
630 259 694 293 quid
710 259 888 292 disputatione
904 258 951 283 ista
967 257 1005 282 af-

222 297 280 323 ferri
309 302 393 331 potest
420 297 565 330 ets-ganum
592 301 635 321 mit
658 296 765 321 omniuo
788 294 840 320 dici
863 294 1008 320 subtilius?

224 336 278 360 1⁸⁸.
297 335 327 360 ‚tt
342 335 411 360 cuim
429 343 525 363 vereor,
543 334 628 367 inquit
643 333 762 361 Crassus,
780 340 811 357 ne
826 332 889 356 liaec
900 335 944 356 aut
955 330 1007 357 dir-

221 371 327 397 liviliorn
351 371 408 396 istis
431 371 462 396 :ul
487 369 699 404 persequendum
718 377 776 394 esse
796 368 934 394 videantur
951 372 1004 398 aut,

220 409 282 443 quia
302 417 352 434 uon
372 407 510 433 traduntur
529 407 554 432 in
571 406 671 438 vulgari
687 406 735 431 ista
750 405 899 439 disciplina,
917 413 963 430 nos
977 413 1006 430 ea

222 445 316 471 maiora
342 454 370 469 ai·
388 444 535 469 «liliiviliora
557 443 637 468 videri
663 442 728 467 velle
752 442 898 467 videamur.
939 442 1005 467 Tum

221 481 339 512 Catulus,
357 482 441 509 terras,
459 480 552 514 inquit,
569 480 670 510 Crasse,
688 480 710 504 si
730 484 774 504 aut
793 488 834 504 me
853 483 897 504 nut
912 478 1006 504 liorum

220 527 381 553 quemquam
401 522 476 551 putas
496 526 508 541 n
529 521 552 542 te
572 516 635 542 haec
651 525 728 550 opera
743 516 895 550 quotidiana
909 520 933 541 et
948 524 1007 550 per-
1028 513 1029 544 Ἰ

533 554 592 583 lsta,
612 562 680 588 quae
698 553 774 583 dicis,
795 553 846 578 (lici
868 552 1004 583 volumus:
1027 556 1029 578 j

223 560 311 588 vagiit-'n
331 558 491 588 exspectare.

221 589 306 627 neque
325 596 375 617 tam
395 591 460 621 diei,
476 599 556 625 quam
571 590 621 616 isto
631 590 682 616 diei
696 590 785 617 niodo:
803 598 888 624 neque
900 589 946 615 tibi
959 589 1007 615 hoc

222 638 267 663 pro
282 637 322 654 me
337 627 433 658 solum,
450 628 496 653 sed
513 636 558 662 pro
573 627 614 653 liis
628 627 752 653 omnibus
767 627 824 653 sine
836 626 888 652 ulla
900 626 1006 652 dubita-

221 667 289 691 tione
309 665 463 699 respondeo.
506 666 561 690 ⁴³9.
587 665 643 700 Ego
666 673 739 695 vero,
759 664 846 699 inquit
866 664 1004 694 Antonius,

222 703 308 728 inveni
329 702 447 732 tandem,
467 711 546 736 quem
566 710 687 737 negaram
707 702 732 727 in
747 710 789 731 eo,
805 710 884 736 quem
900 700 1004 735 scripsi,

222 739 310 765 libello
329 748 370 765 me
389 739 522 765 invenisse
537 739 714 773 eloquentem.
755 738 807 764 Sed
821 747 851 764 eo
866 743 889 764 te
905 747 936 764 no
952 737 1007 763 lau-

220 777 298 802 dandi
322 776 430 811 quidem
455 785 547 802 caussa
572 776 746 811 interpellavi,
773 784 804 801 ne
822 775 887 810 quid
907 775 939 800 :le
959 775 1007 800 hoc
1028 803 1029 813 Ἰ

221 818 271 839 tam
291 814 387 849 exiguo
405 814 535 839 sermonis
550 813 587 839 tui
603 817 718 848 tempore
734 813 814 839 verbo
827 821 880 838 uno
894 820 952 838 meo
965 811 1007 837 di—

221 851 392 877 minueretur.
435 852 490 876 190.
513 851 583 876 llanc
604 851 698 886 igitur,
724 850 834 876 Crassus
854 850 953 884 inquit,
974 848 1006 874 ad

220 887 305 923 legem
324 896 408 922 quum
427 888 624 918 exercitatione,
645 891 701 913 tum
719 887 794 917 stilo,
810 887 895 921 quiet
915 886 963 912 alia
983 890 1007 911 et

220 925 269 951 lioc
293 925 407 951 maxime
429 930 503 951 ornat
525 934 554 951 ac
570 925 656 955 limat,
678 924 812 950 formanda
832 924 907 950 nobis
925 923 1008 949 oratio

220 966 268 988 est.
309 962 400 997 Neque
415 966 500 988 tamen
517 962 564 988 hoc
579 962 642 988 tanti
658 961 752 987 laboris
767 965 815 992 est,
831 961 922 996 quanti
934 960 1009 986 vide-

220 1004 275 1025 tur:
311 1008 358 1025 nec
384 1003 447 1025 suut
474 999 537 1025 hanc
560 999 769 1034 rhythmicorum
793 1007 822 1024 ac
844 998 1006 1024 musicorum

220 1037 345 1062 acerrima
373 1045 462 1062 norma
489 1036 640 1071 dirigenda:
680 1035 848 1062 efliciendum
877 1039 917 1061 est
939 1034 1007 1060 illud

192 1077 196 1084 ¹
219 1073 297 1099 modo
316 1073 404 1104 nobis,
426 1082 457 1099 ne
477 1073 537 1099 {luat
556 1074 650 1104 oratio,
672 1081 703 1099 ne
719 1077 840 1108 vagetur,
858 1081 889 1098 ne
903 1072 1008 1098 insistat

219 1111 340 1142 interius,
358 1119 389 1137 ne
403 1115 523 1137 excurrat
539 1110 656 1146 longius3
679 1114 708 1136 ut
722 1110 848 1136 membris
859 1109 1009 1144 distingua-

220 1153 275 1179 tur,
292 1152 320 1174 ut
338 1149 522 1174 conversiones
541 1148 635 1174 habeat
648 1147 791 1173 absolutas.
832 1147 924 1181 Neque
937 1154 1008 1172 sem-

220 1193 266 1219 per
288 1185 416 1211 utendum
439 1189 478 1211 est
501 1185 672 1219 perpetuitate
696 1188 721 1210 et
738 1184 815 1219 quasi
833 1183 1006 1209 conversione

220 1222 369 1253 verborum,
386 1222 432 1248 sed
446 1230 523 1257 saepe
537 1222 667 1256 carpenda
681 1221 807 1247 membris
819 1220 1007 1247 minutioribus

219 1260 300 1286 oratio
327 1264 378 1291 est,
403 1268 471 1294 quae
494 1263 580 1285 tamen
598 1260 655 1293 ipsa
673 1259 790 1285 membra
809 1262 871 1284 sunt
890 1258 1008 1284 numeris

221 1296 368 1323 vincienda.
404 1298 459 1322 191.
488 1297 579 1331 Neque
601 1305 648 1322 vos
672 1304 755 1330 paeon
778 1300 822 1321 aut
845 1295 941 1321 herous
963 1294 1008 1320 ille

219 1334 366 1360 conturbet.
407 1334 460 1368 Ipsi
474 1338 611 1359 occurrent
624 1334 748 1365 orationi3
771 1333 831 1367 ipsi,
848 1333 966 1365 inquam,
979 1339 1007 1356 se

219 1370 326 1397 offerent
352 1375 377 1397 et
404 1370 602 1405 respondebunt
629 1379 680 1397 non
703 1371 797 1396 vocati.

220 1445 307 1471 verbis
331 1444 455 1471 liniantur
472 1453 617 1479 eorumque
637 1444 779 1470 verborum
798 1444 898 1470 iunctio
917 1451 1007 1469 nasca-

221 1487 262 1508 tur
279 1491 292 1508 a
312 1482 426 1516 proceris
443 1482 561 1507 numeris
581 1490 609 1507 ac
624 1481 723 1508 liberis.
740 1482 855 1507 maxime
870 1481 949 1506 heroo
963 1485 1007 1505 aut

219 1527 317 1553 paeone
335 1519 476 1553 posteriore
494 1523 539 1544 aut
555 1519 659 1549 cretico,
679 1518 726 1544 sed
744 1519 815 1544 varie
830 1518 1007 1552 distincteque

219 1555 347 1582 considat.

218 1593 389 1628 quiescendo.
430 1593 475 1623 Et,
491 1593 514 1619 si
528 1593 607 1627 primi
621 1597 646 1619 et
661 1593 785 1627 postremi
800 1592 839 1618 illi
853 1591 934 1626 pedes
945 1594 1007 1617 sunt

219 1630 267 1656 hac
285 1630 384 1656 ratione
403 1631 513 1661 servati,
535 1630 615 1656 medii
634 1634 746 1664 possunt
765 1629 856 1660 latere,
878 1628 956 1654 modo
975 1635 1007 1653 ne

218 1667 346 1693 circuitus
364 1667 421 1701 ipse
439 1667 580 1693 verborum
599 1667 633 1692 sit
647 1671 692 1692 aut
706 1667 819 1696 brevior,
835 1674 915 1700 quam
929 1673 1007 1691 aures

219 1708 384 1739 exspectent,
402 1709 447 1730 aut
461 1703 571 1739 longior,
587 1712 668 1738 quam
683 1704 752 1729 vires
767 1708 846 1737 atque
859 1703 946 1728 anima
961 1710 1007 1736 pa·
1028 1713 1029 1716 ¹

219 1742 307 1767 tiatur.
342 1741 371 1767 L.
395 1742 450 1766 ⁴92.
471 1740 610 1767 Clausulas
633 1744 720 1766 autem
748 1739 904 1775 diligentius
928 1739 1006 1765 etiam

219 1777 361 1804 servandas
375 1786 434 1803 esse
447 1778 565 1809 arbitror,
582 1786 662 1812 quam
676 1778 820 1812 superiora,
837 1776 909 1811 quod
923 1777 949 1802 in
965 1775 1006 1801 his

219 1815 334 1841 maxime
358 1814 482 1849 perfectio
505 1819 583 1849 atque
605 1814 737 1841 absolutio
757 1814 900 1840 iudicatur.
941 1813 1006 1839 Nam

220 1860 313 1878 versus
331 1860 414 1886 aeque
429 1853 514 1886 prima
531 1856 556 1878 et
575 1852 660 1878 media
678 1858 703 1877 et
717 1856 833 1877 extrema
848 1859 908 1885 pars
922 1854 1007 1876 atten-

218 1889 303 1920 ditur;
326 1889 372 1923 qui
391 1888 557 1920 debilitatur,
574 1889 600 1914 in
619 1896 788 1924 quacumque
802 1893 841 1914 est
855 1892 928 1922 parte
942 1887 1006 1913 titu-
1035 1910 1037 1912 .

219 1926 323 1952 hatum:
356 1926 382 1952 in
412 1926 527 1952 oratione
557 1930 644 1952 autem
670 1926 748 1960 pauci
774 1925 859 1960 prima
884 1928 1004 1955 cernunt,

219 1968 350 1998 postrema
369 1962 502 1998 plerique:
529 1971 610 1998 quae,
635 1963 760 1997 quoniam
779 1966 905 1997 apparent
922 1966 948 1987 et
964 1962 1007 1987 in-

219 2000 389 2036 telliguntur,
406 2000 530 2026 varianda
543 2004 614 2031 sunt,
631 2008 663 2026 ne
677 2004 721 2026 aut
735 2000 884 2025 animorum
898 1998 1006 2025 iudiciis
1028 2002 1036 2036 J]

744 2038 800 2063 193.
814 2037 871 2062 1)υο
881 2037 952 2062 enim
962 2039 1008 2062 aut
1028 2038 1029 2047 ¹

219 2079 272 2101 tres
290 2078 352 2100 sunt
370 2073 423 2100 fere
441 2075 551 2100 extremi
569 2073 692 2100 servandi
710 2078 735 2100 et
753 2073 860 2100 notandi
877 2072 968 2108 pedes,
983 2073 1008 2099 si
1028 2102 1029 2108 Ἰ

219 2037 394 2072 repudientur
407 2041 451 2063 aut
465 2037 569 2063 aurium
581 2037 708 2063 satietate.

219 2111 297 2138 modo
314 2120 365 2137 non
379 2111 498 2137 breviora
512 2115 537 2137 et
551 2111 667 2146 praecisa
677 2115 754 2137 erunt
767 2111 916 2145 superiora;
938 2118 1007 2145 quos

219 2153 263 2175 aut
277 2149 386 2175 choreos
400 2152 445 2174 aut
459 2148 552 2174 heroos
566 2151 612 2175 aut
625 2147 739 2174 alternos
753 2156 811 2174 esse
821 2147 952 2182 oportebit
962 2151 1008 2173 aut
1028 2154 1035 2185 ³:

219 2186 246 2211 in
258 2194 356 2220 paeone
370 2185 415 2211 illo
425 2185 577 2219 posteriore,
589 2193 670 2220 quem
681 2185 836 2211 Aristoteles
847 2184 948 2219 probat,
961 2187 1007 2210 aut

219 2223 242 2248 ei
263 2223 318 2257 pari
341 2223 444 2249 cretico.
484 2222 583 2249 Horum
605 2222 805 2249 vicissitudines
829 2222 956 2252 efficient,
977 2225 1007 2247 ut

220 2268 305 2294 neque
318 2260 337 2286 ii
351 2260 487 2290 satientur,
503 2260 550 2294 qui
564 2259 681 2290 audient,
695 2259 800 2286 fastidio
809 2258 1004 2290 similitudinis,

220 2305 267 2322 nec
284 2305 331 2323 nos
349 2296 389 2327 id,
410 2296 481 2331 quod
500 2296 640 2327 faciemus,
660 2305 739 2331 opera
757 2296 845 2322 dedita
864 2295 948 2322 facere
965 2295 1008 2321 vi-

220 2333 339 2360 deamur.
363 2334 419 2360 ⁴94.
439 2333 514 2366 Quod
528 2334 551 2359 si
565 2334 702 2368 Antipater
715 2333 759 2360 ille
773 2333 909 2364 Sidonius,
925 2341 1006 2367 quem

221 2374 248 2396 tu
263 2370 352 2404 probe,
369 2370 469 2401 Catule,
486 2371 640 2401 meministi,
657 2370 751 2397 solitus
765 2375 805 2397 est
818 2378 913 2396 versus
923 2369 1006 2396 hexa-

221 2411 316 2433 metros
333 2407 452 2442 aliosque
470 2408 550 2434 variis
570 2407 655 2434 modis
669 2412 749 2443 atque
763 2408 881 2433 numeris
896 2406 1007 2433 sundere

221 2451 253 2469 ex
267 2448 394 2478 tempore,
415 2449 571 2479 tantumque
589 2445 704 2471 hominis
718 2445 850 2480 ingeniosi
864 2453 893 2470 ac
906 2451 1008 2470 memo-

221 2480 256 2505 ris
275 2480 357 2507 valuit
375 2482 537 2512 exercitatio,
558 2485 600 2513 ut,
621 2490 706 2516 quum
723 2490 752 2508 se
767 2485 855 2507 mente
868 2489 898 2507 ac
911 2480 1007 2507 volun-

221 2521 272 2542 tate
285 2518 438 2544 coniecisset
449 2519 474 2544 in
486 2527 602 2549 versum,
614 2519 694 2545 verba
704 2523 892 2553 sequerentur,
908 2522 1007 2552 quanto

221 2553 248 2578 id
267 2552 370 2579 facilius
388 2555 414 2580 in
433 2555 560 2586 oratione,
577 2556 763 2582 exercitatione
777 2559 802 2581 et
814 2554 1007 2581 consuetudine

221 2589 346 2621 adhibita,
362 2593 568 2626 consequemur!

278 2628 333 2652 ⁴95.
355 2627 423 2653 Illud
437 2633 524 2654 autem
539 2637 571 2655 ne
585 2629 646 2664 quis
660 2629 813 2659 admiretur,
824 2636 940 2662 quonam
951 2637 1008 2654 mo-

221 2663 255 2689 do
268 2663 331 2689 haec
341 2664 439 2699 vulgus
449 2665 632 2699 imperitorum
642 2666 670 2692 in
680 2665 812 2692 audiendo
822 2670 906 2696 notet,
921 2674 1007 2699 quum
1028 2677 1037 2699 1?

837 1368 1008 1396 Consuetudo
1035 1375 1036 1380 ¹

220 1407 297 1434 modo
320 1407 364 1434 illa
383 1408 417 1434 sit
435 1408 567 1434 scribendi
586 1411 664 1442 atque
683 1407 802 1438 dicendi,
819 1411 849 1433 ut
862 1406 1007 1432 sententiae
1028 1432 1029 1440 Ἰ

388 1556 498 1582 Notatur
515 1556 586 1582 enim
604 1556 719 1582 maxime
737 1555 886 1581 similitudo
903 1555 931 1580 in
944 1562 1008 1580 con·
1028 1588 1029 1591 Ἰ

802 152 816 176 9
856 150 1251 176 M.T.C1‹:13nosts

1028 232 1036 238 *v
1059 221 1084 246 in
1100 221 1171 246 omni
1186 229 1291 254 genere.
1308 226 1364 246 tum
1379 221 1405 246 in
1420 220 1468 246 boc
1483 220 1540 255 ipso
1554 229 1648 253 magna
1662 220 1792 255 quaedam
1802 226 1842 247 est

1028 244 1037 295 ἸἸ
1059 258 1098 283 viu
1114 257 1331 292 incredibilisque
1347 261 1462 283 naturae.
1494 257 1592 283 Omnes
1606 258 1677 284 enim
1688 258 1766 284 tacito
1774 267 1842 293 quo-

1028 297 1036 329 Ὶζ
1057 294 1116 320 dum
1141 302 1220 320 sensu
1245 294 1303 320 uine
1322 294 1375 320 ulla
1393 299 1447 320 arte
1465 298 1509 320 aut
1527 295 1639 323 ratione.
1659 302 1728 329 quae
1744 295 1799 322 tint
1815 296 1842 322 in

1034 335 1035 342 ¹
1057 331 1158 356 artibus
1177 340 1206 356 ac
1224 331 1370 357 rationibus
1388 335 1456 357 recta
1475 339 1504 357 nc
1518 340 1606 366 prava,
1619 331 1780 364 diiudicant;
1802 331 1843 358 id-

1034 375 1035 398 ]
1057 377 1109 402 que
1127 376 1211 402 quum
1231 367 1330 394 faciunt
1348 368 1374 394 in
1394 368 1505 402 picturis
1523 373 1549 394 et
1566 368 1591 394 in
1606 369 1691 404 signin
1705 373 1731 395 et
1744 369 1772 395 in
1784 368 1843 395 aliis

1057 405 1195 439 operitiuzi,
1217 404 1248 430 ad
1267 413 1381 439 quorum
1400 405 1600 440 intelligentiam
1619 415 1632 431 a
1647 410 1738 432 natura
1753 406 1843 432 minus

1028 459 1035 471 s
1059 442 1155 467 liabent
1175 442 1357 472 instrumenti,
1377 446 1433 467 tum
1454 442 1537 468 multo
1555 442 1697 469 ostendunt
1717 443 1802 477 magis
1817 443 1843 469 in

1027 485 1029 499 ¹
1059 479 1212 509 verborum,
1234 488 1404 505 numerorum
1432 487 1581 514 vocumque
1599 479 1712 511 iudicim
1732 479 1844 514 quodea

1057 520 1119 541 sunt
1134 516 1159 541 in
1173 517 1361 542 communibus
1373 516 1451 542 infixa
1463 516 1586 542 sensibus
1598 524 1644 542 nec
1654 524 1744 542 earum
1756 525 1844 543 rerum

1057 561 1218 587 quemquam
1247 553 1368 579 {unditus
1394 557 1485 579 natura
1513 553 1597 579 voluit
1617 561 1675 579 csse
1697 557 1842 588 expertem.

1027 586 1035 627 ἡ
1060 591 1113 615 196.
1134 590 1222 624 ltaque
1241 599 1292 616 non
1311 590 1398 616 solum
1418 590 1506 616 verbis
1525 595 1579 616 arte
1597 590 1691 625 positis
1705 595 1844 617 moventur

1027 638 1035 660 η
1057 635 1161 657 omnes,
1188 636 1278 653 verum
1301 628 1379 653 etiam
1399 627 1516 653 numeris
1535 636 1564 653 ac
1583 627 1702 653 vocibus.
1742 626 1845 659 Quotus

1028 668 1036 710 Ἰὶ
1057 664 1127 689 enim
1150 664 1265 699 quisque
1288 669 1340 694 est,
1357 665 1403 699 qui
1421 669 1507 690 teneat
1525 669 1606 690 artem
1625 672 1796 691 numerorum
1815 673 1845 690 uc

1028 699 1036 741 Ἰ
1059 700 1214 727 modorum?
1234 702 1265 727 At
1285 702 1310 727 in
1331 701 1372 727 liis
1386 701 1409 727 si
1424 701 1544 736 paullum
1560 701 1638 728 modo
1649 701 1779 728 oss'enaum
1793 705 1842 731 eet,

1027 734 1035 766 J,
1058 742 1086 763 ut
1111 742 1156 764 aut
1181 739 1357 764 contractione
1380 738 1488 764 brevius
1510 738 1583 765 lieret
1605 743 1649 764 aut
1673 738 1844 773 productione

1059 774 1172 810 longiuS,
1189 775 1289 801 theatra
1303 779 1354 801 tota
1369 775 1520 802 reclamant.
1550 775 1628 808 Quid,
1646 775 1694 801 hoc
1709 784 1759 802 non
1774 775 1844 802 idem

1034 847 1035 850 Ἰ
1059 812 1086 837 lit
1104 813 1130 838 in
1151 812 1273 843 vocibus,
1295 817 1323 838 ut
1337 821 1350 838 a
1365 812 1536 839 multitudine
1550 818 1575 839 et
1588 812 1687 848 populo
1701 821 1752 839 non
1767 812 1846 839 modo

1057 853 1174 875 catervae
1193 853 1272 884 atque
1289 853 1441 880 concentus,
1461 850 1507 875 sed
1522 850 1599 876 etiam
1615 850 1665 884 ipsi
1679 850 1730 876 sibi
1745 849 1844 885 singuli

1028 909 1037 916 ,,
1057 885 1237 920 discrepantes
1256 886 1412 913 eiiciantur?
1432 887 1471 912 Ll.
1490 888 1546 913 ⁴97.
1563 887 1681 913 Mirabile
1699 891 1748 917 est,
1759 895 1844 922 quum

1028 938 1037 956 μ
1059 922 1204 957 plurimum
1220 924 1245 949 in
1262 923 1380 950 faciendo
1394 924 1497 950 intersit
1511 924 1577 950 inter
1586 924 1693 950 doctum
1704 928 1729 950 et
1740 923 1842 953 rudem.

1027 972 1037 1017 ,Ἰ
1058 969 1139 995 quam
1158 969 1209 986 non
1231 960 1346 986 multum
1363 960 1464 987 differat
1479 961 1504 987 in
1520 961 1671 987 iudicando.
1711 962 1760 987 Ars
1773 961 1844 987 enim

1058 1006 1142 1031 quum
1158 1006 1171 1023 a
1187 1002 1278 1024 natura
1293 997 1407 1032 prosecta
1421 998 1464 1028 sit,
1482 998 1532 1024 nisi
1543 1003 1634 1024 natura
1646 1002 1749 1024 moveat
1759 1006 1788 1024 ac
1799 997 1846 1024 d&

1028 1057 1037 1077 ,¹
1059 1034 1148 1066 lectet,
1172 1034 1238 1060 nibil
1257 1043 1320 1061 sane
1338 1036 1425 1070 egisse
1444 1035 1572 1061 videatur.
1613 1035 1685 1061 Nihil
1703 1039 1743 1061 est
1757 1039 1844 1061 autem

1036 1101 1037 1107 Ἰ
1059 1076 1111 1097 tam
1125 1076 1267 1107 cognatum
1282 1072 1417 1098 mentibus
1432 1072 1537 1103 uostris,
1553 1080 1634 1107 quam
1649 1072 1752 1098 numeri
1766 1076 1845 1107 atque

1059 1117 1149 1142 voces;
1177 1109 1277 1144 quibus
1291 1114 1316 1135 et
1327 1109 1473 1135 excitamur
1483 1114 1509 1135 et
1519 1109 1687 1135 incendimur
1696 1113 1721 1135 et
1731 1108 1846 1135 lenimur

1058 1150 1083 1171 et
1105 1145 1303 1181 languescimus
1325 1151 1350 1172 et
1372 1146 1405 1172 ad
1427 1146 1585 1172 hilaritatem
1607 1150 1634 1172 et
1655 1146 1688 1172 ad
1712 1146 1844 1173 tristitiam

1058 1190 1136 1217 saepe
1150 1183 1321 1210 deducimur:
1337 1191 1450 1218 quorum
1462 1183 1504 1209 illa
1514 1192 1619 1209 summa
1631 1184 1671 1209 vis
1681 1183 1845 1210 carminibus

1058 1224 1097 1246 est
1111 1221 1196 1255 aptior
1205 1225 1229 1247 et
1240 1220 1370 1251 cantibus,
1387 1229 1438 1247 non
1457 1220 1589 1256 neglecta,
1609 1225 1638 1246 ut
1653 1220 1718 1246 mihi
1730 1220 1843 1249 videtur,

1058 1266 1071 1282 a
1092 1258 1192 1289 Numa,
1214 1266 1276 1293 rege
1295 1257 1462 1288 doctissimo,
1478 1257 1676 1292 maioribusque
1691 1257 1800 1288 nostris,
1817 1262 1846 1283 ut

1058 1294 1196 1329 epularum
1221 1295 1392 1321 sollemnium
1416 1294 1480 1320 fides
1500 1303 1529 1320 ac
1548 1295 1640 1325 tibiae,
1660 1294 1846 1329 Saliorumque

1058 1341 1153 1358 versus
1171 1332 1301 1364 indicant,
1324 1332 1438 1358 maxime
1449 1336 1536 1358 autem
1551 1340 1565 1357 a
1579 1331 1688 1358 Graecia
1703 1336 1790 1358 vetere
1802 1339 1846 1357 ce-

1059 1369 1166 1395 lebrata.
1210 1368 1324 1405 [Quibus
1354 1369 1455 1394 utinam
1486 1368 1677 1403 similibusque
1703 1368 1736 1395 de
1766 1368 1846 1395 rebus

1058 1406 1202 1441 disputari,
1218 1414 1299 1441 quam
1317 1405 1350 1432 de
1372 1405 1522 1440 puerilibus
1543 1405 1586 1432 his
1608 1405 1749 1432 verborum
1768 1405 1846 1432 trala-

1058 1444 1175 1470 tionibus
1195 1442 1357 1469 maluissetis
1366 1441 1383 1479 1]
1412 1444 1466 1469 198.
1487 1443 1584 1469 Verum
1602 1447 1631 1469 ut
1650 1443 1677 1469 in
1692 1451 1771 1469 versu
1785 1442 1847 1469 vul-

1057 1489 1121 1516 gus,
1142 1481 1165 1506 si
1183 1485 1223 1506 est
1242 1484 1392 1515 peccatum,
1414 1479 1498 1511 videt,
1518 1480 1570 1511 sie,
1587 1480 1610 1506 si
1628 1480 1695 1515 quid
1711 1480 1740 1506 in
1757 1484 1845 1507 nostra

1057 1518 1173 1544 oratione
1191 1517 1334 1548 claudicat,
1355 1517 1444 1543 sentit.
1485 1516 1538 1543 Sed
1552 1521 1645 1552 poetae
1660 1525 1710 1544 non
1721 1517 1843 1553 ignoscit,

1059 1555 1134 1581 nobis
1152 1554 1286 1587 concedit3
1309 1555 1386 1580 tacite
1404 1558 1492 1580 tamen
1509 1563 1601 1580 omnes
1620 1563 1671 1580 non
1689 1563 1748 1581 esse
1766 1553 1842 1583 illud,

1059 1591 1132 1626 quod
1145 1591 1274 1622 diximus,
1290 1595 1381 1625 aptum
1396 1590 1598 1626 perfectumque
1611 1596 1732 1618 cernunt.
1754 1591 1846 1626 Itaque

1057 1628 1097 1654 illi
1119 1633 1233 1659 veteres,
1259 1629 1328 1654 sicut
1350 1627 1429 1654 hodie
1451 1629 1530 1654 etiam
1551 1627 1692 1655 nonnullos
1709 1627 1843 1659 videmus,

1057 1674 1141 1700 quum
1159 1665 1300 1691 circuitum
1317 1669 1343 1691 et
1359 1665 1437 1700 quasi
1454 1665 1545 1692 orbem
1563 1665 1704 1692 verborum
1718 1665 1846 1692 conficere

1058 1711 1109 1729 non
1132 1706 1253 1737 possent,
1282 1702 1354 1737 (nam
1371 1702 1399 1728 id
1416 1702 1526 1737 quidem
1544 1711 1630 1736 nuper
1647 1702 1689 1729 vel
1707 1711 1785 1737 posse
1803 1702 1844 1728 vel

1034 1766 1035 1769 ,
1057 1739 1153 1766 audere
1167 1739 1325 1774 coepimus,)
1339 1743 1410 1765 terna
1425 1744 1469 1765 aut
1481 1739 1542 1765 bina
1553 1744 1598 1765 aut
1608 1739 1729 1766 nonnulli
1740 1739 1845 1775 singula

1028 1776 1035 1815 Ἰῖ
1057 1777 1136 1803 etiam
1159 1776 1239 1802 verba
1260 1776 1397 1803 dicebant:
1425 1777 1472 1811 qui
1491 1777 1518 1802 in
1536 1776 1582 1802 illa
1599 1776 1710 1803 infantia
1728 1775 1846 1803 naturale

1034 1810 1035 1819 ¹
1057 1814 1138 1844 illud,
1165 1813 1238 1848 quod
1265 1822 1342 1840 aures
1372 1813 1510 1840 hominum
1534 1812 1697 1849 flagitabant,
1723 1813 1846 1840 tenebant

1058 1856 1157 1882 tamen,
1177 1855 1206 1877 ut
1223 1855 1248 1877 et
1265 1850 1311 1876 illa
1329 1855 1418 1877 essent
1436 1851 1521 1885 paria,
1540 1859 1608 1886 quae
1622 1850 1748 1882 dicerent,
1763 1855 1789 1877 et
1802 1858 1846 1876 ae-

1057 1888 1183 1923 qualibus
1197 1888 1457 1922 interspirationibus
1472 1891 1618 1914 uterentur.

1113 1926 1166 1951 Lll.
1189 1926 1245 1951 199.
1260 1925 1380 1959 Exposui
1395 1924 1456 1955 fere,
1472 1929 1501 1951 ut
1514 1925 1597 1959 potui,
1609 1932 1677 1959 quae
1687 1925 1802 1950 maxime
1812 1924 1845 1950 ad

1028 1955 1036 1980 i*
1056 1966 1178 1988 ornatum
1201 1963 1325 1988 orationis
1349 1962 1480 1997 pertinere
1497 1961 1652 1988 arbitrabar.
1692 1962 1751 1987 Dixi
1773 1962 1844 1988 enim

1057 1999 1089 2025 de
1103 1999 1271 2034 singulorum
1286 1998 1363 2025 laude
1377 1999 1528 2030 verborum,
1543 1998 1600 2025 dixi
1614 1998 1647 2025 de
1659 1998 1846 2025 coniunctione

1057 2045 1162 2067 eorum,
1183 2036 1239 2062 dixi
1257 2036 1291 2062 de
1309 2044 1420 2062 numero
1437 2040 1516 2070 atque
1535 2035 1627 2062 forma.
1667 2035 1719 2062 Sed
1731 2036 1755 2062 si
1769 2035 1846 2062 habi·

1058 2078 1114 2100 tum
1132 2073 1257 2100 orationis
1275 2074 1354 2099 etiam
1368 2077 1393 2099 et
1406 2073 1483 2107 quasi
1497 2072 1611 2099 colorem
1625 2072 1742 2107 aliquem
1755 2072 1846 2107 requi-

1034 2109 1035 2141 }
1057 2111 1128 2142 ritis,
1148 2114 1188 2137 est
1200 2114 1225 2136 et
1240 2109 1318 2145 plana
1335 2110 1479 2144 quaedam,
1499 2109 1547 2136 sed
1565 2114 1652 2136 tamen
1665 2114 1747 2142 teres3
1768 2113 1794 2135 et
1807 2114 1846 2136 te-

1057 2148 1132 2178 nuis,
1153 2155 1205 2173 non
1218 2148 1275 2173 sine
1293 2147 1382 2173 nervis
1399 2155 1429 2173 ac
1448 2147 1564 2179 viribus3
1586 2151 1611 2173 et
1624 2155 1666 2178 ea,
1681 2155 1750 2182 quae
1763 2146 1845 2181 parti-

1029 1132 1037 1144 .l

1027 2182 1036 2215 Ἰν
1057 2193 1119 2219 ceps
1141 2185 1283 2219 utriusque
1299 2185 1405 2219 generis
1422 2184 1538 2218 quadam
1556 2183 1736 2210 mediocritate
1753 2182 1845 2209 lauda-

1027 2216 1036 2250 Ὗ
1057 2227 1108 2248 tur.
1148 2221 1195 2247 His
1212 2221 1298 2247 tribus
1316 2221 1409 2256 liguris
1426 2221 1542 2247 insidere
1558 2220 1668 2255 quidam
1686 2220 1843 2251 venustatis,

1034 2252 1035 2275 ³
1057 2266 1109 2285 non
1132 2257 1194 2284 fuco
1211 2257 1308 2289 illitus,
1329 2258 1376 2284 sed
1394 2258 1523 2294 sanguine
1540 2257 1654 2284 diffusus
1672 2256 1751 2284 debet
1763 2257 1842 2284 color.

1057 2297 1115 2322 200.
1137 2295 1204 2321 Tum
1219 2295 1335 2329 denique
1349 2295 1424 2322 nobis
1438 2295 1482 2321 hic
1494 2299 1578 2321 orator
1591 2295 1627 2320 ita
1639 2293 1844 2320 conformandus

1057 2337 1097 2359 est
1118 2336 1143 2358 et
1166 2332 1254 2358 verbis
1272 2336 1298 2358 et
1314 2332 1465 2363 sententiis,
1490 2336 1532 2363 ut,
1552 2330 1779 2366 quemadmodum
1796 2331 1844 2366 qui

1058 2374 1169 2396 utuntur
1186 2369 1267 2395 armis
1284 2373 1329 2395 aut
1346 2368 1489 2404 palaestra,
1509 2376 1561 2395 non
1574 2367 1662 2394 solum
1675 2368 1729 2394 sibi
1742 2367 1844 2394 n'tandi

1057 2411 1102 2432 aut
1129 2405 1238 2432 feriendi
1267 2407 1394 2432 rationem
1416 2413 1475 2432 esse
1495 2404 1645 2431 habendam
1667 2409 1772 2439 putant,
1796 2404 1844 2431 sed

1057 2444 1148 2474 etiam,
1169 2447 1198 2469 ut
1211 2451 1273 2469 cum
1287 2447 1425 2469 venustate
1437 2446 1606 2474 moveantur3
1628 2442 1667 2468 sic
1680 2441 1770 2468 verbis
1782 2441 1843 2476 qui-

1057 2480 1118 2506 dem
1135 2480 1169 2506 ad
1186 2484 1274 2514 aptam
1291 2479 1510 2514 compositionem
1527 2483 1552 2505 et
1565 2478 1721 2509 decentiam,
1736 2483 1843 2505 senten-

1057 2518 1101 2543 tiis
1120 2525 1181 2543 vero
1199 2516 1232 2543 ad
1247 2517 1404 2552 gravitatem
1416 2515 1540 2542 orationis
1554 2520 1644 2542 utatur
1658 2514 1698 2552 [ut
1711 2515 1738 2546 ii,
1754 2515 1802 2550 qui
1815 2515 1843 2541 in

1034 2577 1036 2582 ,
1057 2562 1191 2580 armorum
1216 2554 1368 2580 tractatione
1393 2551 1552 2588 versantur}
1597 2554 1655 2580 201.
1686 2552 1844 2578 Formantur

1028 2586 1036 2620 ll
1057 2595 1145 2617 autem
1163 2595 1188 2616 et
1206 2590 1286 2616 verba
1303 2594 1329 2616 et
1345 2590 1490 2616 sententiae
1507 2597 1590 2624 paene
1603 2587 1840 2619 innumerabiliter,

1028 2623 1036 2667 'f
1056 2627 1129 2662 quod
1147 2628 1211 2653 satis
1228 2627 1284 2653 scio
1300 2632 1391 2654 notum
1409 2635 1468 2652 esse
1485 2626 1576 2659 vobis3
1597 2626 1646 2653 sed
1657 2627 1726 2652 inter
1739 2624 1842 2652 confor-

1057 2665 1198 2691 mationem
1225 2663 1365 2696 verborum
1391 2667 1418 2689 et
1438 2664 1629 2690 sententiarum
1651 2663 1701 2689 hoc
1721 2663 1840 2694 interest,
