1941 3052
629 142 835 170 ORATOR.
870 143 1144 170 CAP.30—-37.
1659 148 1698 172 171

71 213 205 248 siquidem
224 213 342 240 definitio
359 218 399 239 est
416 214 511 245 oratio,
535 222 617 249 quae,
642 214 708 249 quid
723 215 757 240 sit
771 214 807 245 id,
831 213 864 240 de

71 259 125 286 quo
139 251 234 286 agitur,
251 251 365 277 ostendit
378 259 459 285 quam
471 252 638 277 brevissime.
665 252 742 282 Tum,
757 256 786 277 ut
800 251 861 282 scis,

71 287 202 323 explicato
218 297 314 324 genere
332 289 464 323 cuiusque
482 289 532 319 rei,
557 289 704 315 videndum
723 293 774 319 est,
795 297 863 323 quae

71 327 124 352 sint
142 327 200 352 eius
219 326 324 361 generis
342 326 399 351 sive
418 326 516 352 formae
535 326 592 352 sive
610 330 710 360 partes,
732 330 761 352 ut
778 326 805 352 in
820 334 863 351 eas

72 363 204 389 tribuatur
221 364 307 389 omnis
325 364 417 389 oratio.
459 364 516 389 117.
532 364 588 389 Erit
606 364 688 399 igitur
702 363 766 389 haee
780 362 864 389 sacul-

71 404 110 426 tas
123 401 151 426 in
165 408 204 430 eo,
221 409 301 435 quem
316 400 441 426 volumus
452 409 510 426 esse
521 400 698 435 eloquentem,
715 404 744 426 ut
754 400 863 426 definire

71 445 126 463 rem
149 438 245 472 possit,
270 446 357 472 neque
380 437 407 463 id
425 437 502 464 faciat
519 442 571 464 tam
590 446 680 472 presse
698 442 723 463 et
741 442 860 473 anguste,

70 483 151 509 quam
165 475 192 500 in
207 474 260 500 illis
274 475 464 501 eruditissimis
479 475 705 510 disputationibus
721 475 775 500 ficri
786 474 860 505 solet,

71 511 117 538 sed
131 520 216 546 quum
231 512 406 546 explanatius,
420 517 477 538 tum
492 513 571 539 etiam
586 513 695 538 uberius
709 516 735 538 et
748 512 781 538 ad
791 520 864 537 com-

70 557 151 575 mune
166 549 296 575 iudicium
311 549 520 585 popularemque
538 549 741 584 intelligentiam
761 557 863 574 accom-

70 586 212 613 modatius.
246 587 374 622 Idemque
387 588 475 618 etiam,
491 596 576 622 quum
591 595 631 612 res
646 585 800 620 postulabit,
816 594 863 621 ge-

70 632 121 650 nus
135 625 293 650 universum
305 625 332 650 in
343 625 446 659 species
456 629 548 655 certas,
561 628 590 649 ut
600 623 673 649 nulla
686 632 772 657 neque
786 631 863 657 prae-

70 661 229 687 termittatur
254 670 341 696 neque
370 661 511 692 redundet,
541 661 668 695 partietur
694 669 723 686 ac
749 660 860 686 dividet.

69 697 181 730 Quando
198 703 286 725 autem
304 698 333 724 id
350 698 428 724 faciat
445 703 490 724 aut
507 698 654 732 quomodo,
675 697 741 723 nihil
761 697 793 723 ad
813 697 862 723 hoc

69 740 185 770 tempus,
205 736 344 770 quoniam,
369 740 398 761 ut
416 744 495 770 supra
510 736 580 766 dixi,
604 735 720 761 iudicem
736 743 777 760 me
791 743 858 765 esse,

69 781 121 799 non
139 773 272 799 doctorem
290 772 359 799 volo.
395 774 451 798 118.
468 773 521 799 Nec
539 781 601 799 vero
619 772 764 798 dialecticis
783 772 862 798 modo

69 810 103 836 sit
116 810 275 841 instructus,
295 810 343 836 sed
360 809 455 836 habeat
472 819 564 836 omnes
583 809 767 844 philosophiae
786 814 861 835 notos

68 855 98 873 ac
115 851 236 874 tractatos
256 847 335 874 locos.
371 847 443 873 Nihil
458 848 529 873 enim
543 847 575 873 de
589 847 729 882 religione,
747 847 812 873 nihil
828 847 860 872 de

68 888 160 916 morte,
176 884 243 911 nihil
258 885 291 911 de
304 885 409 919 pietate,
426 885 493 911 nihil
504 885 536 910 de
546 885 652 911 caritate
667 884 774 918 patriae,
791 884 859 910 nihil

67 921 100 948 de
114 922 191 948 bonis
209 922 289 949 rebus
303 926 349 948 aut
362 922 452 953 malis,
474 922 540 948 nihil
555 922 587 948 de
601 922 747 948 virtutibus
761 926 806 947 aut
820 922 860 947 vi-

68 959 125 991 tiis,
145 960 212 986 nihil
231 959 264 986 de
282 959 382 991 officio,
403 959 470 986 nihil
485 960 518 985 de
531 959 633 990 dolore,
654 959 720 985 nihil
736 959 768 985 de
783 959 860 985 volu-

67 1000 150 1032 ptate,
172 996 238 1024 nihil
257 997 290 1023 de
308 997 552 1032 perturbationibus
570 997 652 1023 animi
671 1000 696 1022 et
714 997 857 1028 erroribus,

67 1043 135 1069 quae
153 1043 232 1069 saepe
249 1034 347 1061 cadunt
360 1035 387 1061 in
402 1043 522 1066 caussas,
539 1034 586 1061 sed
600 1035 718 1060 ieiunius
733 1039 856 1069 aguntur,

67 1071 143 1103 nihil,
159 1073 279 1107 inquam,
295 1073 353 1098 sine
364 1081 394 1098 ea
408 1073 531 1103 scientia,
554 1080 635 1107 quam
649 1071 715 1103 dixi,
732 1072 857 1107 graviter,

67 1109 162 1144 ample,
179 1110 285 1144 copiose
299 1110 351 1136 dici
366 1114 391 1136 et
405 1109 531 1144 explicari
545 1114 640 1144 potest.

122 1147 245 1174 XXXIV.
263 1149 319 1173 119.
334 1147 370 1173 De
389 1148 496 1174 materia
517 1147 610 1182 loquor
631 1146 757 1173 orationis
780 1147 858 1172 etiam

67 1193 149 1216 nune,
170 1193 222 1211 non
239 1185 298 1219 ipso
316 1184 349 1211 de
367 1193 464 1220 genere
482 1185 601 1217 dicendi,
624 1184 684 1211 volo
697 1185 768 1210 enim
784 1185 858 1219 prius

66 1222 161 1248 habeat
174 1226 259 1249 orator
272 1231 335 1253 rem,
352 1222 386 1248 de
399 1231 453 1257 qua
466 1222 543 1253 dicat,
557 1222 666 1258 dignam
677 1222 788 1248 auribus
798 1230 859 1248 eru-

66 1260 137 1291 ditis,
153 1268 234 1294 quam
248 1260 357 1296 cogitet,
378 1260 478 1295 quibus
492 1260 581 1287 verbis
595 1259 717 1294 quidque
731 1259 801 1285 dicat
814 1264 860 1285 aut

66 1296 208 1332 quomodo.
234 1296 318 1329 Quem
333 1298 420 1328 etiam,
437 1306 491 1332 quo
504 1297 630 1333 grandior
643 1297 677 1323 sit
691 1301 716 1323 et
729 1297 860 1331 quodam-

65 1334 144 1361 modo
157 1333 294 1366 excelsior,
312 1339 341 1361 ut
354 1335 386 1360 de
399 1334 499 1361 Pericle
513 1335 569 1361 dixi
584 1343 674 1369 supra,
691 1343 724 1360 ne
734 1335 860 1369 physico-

66 1381 125 1398 rum
148 1372 257 1406 quidem
280 1380 338 1398 esse
359 1372 482 1407 ignarum
505 1372 573 1398 volo.
614 1372 710 1398 Omnia
732 1371 856 1406 prolecto,

65 1418 148 1444 quum
164 1417 193 1435 se
207 1418 220 1435 a
234 1409 393 1435 caelestibus
408 1410 488 1436 rebus
502 1409 596 1436 referet
609 1409 642 1435 ad
657 1409 796 1440 humanas,
813 1418 859 1435 ex-

65 1447 163 1473 celsius
185 1446 454 1482 magnificentiusque
476 1451 501 1473 et
524 1447 594 1473 dicet
611 1451 636 1473 et
654 1447 758 1472 sentiet.
801 1448 856 1473 4⁶20.

64 1483 209 1519 Quumque
223 1484 268 1510 illa
282 1484 372 1510 divina
386 1484 548 1519 cognoverit,
562 1483 622 1510 nolo
633 1484 735 1519 ignoret
748 1492 780 1509 ne
795 1483 858 1510 haec

64 1521 174 1556 quidem
190 1521 315 1548 humana.
337 1522 381 1548 Ius
395 1521 474 1548 civile
488 1526 582 1552 teneat,
599 1530 652 1556 quo
662 1526 858 1556 egentcaussae

65 1558 182 1585 forenses
196 1558 325 1593 quotidie.
347 1558 418 1591 Quid
431 1563 471 1585 est
484 1559 555 1585 enim
571 1559 685 1593 turpius,
699 1567 779 1593 (1113111
793 1558 859 1593 legi—

64 1596 189 1622 timarum
200 1600 225 1622 et
234 1595 356 1622 civilium
368 1597 607 1622 controversiarum
618 1597 761 1631 patrocinia
771 1596 858 1621 susci-

65 1642 135 1668 pere,
151 1641 236 1668 quum
250 1633 288 1659 sis
303 1633 393 1669 legum
404 1638 429 1660 et
439 1633 526 1660 civilis
536 1634 602 1659 iuris
615 1633 741 1669 ignarus‘?
755 1634 858 1668 Cogno-

65 1675 120 1697 scat
133 1671 212 1697 etiam
227 1679 314 1697 rerum
329 1675 465 1705 gestarum
480 1675 505 1697 et
519 1671 661 1697 memoriae
676 1671 772 1696 veteris
787 1670 858 1696 ordi-

65 1716 138 1740 nem,
155 1709 270 1734 maxime
288 1708 390 1735 scilicet
407 1713 511 1735 nostrae
528 1709 656 1738 civitatis,
673 1708 719 1734 sed
734 1712 758 1734 et
773 1708 858 1742 impe-

64 1747 194 1772 riosorum
214 1745 374 1780 populorum
393 1751 418 1772 et
432 1754 525 1782 regum
540 1745 701 1778 illustrium,
724 1754 804 1780 quem
821 1745 858 1771 la-

64 1783 154 1810 borem
169 1783 245 1810 nobis
259 1783 337 1810 Attici
353 1783 433 1810 nostri
450 1783 547 1809 levavit
562 1783 642 1813 labor,
659 1783 706 1817 qui
718 1791 858 1809 conserva-

64 1821 97 1847 tis
113 1821 262 1856 notatisque
276 1821 456 1856 temporibus,
477 1820 544 1847 nihil
563 1829 648 1855 quum
662 1820 767 1847 illustre
783 1829 858 1854 prac-

65 1858 229 1889 termitteret,
246 1866 375 1885 annorum
391 1858 619 1894 septingentorum
635 1858 789 1884 memoriam
806 1866 857 1883 uno

65 1895 131 1922 libro
149 1895 293 1931 colligavit,
334 1896 442 1922 Nescire
465 1900 566 1927 autem,
591 1895 658 1930 quid
680 1899 755 1921 antea
775 1904 856 1930 quam

65 1937 141 1959 natus
155 1933 193 1959 sis
207 1933 339 1964 acciderit,
355 1933 383 1959 id
397 1937 436 1959 est
451 1941 557 1967 semper
570 1941 628 1958 esse
642 1941 766 1967 puerum.
786 1932 857 1964 Quid

64 1971 134 1996 enim
149 1975 189 1996 est
201 1974 272 1997 aetas
287 1970 412 2002 hominis,
429 1971 480 1996 nisi
496 1971 622 1996 memoria
636 1979 723 1996 rerum
736 1974 856 1996 veterum
886 1997 887 2003 1

909 2016 997 2037 verso,
1023 2011 1088 2033 totas
1108 2016 1215 2033 caussas
1234 2016 1312 2042 saepe
1334 2009 1459 2034 continet.

885 2044 887 2048 '
908 2045 978 2071 enim
994 2044 1076 2076 illud,
1097 2045 1124 2071 in
1138 2053 1192 2079 quo
1206 2046 1283 2079 quasi
1298 2050 1430 2072 certamen
1445 2050 1485 2072 est
1498 2047 1699 2076 controversiae,

885 2094 887 2110 ῑ
908 2082 979 2117 quod
999 2082 1098 2108 Graece
1112 2082 1262 2117 κρινόμενον
1277 2082 1386 2113 (111-11111,
1404 2083 1430 2109 111
1445 2083 1478 2109 113
1493 2083 1544 2109 dici
1561 2084 1657 2118 placet,
1675 2090 1702 2110 nt

63 2016 123 2034 cum
139 2008 323 2042 superioribus
341 2007 509 2034 contexitur?
529 2007 748 2033 Commemoratio
769 2012 856 2033 31110111

63 2045 227 2079 antiquitatis
242 2045 481 2079 exemplorumque
496 2044 606 2079 prolatio
620 2053 725 2070 summa
739 2053 800 2070 cum
811 2044 858 2071 de-

65 2081 201 2108 lectatione
216 2086 241 2108 et
255 2083 436 2108 anctoritatem
451 2082 560 2108 orationi
576 2082 649 2108 affert
662 2086 687 2108 et
701 2081 790 2107 tidem.

120 2120 176 2145 tet.
194 2119 237 2144 Sic
251 2119 334 2154 igitur
346 2119 494 2145 instructus
509 2119 597 2145 veniet
608 2119 640 2145 ad
652 2127 774 2145 caussas:
790 2127 858 2154 qua-

64 2165 122 2182 rum
138 2156 246 2182 habebit
258 2164 354 2192 genera
369 2157 486 2191 primum
500 2157 558 2191 ipsa
572 2157 685 2191 cognita.
716 2157 772 2182 Erit
786 2158 856 2183 enim

63 2194 86 2219 ei
105 2198 288 2229 perspectum,
310 2194 376 2220 nihil
396 2193 496 2229 ambigi
516 2202 606 2228 posse,
629 2194 654 2219 in
673 2202 726 2228 quo
746 2203 797 2220 non
813 2198 858 2220 aut

64 2239 105 2257 res
123 2232 328 2257 controversiam
349 2230 425 2257 saciat
443 2235 487 2257 aut
502 2231 595 2257 verba:
622 2239 662 2257 res
681 2236 726 2257 aut
744 2231 776 2257 (10
796 2240 858 2257 vero

63 2272 108 2294 aut
126 2268 159 2294 de
176 2273 246 2294 recto
261 2273 306 2295 ant
324 2268 357 2294 de
376 2269 495 2294 nomine:
518 2268 598 2294 verba
616 2272 661 2294 aut
680 2268 713 2294 de
730 2269 858 2304 ambiguo

63 2309 108 2332 aut
121 2305 154 2332 do
168 2307 306 2332 contrario.
348 2306 414 2331 Nam
434 2306 456 2331 si
475 2305 583 2340 qnando
596 2305 670 2331 aliud
685 2306 710 2331 in
726 2307 856 2332 sententia

64 2342 169 2369 videtur
182 2351 250 2375 esse,
266 2343 338 2369 aliud
354 2344 380 2369 in
396 2343 492 2373 verbis,
509 2351 594 2377 genus
605 2347 644 2368 est
654 2343 788 2377 quoddam
801 2352 857 2369 am-
877 2369 878 2377 ,

63 2379 152 2415 bigni,
172 2380 244 2415 quod
263 2389 296 2407 ex
314 2381 453 2415 praeterito
471 2380 553 2406 verbo
572 2380 627 2405 lieri
646 2379 725 2411 solet,
746 2381 773 2406 in
791 2389 854 2415 quo,
877 2406 878 2410 ,

63 2416 134 2452 quod
149 2422 189 2443 est
202 2418 387 2453 ambiguorum
403 2418 554 2452 proprium,
576 2426 617 2443 res
631 2417 698 2443 duas
712 2418 855 2453 signiticari
877 2424 878 2432 ¹

223 2455 335 2481 XXXV.
353 2457 410 2482 ⁴⁵22.
425 2456 514 2487 Quum
529 2459 581 2480 tam
596 2463 678 2489 panca
693 2455 746 2481 sint
760 2464 855 2490 genera
877 2458 878 2485 ζ

259 2493 337 2518 etiam
364 2497 581 2528 argumentorum
608 2496 745 2526 praecepta
773 2501 854 2526 pauca
876 2516 877 2520 ,

63 2453 196 2480 videmus.

63 2499 230 2522 caussarum,

63 2533 133 2555 sunt.
166 2529 264 2556 Traditi
283 2534 358 2561 511111,
379 2538 393 2556 e
411 2530 511 2564 quihus
530 2538 558 2555 03
577 2529 716 2560 ducantur,
733 2529 855 2563 duplices

65 2564 126 2592 loci:
149 2567 196 2592 uni
215 2575 228 2593 0
247 2567 327 2593 iebus
345 2567 425 2602 ipsis,
450 2567 523 2593 alteri
543 2567 684 2600 assumpti.

62 2602 145 2645 igitur
157 2612 245 2630 rerum
260 2603 340 2630 eflicit
354 2604 578 2630 admirabiliorem
593 2604 746 2629 orationem.

63 2676 132 2709 Quid
147 2679 216 2705 enim
231 2679 282 2704 iam
297 2679 431 2714 sequitur,
451 2679 523 2713 quod
542 2678 651 2713 quidem
666 2679 728 2704 artis
743 2678 785 2709 sit
804 2678 853 2704 nisi

725 2567 855 2592 Tractatio
876 2562 877 2592 J

789 2604 854 2629 Nam
876 2630 877 2635 ,

63 2639 136 2674 ipsae
153 2641 262 2684 quidem
281 2649 322 2667 res
342 2641 368 2668 in
391 2641 509 2676 perfacili
532 2641 682 2676 cognitione
706 2645 853 2667 versantur.
875 2655 877 2669 s

915 214 995 240 ordiri
1014 215 1170 245 orationem,
1191 215 1218 241 in
1237 223 1290 249 quo
1309 219 1354 241 aut
1372 214 1526 241 concilietur
1544 215 1648 242 auditor
1662 222 1706 243 aut

915 252 1030 286 erigatur
1044 256 1089 277 aut
1103 256 1175 286 paret
1189 260 1217 278 se
1231 253 1263 278 ad
1277 252 1449 285 discendum,
1466 261 1521 279 rem
1536 253 1651 279 breviter
1660 263 1706 280 ex-

915 297 1011 322 ponere
1025 294 1050 314 et
1064 289 1236 323 probabiliter
1249 294 1275 315 et
1288 294 1384 324 aperte,
1406 294 1443 320 ut,
1464 290 1531 324 quid
1548 295 1648 325 agatur,
1665 292 1706 317 in-

916 325 998 361 telligi
1022 327 1118 360 possit,
1141 335 1189 352 sua
1211 327 1378 359 confirmare,
1401 327 1550 353 adversaria
1574 333 1704 359 evertere,

915 371 998 397 caque
1014 363 1116 389 efficere
1131 372 1182 389 non
1198 364 1357 398 perturbate,
1374 364 1421 390 sed
1435 364 1550 400 singulis
1565 374 1707 400 argumen-

915 400 1059 426 tationibus
1074 401 1108 427 ita
1122 401 1321 432 concludendis,
1335 406 1363 427 ut
1375 401 1504 428 efficiatur
1514 402 1586 436 quod
1600 403 1634 428 sit
1644 412 1707 429 con-

915 446 1030 471 sequens
1045 438 1090 468 iis,
1107 447 1175 472 quae
1194 443 1333 464 sumentur
1347 439 1380 464 ad
1393 448 1528 474 quamque
1543 448 1598 465 rem
1612 440 1707 466 confir-

915 474 1051 507 mandam,
1083 480 1141 509 post
1168 477 1255 501 omnia
1280 476 1470 510 perorationem
1498 476 1706 504 inflammantem

914 512 1158 547 restinguentemve
1172 513 1346 539 concludere?
1366 514 1417 539 Has
1431 518 1518 548 partes
1533 515 1707 549 quemadmo—

915 549 979 574 dum
995 553 1085 575 tractet
1099 549 1228 584 singulas,
1245 550 1354 576 difficile
1368 551 1440 577 dictu
1455 556 1494 577 est
1508 552 1557 577 hoc
1572 551 1636 578 loco,
1653 553 1707 578 Nec

914 587 984 612 enim
999 595 1104 621 semper
1119 591 1261 613 tractantur
1275 597 1328 613 uno
1338 588 1424 614 modo.
1449 590 1505 614 423.
1518 588 1647 620 Quoniam
1659 598 1707 615 au-

914 628 966 648 tem
982 632 1041 654 non,
1058 632 1138 665 quem
1154 624 1274 655 doceam,
1297 633 1407 659 quaero
1425 626 1471 651 sed
1486 635 1565 660 quem
1581 627 1703 660 probem.

914 660 1030 694 probabo
1040 661 1157 694 primum
1169 669 1239 692 eum,
1253 663 1310 696 qui,
1323 662 1388 696 quid
1400 662 1498 693 deceat,
1513 663 1622 689 111101111.
1639 664 1706 690 Haec

913 698 983 723 enim
999 698 1127 732 sapientia
1147 699 1263 724 maxime
1281 699 1430 725 adhibenda
1450 700 1583 735 eloquenti
1603 706 1654 731 est,
1677 706 1706 727 ut

913 735 947 760 sit
961 739 1110 769 temporum
1130 744 1357 770 personarumque
1375 737 1530 763 moderator.
1571 739 1637 764 Nam
1659 747 1706 764 nec

912 780 1017 806 semper
1036 781 1083 798 nec
1101 773 1172 807 apud
1190 782 1281 799 omnes
1300 782 1347 799 nec
1365 778 1453 800 contra
1472 784 1562 801 omnes
1587 784 1632 801 1101·
1659 784 1706 810 pro

912 810 1037 835 omnihus
1057 818 1103 835 nec
1121 811 1247 836 omnibus
1265 811 1357 836 eodem
1377 811 1454 837 modo
1473 812 1615 838 dicendum
1635 814 1706 838 arbi-

912 851 974 872 tror.
996 847 1120 873 XXXVI.
1136 848 1160 873 Is
1174 848 1223 874 erit
1236 857 1298 883 ergo
1312 848 1448 883 eloquens,
1464 850 1510 883 qui
1525 850 1557 875 ad
1573 850 1607 877 111,
1620 850 1706 884 qnod-

912 892 1028 918 cumque
1060 884 1176 915 decebit,
1206 886 1300 919 poterit
1327 886 1523 912 accommodare
1549 888 1703 913 orationem.

911 921 987 953 Quod
1001 930 1085 956 quum
1101 923 1229 953 statuerit,
1244 926 1310 953 tum,
1324 927 1353 949 ut
1364 923 1483 958 quidque
1494 925 1541 950 erit
1551 924 1703 955 dicendum,

911 959 945 984 ita
960 959 1041 990 dicet,
1067 968 1114 985 nec
1133 964 1220 986 satura
1239 960 1327 986 ieiune
1347 970 1393 986 nec
1411 961 1518 996 grandia
1539 962 1640 987 minute
1659 970 1706 988 nec

911 997 974 1022 item
988 1001 1089 1027 contra,
1110 997 1158 1023 sed
1176 998 1225 1023 erit
1238 998 1318 1024 rebus
1332 999 1398 1032 ipsis
1413 1007 1459 1033 par
1477 1004 1501 1024 et
1516 999 1634 1034 aequalis
1649 1008 1707 1026 ora-

913 1034 956 1059 tio.
981 1035 1037 1060 124.
1055 1035 1186 1069 Ρ111101ρ13
1201 1035 1359 1066 verecunda,
1376 1044 1427 1062 non
1442 1036 1516 1062 elatis
1532 1037 1631 1062 intenta
1647 1046 1706 1062 ver-

912 1071 962 1102 bis,
979 1071 1026 1097 sed
1041 1076 1115 1098 acuta
1130 1073 1268 1098 sententiis
1283 1072 1324 1099 vel
1340 1073 1372 1098 ad
1390 1073 1562 1100 offensionem
1581 1074 1705 1100 adversa-

911 1109 943 1134 rii
959 1108 1000 1135 vel
1019 1109 1052 1135 ad
1071 1110 1326 1136 commendationem
1346 1111 1397 1136 sui.
1440 1112 1606 1137 Narrationes
1620 1112 1707 1137 credi-

911 1146 992 1177 biles,
1019 1155 1065 1172 nec
1089 1147 1226 1178 historico,
1248 1148 1294 1173 sed
1313 1156 1394 1182 prope
1412 1149 1566 1183 quotidiano
1585 1158 1706 1175 sermone

911 1183 1057 1218 explicatae
1075 1184 1201 1210 dilucide.
1236 1186 1301 1211 Dein
1320 1186 1341 1211 si
1362 1187 1449 1212 tenuis
1467 1195 1560 1212 caussa
1579 1191 1626 1218 est,
1648 1191 1705 1212 tum

912 1222 990 1247 etiam
1005 1222 1208 1257 argumentandi
1227 1227 1305 1249 tenue
1324 1222 1397 1249 11111111
1416 1227 1441 1249 01
1454 1224 1481 1250 in
1500 1224 1617 1250 docendo
1640 1225 1706 1250 etin

912 1258 1069 1290 refellendo,
1095 1259 1175 1294 idque
1193 1261 1228 1286 ita
1247 1261 1392 1292 tenebitur,
1413 1265 1454 1292 ut,
1475 1266 1572 1296 quanta
1592 1261 1624 1287 ad
1639 1270 1703 1293 rem,

911 1300 981 1322 tanta
1005 1297 1037 1322 ad
1060 1297 1204 1323 orationem
1230 1297 1273 1324 fiat
1296 1299 1420 1324 accessio.
1457 1300 1513 1325 425.
1529 1300 1618 1331 Quum
1644 1308 1706 1327 vero

910 1342 1004 1359 caussa
1018 1343 1047 1360 ea
1061 1334 1196 1365 inciderit,
1213 1335 1240 1361 in
1255 1344 1305 1370 qna
1321 1336 1362 1361 vis
1376 1336 1542 1370 eloquentiae
1561 1337 1645 1370 possit
1659 1346 1703 1362 ex-

912 1372 1010 1405 promi,
1028 1375 1084 1397 tum
1098 1380 1126 1397 se
1141 1371 1220 1398 latius
1235 1372 1328 1399 fundet
1341 1378 1438 1404 orator,
1460 1378 1516 1399 tum
1531 1379 1602 1408 reget
1621 1379 1645 1400 et
1660 1373 1705 1400 sse-

910 1413 962 1434 ctet
976 1409 1079 1435 animos
1093 1413 1118 1435 et
1132 1410 1169 1435 sic
1184 1409 1288 1441 afficiet,
1306 1414 1335 1436 ut
1348 1410 1426 1441 volet,
1444 1411 1470 1437 id
1484 1416 1535 1441 est,
1553 1416 1582 1437 ut
1595 1420 1704 1437 caussae

911 1450 1003 1471 natura
1018 1450 1043 1471 et
1057 1447 1121 1472 ratio
1136 1448 1262 1481 temporis
1281 1447 1432 1482 postulabit.
1467 1448 1518 1474 Sed
1533 1450 1581 1475 erit
1603 1448 1704 1483 duplex

910 1483 997 1509 omnis
1016 1484 1074 1509 eius
1093 1488 1201 1509 ornatus
1225 1484 1269 1510 ille
1292 1484 1469 1516 admirabiliS,
1495 1491 1602 1520 propter
1623 1494 1702 1520 quern

910 1520 1028 1547 ascendit
1043 1522 1069 1547 in
1085 1525 1186 1547 tantum
1202 1521 1326 1548 honorem
1341 1522 1501 1556 eloquentia.
1537 1524 1602 1549 Nam
1618 1532 1702 1558 quum

910 1559 996 1584 omnis
1012 1567 1071 1592 pars
1086 1559 1210 1585 orationis
1225 1567 1282 1585 esse
1297 1559 1373 1585 debet
1390 1559 1540 1591 laudabilis,
1557 1562 1595 1586 sic
1607 1566 1634 1586 nt
1646 1569 1703 1586 ver-

910 1595 975 1621 bum
991 1595 1105 1626 nullum,
1123 1596 1172 1621 nisi
1188 1601 1232 1622 aut
1246 1605 1326 1631 grave
1340 1601 1385 1623 aut
1399 1597 1505 1631 elegans
1520 1598 1632 1627 excidat,
1646 1603 1702 1624 tum

910 1637 973 1659 sunt
995 1634 1110 1659 maxime
1135 1632 1294 1664 luminosae,
1320 1638 1343 1659 et
1366 1635 1442 1668 quasi
1470 1640 1590 1661 actuosae
1617 1641 1702 1669 partes

909 1670 990 1703 duae,
1006 1679 1120 1705 quarum
1136 1670 1244 1697 alteram
1259 1671 1285 1697 in
1301 1671 1418 1697 universi
1433 1673 1537 1706 generis
1549 1674 1703 1707 quaestione

910 1716 991 1742 pono,
1013 1717 1107 1742 quam,
1129 1712 1251 1742 utsupra
1266 1708 1335 1739 (lixi,
1353 1709 1444 1735 Graeci
1464 1710 1597 1744 appellant
1613 1712 1703 1738 θέσινς

909 1745 1017 1771 alteram
1033 1746 1059 1771 in
1075 1745 1204 1780 augendis
1218 1746 1467 1781 amplificandisque
1483 1748 1571 1778 rebus,
1588 1756 1656 1782 quae
1671 1747 1702 1773 ab

909 1783 1010 1809 eisdem
1025 1783 1132 1816 αὔξησις
1150 1787 1189 1809 est
1204 1784 1346 1810 nominata.
1385 1785 1439 1810 126.
1455 1785 1527 1816 Quae
1542 1785 1590 1811 etsi
1605 1793 1703 1819 acqua-

909 1820 998 1846 biliter
1016 1824 1068 1846 toto
1085 1829 1193 1855 corpore
1211 1821 1336 1847 orationis
1355 1820 1413 1847 susa
1432 1830 1490 1847 csse
1504 1822 1590 1853 debet,
1616 1827 1702 1848 tamen

908 1858 936 1883 in
950 1858 1140 1883 communibus
1161 1858 1223 1884 locis
1243 1859 1357 1884 maxime
1375 1858 1498 1890 excellet;
1521 1860 1567 1894 qui
1583 1868 1703 1885 0011111111-

909 1904 955 1921 1105
978 1894 1116 1929 appellati,
1142 1895 1215 1930 quod
1238 1895 1362 1922 videntur
1380 1896 1524 1922 multarum
1545 1897 1624 1923 iidem
1645 1906 1703 1923 esse

908 1941 1077 1963 caussarum,
1103 1932 1150 1958 sed
1170 1933 1268 1967 proprii
1287 1933 1454 1968 singularum
1473 1942 1531 1959 esse
1555 1934 1700 1960 debebunt.

908 1970 941 1996 At
956 1978 1017 1996 vero
1036 1969 1079 1995 illa
1099 1978 1159 2004 pars
1178 1970 1316 2001 orationis,
1343 1979 1411 2005 quae
1430 1975 1469 1997 ost
1486 1971 1519 1997 (10,
1532 1980 1627 2006 genere
1643 1973 1702 1998 uni-

1502 2008 1640 2044 Quidquid
1663 2014 1702 2035 est

909 2120 1061 2146 traducatur
1079 2120 1111 2145 ad
1136 2124 1290 2154 perpetuam
1307 2121 1489 2154 quaestionem
1513 2126 1592 2155 atque
1620 2126 1647 2147 111
1670 2123 1702 2149 do

885 2150 886 2183 l
910 2158 1034 2183 universo
1047 2166 1143 2191 genere
1157 2157 1272 2188 dicatur;
1297 2158 1347 2183 nisi
1361 2166 1446 2192 quum
1461 2158 1493 2183 de
1509 2167 1569 2184 vero
1583 2159 1701 2193 ambige-

909 2199 964 2225 tur,
985 2195 1056 2229 quod
1071 2195 1162 2228 quaeri
1181 2195 1330 2221 coniectura
1349 2194 1424 2221 solet.
1463 2196 1519 2221 ¹¹27.
1536 2196 1640 2222 Dicetur
1654 2205 1701 2221 an-

909 2236 960 2258 tem
976 2241 1027 2258 non
1043 2232 1276 2266 Peripateticorum
1292 2241 1372 2263 more,
1384 2232 1433 2266 (051
1448 2233 1518 2258 0111111
1534 2233 1639 2258 illorum
1655 2242 1701 2259 ex-

908 2269 1025 2295 ercitatio
1048 2268 1155 2303 elegans
1179 2269 1230 2294 iam
1255 2269 1316 2295 inde
1330 2270 1363 2295 ab
1382 2269 1520 2295 Aristotele
1539 2271 1701 2303 constituta.)

908 2307 954 2332 sed
967 2306 1103 2340 aliquanto
1118 2306 1257 2331 nervosius
1271 2311 1295 2332 et
1310 2307 1344 2332 ita
1358 2306 1390 2332 (10
1406 2316 1431 2332 re
1445 2308 1596 2333 coinnninia
1611 2307 1701 2334 ‹licen-

909 2348 958 2373 tur,
977 2349 1005 2369 nt
1019 2348 1043 2368 et
1058 2352 1104 2377 pro
1119 2343 1170 2369 reis
1185 2343 1266 2369 multa
1283 2343 1375 2370 leuiter
1389 2344 1510 2370 (111-3111111·
1528 2349 1551 2370 01
1567 2345 1592 2370 111
1608 2345 1701 2370 3111·οΓ-

907 2381 990 2406 sarios
1010 2389 1111 2414 aspere.
1146 2380 1284 2415 Augendis
1303 2390 1364 2407 vero
1383 2381 1462 2406 rebus
1481 2386 1505 2406 ct
1526 2387 1614 2407 contra
1634 2382 1700 2408 abii-

907 2418 1008 2443 ciendis
1033 2417 1098 2443 nibil
1123 2423 1174 2447 cst,
1200 2418 1271 2451 qnod
1288 2427 1337 2443 non
1358 2418 1481 2452 perticere
1502 2419 1584 2452 possit
1603 2420 1697 2446 oratio.

907 2455 978 2490 (111011
994 2460 1018 2480 01
1033 2455 1100 2480 111101·
1115 2455 1200 2480 inedia
1215 2460 1368 2489 argumenta
1383 2455 1462 2481 etiam
1486 2455 1635 2482 faciendum
1650 2462 1697 2487 est,

906 2492 1129 2527 quotiescumque
1143 2491 1250 2518 dabitur
1266 2492 1304 2518 vcl
1320 2492 1498 2526 amplilicandi
1522 2493 1561 2519 vel
1577 2495 1700 2520 minuen-

906 2530 933 2556 di
950 2529 1032 2559 locus,
1045 2534 1070 2554 et
1085 2537 1166 2563 paene
1182 2529 1282 2555 inlinite
1298 2530 1322 2555 in
1339 2530 1493 2564 perorando.

963 2567 1096 2592 xxxvii.
1116 2568 1171 2592 ¹2⁸.
1193 2567 1248 2592 Duo
1265 2572 1341 2597 sunt,
1365 2576 1434 2601 qnae
1458 2567 1523 2593 bene
1542 2572 1647 2594 tractata
1667 2569 1699 2594 ab

905 2608 1005 2630 oratore
1033 2603 1215 2629 admirabilem
1242 2603 1420 2638 eloquentiam
1449 2604 1557 2634 laciant;
1583 2614 1698 2640 quorum

906 2641 1017 2667 alterum
1032 2646 1080 2671 est,
1092 2641 1163 2676 quod
1176 2641 1268 2667 Graeci
1284 2642 1377 2674 ἠθικόν
1392 2647 1492 2672 vocant,
1507 2643 1538 2668 ad
1554 2648 1660 2669 naturas
1675 2649 1698 2669 et

905 2679 937 2705 ad
953 2687 1038 2705 mores
1056 2683 1080 2704 01
1100 2678 1131 2705 ad
1145 2687 1251 2705 omnem
1271 2679 1338 2705 vitae
1357 2679 1577 2706 consuettnlinem
1596 2689 1699 2707 accom-

1434 2727 1491 2751 22‘
