1941 3052
232 119 292 144 ¹072

228 190 315 214 tit-tur.
356 187 425 219 Quid
444 192 482 213 ost
499 191 586 212 nutem
603 187 719 221 nequius
734 191 779 213 aut
795 188 901 221 turpius
916 187 1019 214 effemi-

228 231 288 251 untu
304 226 378 250 viro?
398 226 434 250 N(-
447 225 546 250 lustitia
559 223 668 257 quidem
680 224 749 249 siuet
761 229 784 249 tt·
797 225 844 250 ista
858 224 956 250 tacere:
975 226 1018 250 cui

228 263 370 288 minimum
382 270 439 286 ess·-
453 260 558 286 νιιΙι-ιιιι·
570 261 594 285 iu
609 260 656 285 hav
668 269 761 286 caussa
774 260 836 291 loci:
850 270 919 295 qune
931 266 1018 288 tamen

229 301 262 326 ita
270 299 348 327 «livet,
358 298 501 332 dupliciter
510 305 569 322 esse
581 302 604 323 te
619 297 759 327 iniustum.
768 306 853 332 quum
865 303 890 324 et
900 298 1018 324 alienum

227 341 344 371 nppctns,
362 336 409 369 qui
425 334 542 360 mortalis
555 339 631 360 natus
645 334 825 361 conditionem
837 335 956 369 postules
969 336 1019 361 im-

228 372 393 401 mortalium,
411 377 435 397 et
449 373 568 405 graviter
584 371 652 396 l'erns
664 377 700 401 te,
717 372 788 406 quod
802 372 932 399 utendum
944 381 1020 399 ncce-

228 411 307 445 peris.
323 408 482 434 reddidisse.
523 409 564 434 37.
588 408 747 435 Prudentiae
758 418 820 435 vero
831 409 897 444 quid
910 419 1020 445 respou-

226 447 312 475 debis,
325 445 439 475 docenti.
449 446 574 471 virtutem
585 454 644 471 sose
655 454 713 472 esse
724 451 884 476 contentam.
897 456 951 482 quo
963 457 1020 473 mo—

225 483 260 509 ‹lo
271 483 302 508 nd
316 483 382 508 bene
395 483 551 512 vivendum.
565 483 604 508 sic
616 484 695 509 etiam
707 483 740 509 ad
752 484 846 510 beate?
858 484 931 516 Quae
942 485 1020 511 siex-

227 521 357 547 trinsecus
375 520 483 555 religata
500 519 626 554 pendeat.
642 525 667 547 et
683 529 734 547 non
751 526 776 547 et
793 522 893 548 oriatur
908 531 921 548 a
937 530 979 552 se.
995 527 1020 548 et

227 565 319 583 rursus
331 557 363 582 ud
375 565 403 583 so
415 562 574 586 revertatur.
591 562 615 583 et
631 559 719 584 omnia
735 567 783 584 sua
799 558 938 593 complexa
951 559 1018 585 nihil

225 599 334 629 quaerat
346 593 467 620 aliunde:
482 603 533 620 non
546 594 676 629 intelligo.
692 604 740 622 cur
751 600 796 622 aut
807 596 896 622 verbis
909 601 961 622 tam
974 605 1019 622 ve-

226 631 363 658 hementer
377 631 508 661 ornanda,
529 636 574 658 aut
588 642 615 660 re
632 637 702 660 tanto
717 641 796 668 opere
811 633 960 668 expetenda
978 634 1020 660 vi-

225 668 347 695 deatun«
387 668 426 694 Ad
443 668 506 695 haec
518 668 585 695 bona
598 679 639 697 me
651 671 675 696 si
688 679 810 701 revocas,
828 671 957 705 Epicure,
972 679 1019 705 pa-

225 714 278 734 reo,
291 714 402 740 sequor.
416 711 475 732 utor
486 710 509 732 te
522 707 581 741 ipso
591 708 673 737 duce.
686 707 834 734 obliviscor
843 709 922 734 etium
935 708 1020 734 malo—

225 751 293 773 rum,
302 747 331 769 ut
343 743 522 778 iubes,eoque
534 743 648 773 facilius.
657 744 730 779 quod
741 753 772 771 ea
784 753 816 771 ne
829 745 854 771 in
867 745 946 771 malis
957 746 1020 780 qui-

224 779 285 806 dem
297 779 418 814 ponenda
429 789 535 807 censeo.
568 782 620 808 Sed
633 782 750 808 traducis
760 783 934 818 cogitationes
946 791 1018 809 meas

225 817 258 843 ad
270 817 429 852 voluptates.
470 817 560 850 Quas‘?
574 819 708 854 Corporis,
720 819 808 850 credo.
821 825 866 846 aut
876 828 945 855 quae
958 829 1019 855 pro-

225 858 283 889 pter
293 862 390 889 corpus
402 854 442 881 vel
455 855 635 883 recordatione
648 856 689 882 vel
701 865 748 891 spe
758 857 918 892 cogitentur.
935 858 1019 884 Num-

224 891 291 925 quid
303 897 343 918 est
353 891 445 918 aliud?
461 893 573 920 Rectene
588 895 746 928 interpretor
757 895 916 920 sententiam
929 894 1020 921 tuam?

225 928 316 955 Solent
327 930 398 955 enim
411 930 455 955 isti
468 938 563 965 negare
575 939 622 957 nos
635 930 1019 966 intelligere,quiddicatEpi-

224 974 316 992 eurus.
356 968 398 993 38.
420 967 473 993 lloc
488 967 567 998 dicit,
584 973 609 994 et
625 968 673 994 hoc
690 968 735 994 ille
749 968 898 999 acriculus,
917 978 958 995 me
970 978 1019 995 au-

224 1002 323 1033 diente,
331 1003 443 1030 Athenis
454 1013 536 1031 senex
547 1006 625 1036 Zeno,
635 1006 745 1031 istorum
758 1007 941 1037 acutissimus,
955 1016 1019 1033 con-

224 1040 332 1066 tendere
347 1045 373 1067 et
388 1050 483 1077 magna
500 1050 564 1068 voce
575 1042 664 1069 dicere
675 1042 790 1069 solebat:
807 1051 869 1069 eum
885 1052 943 1070 esse
956 1044 1019 1070 bea·

224 1081 290 1107 tum,
299 1079 345 1112 qui
358 1079 543 1113 praesentibus
555 1079 739 1114 voluptatibus
751 1079 891 1111 frueretur,
900 1081 1019 1107 conlide-

225 1119 316 1150 retque
327 1124 355 1142 se
368 1115 512 1142 fruiturum
524 1121 569 1143 aut
583 1118 609 1143 in
624 1117 712 1147 omni,
730 1122 775 1143 aut
791 1118 817 1143 in
833 1126 929 1153 magna
944 1123 1018 1153 parte

225 1153 304 1182 vitae,
317 1152 407 1179 dolore
418 1161 469 1179 non
482 1154 688 1183 interveniente:
703 1159 748 1180 aut
759 1155 782 1180 si
794 1155 980 1185 interveniret,
994 1156 1017 1181 si

223 1197 348 1216 summus
360 1189 434 1221 foret,
448 1190 568 1217 futurum
580 1191 703 1223 brevem;
720 1192 762 1218 sin
775 1192 942 1226 productior,
956 1192 1018 1227 plus

225 1226 380 1253 habiturum
393 1227 514 1258 iucundi,
527 1237 608 1262 quam
621 1228 698 1254 mali:
714 1229 778 1254 haec
789 1230 950 1264 cogitantem
963 1229 1018 1256 fore

225 1263 345 1295 beatum,
363 1265 518 1299 praesertim
534 1266 558 1291 si
569 1270 594 1292 et
605 1271 664 1292 ante
676 1267 810 1300 perceptis
819 1266 898 1293 honis
907 1272 1018 1294 conten-

223 1305 266 1327 tus
277 1306 355 1332 esset,
370 1310 418 1328 nec
430 1307 550 1332 mortem.
564 1311 612 1329 uec
623 1302 687 1329 deos
699 1304 895 1330 extimesceret.
929 1304 1017 1331 Habes

224 1337 335 1364 formam
346 1339 457 1373 Epicuri
469 1340 538 1366 vitae
551 1340 656 1372 beatae,
676 1340 767 1366 verbis
778 1341 891 1367 Zenonis
906 1350 1018 1376 expres-

222 1383 293 1406 sam,
311 1376 379 1402 nihil
391 1381 421 1402 ut
431 1378 516 1411 possit
527 1378 629 1412 negari.

223 1412 339 1439 huiusne
355 1414 425 1440 vitae
441 1415 588 1449 propositio
603 1419 629 1441 et
639 1415 764 1450 cogitatio
775 1420 821 1442 aut
831 1416 965 1451 Thyesten
979 1416 1017 1443 le-

223 1458 284 1476 vare
296 1451 400 1484 poterit,
413 1456 458 1477 aut
468 1451 587 1482 Aeetam,
603 1452 636 1478 de
647 1460 701 1487 quo
712 1451 802 1487 paullo
812 1457 872 1479 ante
885 1453 958 1485 dixi,
972 1459 1018 1480 aut

222 1487 405 1517 Telamonem,
424 1488 532 1522 pulsum
546 1490 644 1524 patria,
661 1488 831 1516 exsulantem
844 1495 924 1526 atque
934 1499 1017 1527 egen-

223 1524 293 1550 tem‘?
305 1525 330 1551 in
342 1533 395 1560 quo
407 1525 471 1551 haec
482 1526 623 1554 admiratio
635 1526 727 1553 fiebat:

258 1562 364 1588 Hiccine
374 1567 409 1589 est
423 1563 523 1590 Telamo
534 1566 588 1595 itte,
605 1566 678 1590 modo
693 1573 766 1597 quem
779 1566 865 1598 qlo'ria
874 1567 908 1591 ad
920 1567 1017 1591 caelum

628 1600 740 1627 e‘oeeutit?

257 1644 330 1669 quem
344 1637 529 1670 aspectabant?
544 1641 617 1665 caius
631 1640 661 1664 ob
672 1647 699 1664 os
712 1638 788 1665 Graii
799 1641 846 1665 ora
855 1641 1017 1667 obvertebant

628 1674 696 1702 sua?

277 1711 318 1736 to.
339 1709 416 1742 Quod
427 1711 450 1737 si
461 1712 515 1742 cui.
528 1717 557 1738 ut
568 1713 604 1739 ait
615 1712 697 1743 idem,

331 1749 408 1773 simul
418 1751 519 1775 animus
531 1758 587 1775 cum
598 1758 624 1775 re
636 1752 754 1780 concidit,

222 1793 235 1809 a
247 1784 377 1819 gravibus
393 1784 447 1811 illis
463 1787 582 1821 antiquis
596 1786 767 1822 philosophis
779 1787 892 1822 petenda
903 1787 1016 1814 medici-

222 1829 254 1847 na
265 1826 313 1852 est,
326 1830 378 1848 non
390 1822 423 1848 ab
434 1822 476 1849 his
489 1823 657 1857 voluptariis.
693 1824 779 1856 Quam
790 1826 863 1851 enim
876 1825 920 1851 isti
932 1825 1015 1851 bono-

221 1866 281 1884 rum
291 1859 396 1893 copiam
411 1859 523 1886 dicunt?
542 1861 593 1887 Fac
603 1869 667 1887 sane
678 1869 737 1888 esse
748 1870 888 1888 summum
902 1862 1013 1892 bonum.

221 1902 273 1921 non
295 1895 394 1922 dolere.
434 1896 602 1932 Quamquam
627 1898 655 1924 id
678 1907 730 1925 nou
751 1904 860 1926 vocatur
879 1899 1013 1934 voluptas.

220 1930 271 1957 Sed
288 1940 340 1958 non
356 1941 465 1959 necesse
481 1939 521 1960 est
532 1943 603 1961 nunc
613 1936 714 1962 omnia.
754 1936 818 1962 Idne
829 1941 882 1967 est,
898 1945 952 1972 quo
962 1942 1015 1963 tra-

220 1967 294 1995 ducti
306 1968 407 1995 luctum
419 1969 558 1997 levemus?
573 1971 614 1998 Sit
627 1980 692 1999 sane
703 1981 842 1999 summum
854 1974 955 2000 malum
967 1974 1015 2001 do-

221 2004 284 2031 lere.
325 2007 353 2032 In
365 2015 396 2033 eo
407 2007 490 2043 igitur
514 2009 562 2043 qui
574 2018 626 2035 non
637 2014 691 2040 est,
704 2010 727 2036 si
739 2010 809 2037 malo
819 2016 915 2042 careat,
929 2012 1015 2038 couti-

221 2050 308 2069 nuone
319 2042 417 2070 fruitur
427 2053 534 2071 summo
545 2045 632 2072 bono‘?
652 2048 692 2073 tt.
709 2046 780 2079 Quid
792 2049 1011 2084 tergiversamur,

219 2079 348 2114 Epicure,
375 2089 424 2107 nec
445 2081 559 2108 fatemur
578 2092 636 2109 eam
658 2092 706 2110 nos
727 2084 816 2111 dicere
837 2085 1011 2121 voluptatem.

219 2124 301 2151 quam
318 2122 345 2144 tu
363 2117 448 2149 idem,
471 2128 555 2154 quum
571 2129 600 2146 os
616 2121 795 2155 perfricuisti,
816 2122 887 2149 soles
907 2122 1014 2150 dicere?

218 2153 286 2180 Sunt
296 2154 362 2181 haec
371 2159 415 2181 tua
428 2156 522 2187 verba,
536 2157 640 2184 necne?
654 2159 683 2184 In
698 2167 728 2185 eo
737 2159 850 2194 quidem
865 2160 948 2192 libro,
965 2161 1013 2195 qui

218 2191 336 2218 continet
348 2200 454 2219 omnem
470 2193 641 2229 disciplinam
661 2200 734 2222 tuam
750 2196 858 2233 (fungar
871 2199 944 2224 enim
959 2199 1012 2224 iam

218 2228 371 2263 interpretis
387 2238 511 2261 munere,
534 2240 567 2258 ne
582 2233 645 2267 quis
660 2241 703 2259 me
718 2239 794 2268 putet
812 2234 923 2270 fingere)
942 2235 1012 2261 dicis

218 2264 297 2291 haec:
319 2266 371 2292 Nec
382 2270 496 2300 equidem
505 2270 590 2299 habeo,
606 2272 672 2303 quod
684 2273 825 2304 intelttqam
835 2274 926 2298 bonum
937 2274 1011 2302 illud,

216 2304 351 2329 detrahens
360 2312 403 2330 eus
413 2306 565 2338 voluptates,
582 2315 647 2340 quae
659 2316 751 2341 sapore
759 2311 953 2342 percipiuntum
968 2311 1012 2336 de-

218 2341 320 2366 trahens
330 2349 380 2370 eas,
393 2350 458 2374 quae
467 2345 722 2377 audituetcantibus;
736 2347 1010 2377 detrahenseasetiam,

217 2385 281 2409 quae
291 2385 324 2403 ex
333 2380 423 2411 formis
431 2383 610 2413 percipiuntur
620 2383 709 2411 oculis,
716 2391 808 2409 suaves
818 2386 946 2415 motiones,
958 2387 1012 2410 sive

217 2421 281 2445 quae
295 2415 364 2441 altae
377 2417 518 2449 voluptates
532 2419 560 2443 in
574 2423 625 2444 toto
639 2420 738 2445 homine
751 2423 892 2454 gignuntur
900 2423 1011 2455 quotibet

216 2457 298 2476 sensu.
338 2452 390 2478 Nec
402 2462 461 2479 vero
476 2456 513 2480 ita
526 2456 579 2480 dici
586 2460 679 2488 potest,
695 2460 785 2483 mentis
795 2459 919 2484 laetitiam
928 2460 1011 2485 solam

217 2494 268 2512 esse
278 2489 305 2513 in
315 2489 394 2515 bonis.
434 2491 580 2518 Lactantem
593 2495 660 2518 enim
672 2498 777 2519 mentem
787 2497 825 2520 ita
836 2498 902 2525 novi,
913 2504 957 2529 spe
967 2505 1010 2522 eo-

217 2530 274 2548 rum
285 2528 403 2557 omnium,
412 2535 476 2560 quae
486 2537 566 2561 supra
576 2531 642 2559 dez-i,
650 2532 706 2563 sore
715 2535 742 2556 ut
754 2536 857 2562 natura,
866 2535 1008 2565 iispotiena,

216 2560 302 2601 dolore
322 2567 417 2588 careat.
457 2565 498 2591 42.
520 2565 607 2600 Atque
628 2566 693 2593 haec
713 2567 825 2602 quidem
846 2569 889 2595 his
905 2569 1006 2601 verbis,

217 2603 308 2637 quivis
320 2602 349 2623 ut
360 2599 498 2635 intelligat.
511 2611 593 2637 quam
605 2602 770 2638 voluptatem
781 2606 851 2632 norit
861 2607 1006 2641 Epicurus.

216 2632 316 2660 Deinde
326 2634 416 2669 paullo
426 2637 504 2669 infra,
516 2640 597 2673 Saepe
607 2644 734 2675 quaesivi,
746 2643 836 2678 inquit
843 2663 849 2675 ‚
862 2652 896 2671 ex
906 2647 951 2675 iis,
963 2647 1008 2679 qut

670 1377 764 1404 XVlIl.
785 1379 826 1404 39.
849 1378 921 1410 Quid
937 1379 1017 1415 ergo?
1045 1376 1047 1383 ’

802 117 1270 145 ⁴13.M.T.(;1CEn0NtS

1071 190 1267 221 appellabantur
1276 193 1408 222 cupienten,
1417 193 1479 224 quid
1488 191 1615 222 haberent,
1626 194 1694 226 quod
1705 195 1731 218 ιη
1741 193 1813 219 bonde
1823 202 1863 219 re-

1072 227 1222 258 Imque-rent,
1234 230 1257 252 ιι·
1268 229 1313 253 uta
1325 230 1510 258 detraxissent,
1526 231 1576 255 nien·
1586 232 1609 255 ἰ’
1622 231 1712 256 vetlem
1723 238 1795 257 voces
1805 233 1864 256 ina-

1072 271 1114 288 nes
1124 265 1238 294 sumtere.
1265 264 1336 289 Nune
1347 267 1379 290 ab
1389 266 1428 290 Ιιιι
1437 268 1508 297 potui
1519 274 1679 299 coqnoeeere:
1693 269 1738 300 qui
1748 270 1771 292 ui
1782 270 1863 293 virtu-

1072 305 1106 325 tea
1117 301 1223 325 ebullire
1236 302 1319 326 notent
1334 306 1356 327 et
1370 304 1524 334 capitulien
1538 305 1602 328 nituit
1616 305 1689 330 atiud
1702 306 1799 334 dicent.
1814 306 1865 330 nui

1071 346 1126 362 eum
1137 339 1213 366 viam,
1225 346 1277 370 qua
1287 340 1434 370 efficiantur
1443 348 1488 365 eae
1498 341 1646 372 voluptatu,
1658 350 1723 374 quaa
1733 350 1814 374 cupra
1824 343 1865 366 ‹tt-

1071 376 1108 399 11'.
1134 373 1208 405 Quae
1218 380 1382 409 sequuntur,
1401 376 1427 402 in
1438 375 1531 402 eadem
1542 378 1672 404 sententia
1686 383 1762 404 sunt:
1780 383 1864 404 totus-

1071 419 1124 445 que
1137 410 1217 440 tiber,
1235 413 1282 446 qui
1299 417 1339 438 est
1349 412 1382 438 de
1393 422 1500 439 summo
1512 413 1594 444 bono.
1613 413 1726 441 refertus
1737 420 1763 442 et
1774 414 1864 441 verbis

1071 453 1096 473 et
1111 449 1251 474 sententiis
1268 449 1377 476 talibus.
1419 451 1460 476 ts.
1483 450 1522 476 Ad
1537 450 1665 477 hanccine
1681 452 1763 487 igitur
1782 453 1864 478 vitam

1071 484 1242 511 Telamonem
1259 485 1336 512 illum
1352 487 1504 517 revocabis.
1521 493 1550 514 ut
1565 487 1638 514 leves
1651 488 1866 524 aegritudinem?

1070 527 1096 548 et
1105 523 1128 548 si
1140 531 1221 557 quem
1234 528 1339 550 tuorum
1351 523 1480 550 afflictum
1492 533 1610 551 maerore
1622 525 1731 556 viderie.
1741 525 1865 553 buicaci-

1071 568 1210 594 pcnserem
1224 561 1326 594 potius.
1343 570 1424 596 quam
1436 562 1554 597 aliquem
1565 562 1728 589 Socraticum
1742 562 1864 590 libellum

1071 596 1167 622 dabis?
1192 597 1317 632 hydrauli
1344 598 1482 625 hortabere
1507 604 1535 625 ut
1554 599 1646 626 audiat
1664 608 1743 626 voces
1763 601 1862 635 potius.

1070 642 1151 668 quam
1164 634 1298 661 l‘latonis‘!
1311 641 1622 670 expones.quaespectet
1634 635 1726 663 ssorida
1737 642 1763 663 et
1774 636 1866 664 varia?

1071 671 1229 698 fasciculum
1254 672 1286 698 ad
1308 681 1385 699 nares
1409 673 1585 700 admovebis?
1607 674 1734 701 incendes
1753 673 1866 701 odores?

1072 707 1116 744 [et]
1139 710 1217 735 sertis
1234 709 1354 736 redimiri
1373 710 1480 737 iubebis
1495 715 1522 737 et
1541 710 1618 738 rosa?
1637 711 1666 738 Si
1682 720 1745 738 vero
1759 711 1864 746 aliquid

1070 747 1149 772 etiam
1173 757 1221 772 —2
1250 751 1307 773 tum
1333 746 1410 781 plane
1436 747 1537 774 luctum
1562 756 1670 775 omnem
1689 748 1866 775 absterseria?

1071 783 1144 809 XIX.
1167 785 1207 810 tt.
1230 784 1298 810 llaec
1312 784 1428 819 Epicuro
1438 785 1586 812 confitenda
1598 790 1674 812 sunt:
1687 791 1782 816 autea.
1795 793 1865 821 quae

1072 820 1150 847 modo
1159 829 1286 855 expressa
1298 821 1331 847 ad
1343 822 1455 848 verbum
1467 822 1539 853 dixi.
1553 822 1668 849 tollenda
1679 822 1713 849 de
1724 822 1805 855 libro;
1821 822 1863 849 vel

1046 875 1048 892 ἰ
1071 863 1140 920 totus
1153 858 1220 884 liber
1231 860 1320 893 potius
1330 859 1518 886 abiiciundus:
1535 865 1576 886 est
1586 861 1658 887 enim
1669 859 1805 887 confertus
1817 869 1864 887 vo-

1046 893 1048 898 *
1082 896 1230 929 uptatibus.

1271 896 1459 928 Quaerendum
1472 898 1563 932 igitur.
1578 897 1809 932 quemadmodum
1819 906 1864 924 ae-

1069 932 1206 968 gritudine
1218 934 1357 967 privemus
1367 942 1439 964 eum.
1452 935 1500 969 qui
1515 935 1548 960 ita
1559 934 1642 961 dicat:

1107 985 1142 989 —
1151 972 1194 1003 pol
1205 973 1266 997 mt'lu'
1275 974 1379 1004 [or-tuna
1390 973 1464 1005 moys
1478 981 1544 998 nunc
1554 974 1620 1005 defit,
1635 976 1712 1005 quam
1721 981 1807 1005 yenue,

1108 1007 1223 1041 Namque
1239 1017 1343 1041 reynum
1365 1010 1509 1042 suppetebat
1530 1012 1578 1035 mi:
1600 1012 1628 1035 itt
1646 1012 1715 1036 acius
1734 1015 1830 1043 quanto
1853 1013 1865 1034 ε’

1478 1048 1541 1076 loco,

1106 1084 1210 1115 quantis
1220 1084 1317 1115 opibus,
1330 1083 1414 1116 quibu'
1425 1085 1456 1109 de
1466 1085 1540 1109 rebus
1551 1085 1624 1116 lapso
1634 1086 1738 1116 fortuna
1753 1085 1862 1110 occidat.

1069 1118 1159 1150 Quid?
1175 1118 1238 1145 huic
1253 1119 1324 1146 calix
1340 1119 1422 1146 mulsi
1438 1120 1631 1155 impingendus
1645 1126 1698 1149 est.
1717 1126 1746 1147 ut
1760 1120 1864 1155 plorare

1069 1155 1182 1185 desinat.
1192 1161 1238 1182 aut
1248 1156 1353 1191 aliquid
1363 1156 1516 1184 eiusmodi?
1526 1157 1595 1184 Ecce
1606 1157 1655 1184 tibi
1666 1166 1700 1184 ex
1710 1157 1790 1184 altera
1803 1167 1863 1193 par-

1069 1198 1093 1219 te
1105 1192 1138 1219 ab
1149 1193 1243 1220 eodem
1254 1199 1344 1228 poeta:

1106 1230 1148 1256 Ex
1158 1232 1247 1264 opibus
1257 1234 1362 1257 summis
1371 1234 1426 1264 opta
1435 1240 1517 1264 egen-5,
1530 1231 1630 1261 Hector,
1646 1236 1714 1258 tuae.

1069 1267 1136 1294 Huic
1147 1268 1294 1294 subvenire
1304 1267 1450 1294 debemus:
1465 1269 1571 1303 quaerit
1580 1269 1653 1295 enim
1664 1268 1811 1295 auxilium:

1107 1305 1175 1336 Ouid
1183 1310 1268 1338 petam
1276 1307 1398 1339 praecidi,
1411 1311 1456 1332 aut
1465 1305 1613 1340 exsequar?
1621 1311 1701 1340 quove
1711 1315 1779 1333 nunc

1105 1344 1208 1368 auxilio
1217 1345 1296 1369 exsili
1304 1346 1349 1369 anit
1358 1346 1435 1376 [uque
1444 1346 1511 1376 [reta
1521 1342 1589 1369 eim?

1106 1378 1179 1406 'Arce
1189 1385 1211 1406 et
1223 1382 1284 1406 urbe
1295 1382 1358 1406 orba
1367 1389 1430 1406 sum.
1449 1381 1504 1412 Quo
1514 1379 1651 1407 occidam?
1659 1389 1710 1415 quo
1718 1380 1864 1414 applicem?

1105 1416 1148 1444 cui
1161 1425 1207 1444 nec
1219 1426 1284 1444 arae
1297 1420 1399 1451 patriae
1413 1419 1481 1444 domi
1494 1422 1578 1444 stant:
1592 1420 1693 1451 fractae
1707 1423 1731 1444 et
1743 1420 1865 1445 disiectae·

1475 1457 1573 1482 iacent:

1103 1494 1168 1524 [tina
1177 1493 1281 1524 [lamma
1291 1493 1447 1525 de'llaqrata:
1461 1495 1522 1518 tosti*
1528 1494 1577 1519 alti
1586 1497 1656 1519 atam
1663 1495 1784 1526 parietes,

1105 1530 1248 1562 desomati,
1261 1534 1337 1562 atque
1347 1531 1428 1556 abiete
1438 1532 1532 1563 crispa.

1067 1564 1156 1596 Scitis.
1169 1574 1239 1600 quae
1249 1572 1410 1602 sequantur:
1424 1572 1449 1594 et
1461 1566 1529 1593 illud
1541 1567 1567 1594 in
1579 1567 1689 1602 primis:

1106 1602 1128 1629 Ο
1136 1605 1220 1636 paler,
1233 1612 1247 1629 ο
1255 1607 1353 1636 patria,
1365 1613 1380 1630 ο
1391 1605 1488 1631 Priami
1497 1607 1594 1635 domus,

1106 1640 1215 1673 (septum
1225 1642 1335 1668 altisono
1346 1643 1452 1668 cardine
1461 1643 1607 1676 templium)

1104 1679 1158 1703 vidi
1168 1680 1212 1710 eqo
1223 1682 1254 1708 te,
1265 1683 1366 1705 astante
1375 1687 1421 1712 ope
1431 1680 1579 1709 barbarica,

1105 1716 1177 1740 tectia
1188 1716 1302 1745 caelatis,
1317 1717 1454 1749 laqueatis,

1104 1759 1178 1780 auro,
1193 1753 1266 1777 e'bore
1276 1755 1428 1779 instructum
1438 1754 1547 1787 reqifice.

1068 1788 1113 1813 45.
1134 1786 1157 1814 Ο
1172 1793 1276 1822 poetam
1292 1790 1446 1825 egregium!
1464 1798 1629 1825 quamquam
1644 1789 1678 1816 ab
1692 1789 1736 1817 his
1745 1791 1862 1818 cantori-

1066 1824 1118 1850 bus
1132 1824 1315 1860 Euphorionis
1329 1828 1517 1854 contemnitur.
1557 1827 1643 1854 Sentit
1660 1828 1750 1854 omnia
1766 1836 1863 1863 repen-

1066 1862 1121 1888 tina
1131 1867 1157 1888 et
1172 1870 1220 1888 nec
1231 1865 1338 1898 opinata
1349 1873 1408 1890 esse
1419 1865 1552 1900 graviora.
1591 1864 1767 1900 Exaggeratis
1778 1865 1863 1901 igitur

1066 1899 1138 1934 regis
1148 1900 1256 1934 opibus,
1270 1910 1339 1936 quae
1350 1901 1514 1929 videbantur
1523 1902 1703 1937 sempiternae
1714 1901 1778 1933 sore,
1793 1901 1862 1938 quid

1065 1936 1206 1972 adiungit?

1138 1974 1208 2001 Haec
1218 1977 1305 2001 omnia
1314 1978 1368 2002 vidi
1377 1977 1544 2008 inflammari,

1140 2011 1242 2038 Priamo
1252 2015 1279 2038 vi
1289 2015 1368 2039 vitam
1377 2015 1480 2043 evitari,

1138 2049 1206 2075 Iovis
1216 2052 1293 2076 aram
1302 2053 1427 2083 sanquine
1437 2053 1548 2084 turpari.

1065 2086 1106 2111 46.
1122 2085 1291 2113 Praeclarum
1309 2088 1431 2114 carmen!
1456 2093 1497 2114 est
1511 2088 1585 2114 enim
1600 2092 1626 2114 et
1639 2087 1721 2114 rebus
1731 2091 1758 2114 et
1768 2086 1860 2114 verbis

1064 2122 1184 2149 etmodis
1197 2122 1321 2159 lugubre.
1337 2125 1493 2159 Eripiamus
1503 2124 1568 2152 huic
1578 2124 1786 2161 aegritudinem.
1800 2123 1860 2156 Quo

1064 2159 1161 2186 modo?
1180 2160 1348 2188 Collocemus
1364 2162 1392 2188 in
1407 2161 1505 2189 culcita
1518 2161 1641 2197 plumea;
1658 2161 1797 2197 psaltriam
1810 2161 1859 2188 ad-

1064 2197 1211 2224 ducamus:
1225 2198 1395 2234 hedychrum
1406 2199 1598 2226 incendamus:
1610 2199 1707 2226 demus
1717 2197 1858 2226 scutellam

1064 2234 1216 2261 dulciculae
1227 2236 1357 2270 potionis;
1374 2235 1480 2271 aliquid
1496 2236 1638 2263 videamus
1647 2242 1674 2263 et
1683 2236 1748 2263 cibi.
1788 2235 1858 2262 Haec

1063 2272 1171 2298 tandem
1186 2272 1256 2299 bona
1270 2278 1346 2304 sunt,
1367 2273 1469 2308 quibus
1483 2273 1666 2310 aegritudines
1679 2273 1858 2309 gravissimae

1062 2309 1254 2336 detrahantur?
1275 2310 1315 2336 Tu
1331 2311 1404 2336 enim
1419 2310 1510 2346 paullo
1527 2315 1588 2338 ante
1608 2319 1641 2337 ne
1661 2309 1811 2346 intelligere
1831 2315 1857 2336 te

1062 2346 1174 2381 quidem
1185 2346 1236 2373 alia
1248 2346 1303 2374 ulla
1314 2347 1434 2374 dicebas.
1473 2348 1602 2375 Revocari
1616 2348 1699 2383 igitur
1710 2352 1831 2382 oportere
1841 2355 1857 2374 a

1062 2392 1180 2410 maerore
1191 2384 1224 2410 ad
1235 2385 1423 2420 cogitationem
1434 2385 1577 2412 bonorum.
1615 2385 1777 2411 Couveniret
1786 2383 1856 2411 mihi

1060 2429 1123 2447 cum
1133 2421 1260 2456 Epicuro,
1272 2422 1306 2453 si,
1319 2422 1387 2457 quid
1397 2427 1468 2450 esset
1477 2422 1588 2454 bonum.
1601 2422 1765 2449 conveniret.

1116 2495 1178 2522 XX.
1200 2496 1274 2522 Dicet
1284 2495 1397 2531 aliquis:
1410 2496 1482 2529 Quid
1491 2495 1572 2532 ergo?
1585 2496 1625 2522 Tu
1635 2495 1784 2530 Epicurum
1795 2497 1855 2522 exi-

1059 2534 1154 2560 stimas
1169 2534 1219 2560 ista
1237 2532 1368 2563 voluisse.
1386 2538 1432 2560 aut
1446 2533 1606 2560 libidinosas
1620 2533 1680 2559 eius
1694 2532 1780 2559 fuisse
1791 2541 1854 2559 sen-

1060 2569 1174 2597 tentias‘?
1194 2570 1251 2606 Ego
1266 2578 1330 2597 vero
1344 2571 1466 2597 minime.
1506 2570 1590 2597 Video
1609 2571 1682 2596 enim
1703 2569 1736 2596 ab
1751 2578 1783 2596 eo
1797 2569 1853 2596 dici

1059 2607 1143 2634 multa
1153 2615 1256 2638 severe,
1269 2607 1353 2634 multa
1364 2607 1510 2642 praeclare.
1535 2608 1637 2642 ltaque,
1653 2612 1682 2634 ut
1692 2615 1772 2642 saepe
1782 2605 1850 2636 dixi,

1057 2644 1091 2671 de
1106 2645 1230 2672 acumine
1245 2645 1335 2680 agitur
1353 2646 1426 2675 eius.
1448 2653 1501 2672 non
1520 2644 1553 2671 de
1568 2644 1703 2678 moribus:
1725 2644 1853 2680 quamvis
