<?xml version="1.0" encoding="UTF-8"?>
<!DOCTYPE html PUBLIC "-//W3C//DTD XHTML 1.0 Transitional//EN"
    "http://www.w3.org/TR/xhtml1/DTD/xhtml1-transitional.dtd">
<html xmlns="http://www.w3.org/1999/xhtml" xml:lang="en" lang="en">
 <head>
  <title>
</title>
<meta http-equiv="Content-Type" content="text/html;charset=utf-8" />
  <meta name='ocr-system' content='tesseract 3.04.00' />
  <meta name='ocr-capabilities' content='ocr_page ocr_carea ocr_par ocr_line ocrx_word'/>
</head>
<body>
  <div class='ocr_page' id='page_1' title='image "./operaomniaunovol00ciceuoft_1009.png"; bbox 0 0 1941 3052; ppageno 0'>
   <div class='ocr_carea' id='block_1_1' title="bbox 337 115 1122 144">
    <p class='ocr_par' dir='ltr' id='par_1_1' title="bbox 337 115 1122 144">
     <span class='ocr_line' id='line_1_1' title="bbox 337 115 1122 144; baseline -0.003 0"><span class='ocrx_word' id='word_1_1' title='bbox 337 116 707 144; x_wconf 84' lang='lat' dir='ltr'>ACADEMICORUM</span> <span class='ocrx_word' id='word_1_2' title='bbox 737 115 941 143; x_wconf 84' lang='lat' dir='ltr'><strong>PRIORUM</strong></span> <span class='ocrx_word' id='word_1_3' title='bbox 973 116 1054 142; x_wconf 87' lang='lat' dir='ltr'>LIB.</span> <span class='ocrx_word' id='word_1_4' title='bbox 1086 117 1122 143; x_wconf 94' lang='grc' dir='ltr'>ΙΙ.</span> 
     </span>
    </p>
   </div>
   <div class='ocr_carea' id='block_1_2' title="bbox 64 186 862 970">
    <p class='ocr_par' dir='ltr' id='par_1_2' title="bbox 64 186 862 970">
     <span class='ocr_line' id='line_1_2' title="bbox 65 186 859 223; baseline -0.004 -6"><span class='ocrx_word' id='word_1_5' title='bbox 65 191 116 217; x_wconf 90' lang='lat' dir='ltr'>beo</span> <span class='ocrx_word' id='word_1_6' title='bbox 126 189 197 216; x_wconf 89' lang='lat' dir='ltr'>enim</span> <span class='ocrx_word' id='word_1_7' title='bbox 209 186 344 223; x_wconf 81' lang='lat' dir='ltr'>regulam,</span> <span class='ocrx_word' id='word_1_8' title='bbox 362 192 391 215; x_wconf 89' lang='lat' dir='ltr'>ut</span> <span class='ocrx_word' id='word_1_9' title='bbox 402 187 464 215; x_wconf 86' lang='lat' dir='ltr'>talia</span> <span class='ocrx_word' id='word_1_10' title='bbox 476 189 534 214; x_wconf 83' lang='lat' dir='ltr'>visa</span> <span class='ocrx_word' id='word_1_11' title='bbox 546 196 608 214; x_wconf 84' lang='lat' dir='ltr'>vera</span> <span class='ocrx_word' id='word_1_12' title='bbox 619 187 751 219; x_wconf 89' lang='lat' dir='ltr'>iudicem,</span> <span class='ocrx_word' id='word_1_13' title='bbox 769 187 859 222; x_wconf 85' lang='lat' dir='ltr'>qualia</span> 
     </span>
     <span class='ocr_line' id='line_1_3' title="bbox 64 225 860 260; baseline -0.004 -6"><span class='ocrx_word' id='word_1_14' title='bbox 64 227 131 254; x_wconf 82' lang='lat' dir='ltr'>falsa</span> <span class='ocrx_word' id='word_1_15' title='bbox 146 235 205 253; x_wconf 88' lang='lat' dir='ltr'>esse</span> <span class='ocrx_word' id='word_1_16' title='bbox 219 234 272 252; x_wconf 91' lang='lat' dir='ltr'>non</span> <span class='ocrx_word' id='word_1_17' title='bbox 288 225 400 260; x_wconf 84' lang='lat' dir='ltr'><strong>possint.</strong></span> <span class='ocrx_word' id='word_1_18' title='bbox 441 225 482 251; x_wconf 81' lang='lat' dir='ltr'>Ab</span> <span class='ocrx_word' id='word_1_19' title='bbox 497 225 546 251; x_wconf 91' lang='lat' dir='ltr'>hac</span> <span class='ocrx_word' id='word_1_20' title='bbox 557 225 625 251; x_wconf 90' lang='lat' dir='ltr'>mihi</span> <span class='ocrx_word' id='word_1_21' title='bbox 638 234 689 251; x_wconf 90' lang='lat' dir='ltr'>non</span> <span class='ocrx_word' id='word_1_22' title='bbox 701 225 763 252; x_wconf 88' lang='lat' dir='ltr'>licet</span> <span class='ocrx_word' id='word_1_23' title='bbox 773 230 860 252; x_wconf 86' lang='lat' dir='ltr'>trans-</span> 
     </span>
     <span class='ocr_line' id='line_1_4' title="bbox 64 262 859 298; baseline -0.004 -7"><span class='ocrx_word' id='word_1_24' title='bbox 64 272 188 295; x_wconf 88' lang='lat' dir='ltr'>versum,</span> <span class='ocrx_word' id='word_1_25' title='bbox 205 267 236 289; x_wconf 89' lang='lat' dir='ltr'>ut</span> <span class='ocrx_word' id='word_1_26' title='bbox 250 263 337 293; x_wconf 84' lang='lat' dir='ltr'>aiunt,</span> <span class='ocrx_word' id='word_1_27' title='bbox 355 262 472 298; x_wconf 83' lang='lat' dir='ltr'>digitum</span> <span class='ocrx_word' id='word_1_28' title='bbox 484 262 635 293; x_wconf 79' lang='lat' dir='ltr'>discedere,</span> <span class='ocrx_word' id='word_1_29' title='bbox 652 271 685 288; x_wconf 91' lang='lat' dir='ltr'>ne</span> <span class='ocrx_word' id='word_1_30' title='bbox 696 262 859 289; x_wconf 80' lang='lat' dir='ltr'>confundam</span> 
     </span>
     <span class='ocr_line' id='line_1_5' title="bbox 64 299 860 335; baseline -0.003 -7"><span class='ocrx_word' id='word_1_31' title='bbox 64 301 164 328; x_wconf 86' lang='lat' dir='ltr'>omnia.</span> <span class='ocrx_word' id='word_1_32' title='bbox 203 300 266 326; x_wconf 90' lang='lat' dir='ltr'><strong>Veri</strong></span> <span class='ocrx_word' id='word_1_33' title='bbox 287 300 359 325; x_wconf 88' lang='lat' dir='ltr'>enim</span> <span class='ocrx_word' id='word_1_34' title='bbox 380 304 406 326; x_wconf 92' lang='lat' dir='ltr'>et</span> <span class='ocrx_word' id='word_1_35' title='bbox 420 299 481 326; x_wconf 84' lang='lat' dir='ltr'>salsi</span> <span class='ocrx_word' id='word_1_36' title='bbox 497 309 550 326; x_wconf 90' lang='lat' dir='ltr'>non</span> <span class='ocrx_word' id='word_1_37' title='bbox 566 299 645 326; x_wconf 91' lang='lat' dir='ltr'>modo</span> <span class='ocrx_word' id='word_1_38' title='bbox 660 300 790 335; x_wconf 82' lang='lat' dir='ltr'>cognitio,</span> <span class='ocrx_word' id='word_1_39' title='bbox 812 299 860 325; x_wconf 88' lang='lat' dir='ltr'>sed</span> 
     </span>
     <span class='ocr_line' id='line_1_6' title="bbox 64 336 861 371; baseline -0.003 -6"><span class='ocrx_word' id='word_1_40' title='bbox 64 340 145 366; x_wconf 89' lang='lat' dir='ltr'>etiam</span> <span class='ocrx_word' id='word_1_41' title='bbox 161 342 254 364; x_wconf 90' lang='lat' dir='ltr'>natura</span> <span class='ocrx_word' id='word_1_42' title='bbox 269 336 389 368; x_wconf 88' lang='lat' dir='ltr'>tolletur,</span> <span class='ocrx_word' id='word_1_43' title='bbox 405 338 429 363; x_wconf 90' lang='lat' dir='ltr'>si</span> <span class='ocrx_word' id='word_1_44' title='bbox 443 337 512 363; x_wconf 89' lang='lat' dir='ltr'>nihil</span> <span class='ocrx_word' id='word_1_45' title='bbox 528 338 591 368; x_wconf 85' lang='lat' dir='ltr'>erit,</span> <span class='ocrx_word' id='word_1_46' title='bbox 608 336 681 371; x_wconf 90' lang='lat' dir='ltr'>quod</span> <span class='ocrx_word' id='word_1_47' title='bbox 697 338 813 363; x_wconf 88' lang='lat' dir='ltr'>intersit:</span> <span class='ocrx_word' id='word_1_48' title='bbox 832 341 861 363; x_wconf 92' lang='lat' dir='ltr'>ut</span> 
     </span>
     <span class='ocr_line' id='line_1_7' title="bbox 64 373 861 409; baseline -0.004 -6"><span class='ocrx_word' id='word_1_49' title='bbox 64 377 145 403; x_wconf 87' lang='lat' dir='ltr'>etiam</span> <span class='ocrx_word' id='word_1_50' title='bbox 156 374 226 401; x_wconf 89' lang='lat' dir='ltr'>illud</span> <span class='ocrx_word' id='word_1_51' title='bbox 237 374 385 400; x_wconf 90' lang='lat' dir='ltr'>absurdum</span> <span class='ocrx_word' id='word_1_52' title='bbox 397 375 440 405; x_wconf 91' lang='lat' dir='ltr'>sit,</span> <span class='ocrx_word' id='word_1_53' title='bbox 453 374 526 409; x_wconf 87' lang='lat' dir='ltr'>quod</span> <span class='ocrx_word' id='word_1_54' title='bbox 538 374 673 401; x_wconf 91' lang='lat' dir='ltr'>interdum</span> <span class='ocrx_word' id='word_1_55' title='bbox 685 374 776 401; x_wconf 89' lang='lat' dir='ltr'>soletis</span> <span class='ocrx_word' id='word_1_56' title='bbox 787 373 861 400; x_wconf 89' lang='lat' dir='ltr'>dice-</span> 
     </span>
     <span class='ocr_line' id='line_1_8' title="bbox 65 411 861 448; baseline -0.004 -8"><span class='ocrx_word' id='word_1_57' title='bbox 65 421 92 440; x_wconf 91' lang='lat' dir='ltr'>re</span> <span class='ocrx_word' id='word_1_58' title='bbox 101 434 107 444; x_wconf 95' lang='lat'>‚</span> <span class='ocrx_word' id='word_1_59' title='bbox 120 421 206 448; x_wconf 90' lang='lat' dir='ltr'>quum</span> <span class='ocrx_word' id='word_1_60' title='bbox 218 412 276 438; x_wconf 85' lang='lat' dir='ltr'>visa</span> <span class='ocrx_word' id='word_1_61' title='bbox 287 412 314 438; x_wconf 92' lang='lat' dir='ltr'>in</span> <span class='ocrx_word' id='word_1_62' title='bbox 326 412 424 438; x_wconf 89' lang='lat' dir='ltr'>animis</span> <span class='ocrx_word' id='word_1_63' title='bbox 436 412 639 446; x_wconf 84' lang='lat' dir='ltr'>imprimantur,</span> <span class='ocrx_word' id='word_1_64' title='bbox 656 420 709 438; x_wconf 93' lang='lat' dir='ltr'>non</span> <span class='ocrx_word' id='word_1_65' title='bbox 720 420 768 437; x_wconf 92' lang='lat' dir='ltr'>vos</span> <span class='ocrx_word' id='word_1_66' title='bbox 780 411 807 437; x_wconf 88' lang='lat' dir='ltr'>id</span> <span class='ocrx_word' id='word_1_67' title='bbox 818 411 861 437; x_wconf 89' lang='lat' dir='ltr'>di-</span> 
     </span>
     <span class='ocr_line' id='line_1_9' title="bbox 64 448 861 484; baseline -0.004 -7"><span class='ocrx_word' id='word_1_68' title='bbox 64 459 137 481; x_wconf 92' lang='lat' dir='ltr'>cere,</span> <span class='ocrx_word' id='word_1_69' title='bbox 151 450 220 476; x_wconf 92' lang='lat' dir='ltr'>inter</span> <span class='ocrx_word' id='word_1_70' title='bbox 231 449 304 484; x_wconf 88' lang='lat' dir='ltr'>ipsas</span> <span class='ocrx_word' id='word_1_71' title='bbox 316 450 508 483; x_wconf 82' lang='lat' dir='ltr'>impressiones</span> <span class='ocrx_word' id='word_1_72' title='bbox 519 448 587 475; x_wconf 92' lang='lat' dir='ltr'>nihil</span> <span class='ocrx_word' id='word_1_73' title='bbox 600 449 742 479; x_wconf 87' lang='lat' dir='ltr'>interesse,</span> <span class='ocrx_word' id='word_1_74' title='bbox 760 448 808 474; x_wconf 88' lang='lat' dir='ltr'>scd</span> <span class='ocrx_word' id='word_1_75' title='bbox 819 449 861 474; x_wconf 90' lang='lat' dir='ltr'>in-</span> 
     </span>
     <span class='ocr_line' id='line_1_10' title="bbox 65 486 861 522; baseline -0.004 -8"><span class='ocrx_word' id='word_1_76' title='bbox 65 493 104 515; x_wconf 89' lang='lat' dir='ltr'>ter</span> <span class='ocrx_word' id='word_1_77' title='bbox 127 487 232 522; x_wconf 87' lang='lat' dir='ltr'>species</span> <span class='ocrx_word' id='word_1_78' title='bbox 251 491 276 513; x_wconf 90' lang='lat' dir='ltr'>et</span> <span class='ocrx_word' id='word_1_79' title='bbox 295 486 427 521; x_wconf 89' lang='lat' dir='ltr'>quasdam</span> <span class='ocrx_word' id='word_1_80' title='bbox 443 486 541 513; x_wconf 75' lang='lat' dir='ltr'>formas</span> <span class='ocrx_word' id='word_1_81' title='bbox 556 494 659 512; x_wconf 88' lang='lat' dir='ltr'>eorum.</span> <span class='ocrx_word' id='word_1_82' title='bbox 699 486 782 518; x_wconf 86' lang='lat' dir='ltr'>Quasi</span> <span class='ocrx_word' id='word_1_83' title='bbox 798 494 861 511; x_wconf 91' lang='lat' dir='ltr'>vero</span> 
     </span>
     <span class='ocr_line' id='line_1_11' title="bbox 65 523 861 559; baseline -0.004 -8"><span class='ocrx_word' id='word_1_84' title='bbox 65 534 116 552; x_wconf 90' lang='lat' dir='ltr'>non</span> <span class='ocrx_word' id='word_1_85' title='bbox 128 525 219 559; x_wconf 89' lang='lat' dir='ltr'>specie</span> <span class='ocrx_word' id='word_1_86' title='bbox 229 525 287 550; x_wconf 83' lang='lat' dir='ltr'>visa</span> <span class='ocrx_word' id='word_1_87' title='bbox 297 523 464 550; x_wconf 88' lang='lat' dir='ltr'>iudicentur:</span> <span class='ocrx_word' id='word_1_88' title='bbox 486 532 555 558; x_wconf 85' lang='lat' dir='ltr'>quae</span> <span class='ocrx_word' id='word_1_89' title='bbox 571 523 651 549; x_wconf 82' lang='lat' dir='ltr'>fldem</span> <span class='ocrx_word' id='word_1_90' title='bbox 663 523 765 549; x_wconf 91' lang='lat' dir='ltr'>nullam</span> <span class='ocrx_word' id='word_1_91' title='bbox 778 523 861 549; x_wconf 89' lang='lat' dir='ltr'>habe-</span> 
     </span>
     <span class='ocr_line' id='line_1_12' title="bbox 65 560 861 594; baseline -0.003 -6"><span class='ocrx_word' id='word_1_92' title='bbox 65 562 146 593; x_wconf 79' lang='lat' dir='ltr'>bunt,</span> <span class='ocrx_word' id='word_1_93' title='bbox 164 561 269 587; x_wconf 87' lang='lat' dir='ltr'>sublata</span> <span class='ocrx_word' id='word_1_94' title='bbox 285 562 342 587; x_wconf 89' lang='lat' dir='ltr'>veri</span> <span class='ocrx_word' id='word_1_95' title='bbox 358 566 383 587; x_wconf 90' lang='lat' dir='ltr'>et</span> <span class='ocrx_word' id='word_1_96' title='bbox 398 560 459 587; x_wconf 81' lang='lat' dir='ltr'>falsi</span> <span class='ocrx_word' id='word_1_97' title='bbox 471 565 541 587; x_wconf 89' lang='lat' dir='ltr'>nota.</span> <span class='ocrx_word' id='word_1_98' title='bbox 581 562 622 587; x_wconf 80' lang='lat'>59.</span> <span class='ocrx_word' id='word_1_99' title='bbox 644 560 714 587; x_wconf 92' lang='lat' dir='ltr'>Illud</span> <span class='ocrx_word' id='word_1_100' title='bbox 727 569 789 587; x_wconf 89' lang='lat' dir='ltr'>vero</span> <span class='ocrx_word' id='word_1_101' title='bbox 800 568 861 594; x_wconf 89' lang='lat' dir='ltr'>per-</span> 
     </span>
     <span class='ocr_line' id='line_1_13' title="bbox 65 597 860 633; baseline -0.004 -7"><span class='ocrx_word' id='word_1_102' title='bbox 65 598 228 629; x_wconf 87' lang='lat' dir='ltr'>absurdum,</span> <span class='ocrx_word' id='word_1_103' title='bbox 245 598 317 633; x_wconf 90' lang='lat' dir='ltr'>quod</span> <span class='ocrx_word' id='word_1_104' title='bbox 333 598 438 630; x_wconf 88' lang='lat' dir='ltr'>dicitis,</span> <span class='ocrx_word' id='word_1_105' title='bbox 455 597 606 633; x_wconf 85' lang='lat' dir='ltr'>probabilia</span> <span class='ocrx_word' id='word_1_106' title='bbox 621 606 668 624; x_wconf 86' lang='lat' dir='ltr'>vos</span> <span class='ocrx_word' id='word_1_107' title='bbox 684 598 776 632; x_wconf 89' lang='lat' dir='ltr'>sequi,</span> <span class='ocrx_word' id='word_1_108' title='bbox 794 598 817 623; x_wconf 91' lang='lat' dir='ltr'>si</span> <span class='ocrx_word' id='word_1_109' title='bbox 834 606 860 623; x_wconf 93' lang='lat' dir='ltr'>re</span> 
     </span>
     <span class='ocr_line' id='line_1_14' title="bbox 65 635 862 670; baseline -0.004 -7"><span class='ocrx_word' id='word_1_110' title='bbox 65 636 139 663; x_wconf 91' lang='lat' dir='ltr'>nulla</span> <span class='ocrx_word' id='word_1_111' title='bbox 151 635 348 670; x_wconf 84' lang='lat' dir='ltr'>impediamini.</span> <span class='ocrx_word' id='word_1_112' title='bbox 388 636 509 662; x_wconf 91' lang='lat' dir='ltr'>Primum</span> <span class='ocrx_word' id='word_1_113' title='bbox 525 636 572 670; x_wconf 91' lang='lat' dir='ltr'>qui</span> <span class='ocrx_word' id='word_1_114' title='bbox 588 636 699 670; x_wconf 88' lang='lat' dir='ltr'>potestis</span> <span class='ocrx_word' id='word_1_115' title='bbox 710 644 763 661; x_wconf 93' lang='lat' dir='ltr'>non</span> <span class='ocrx_word' id='word_1_116' title='bbox 774 635 862 669; x_wconf 87' lang='lat' dir='ltr'>impe-</span> 
     </span>
     <span class='ocr_line' id='line_1_15' title="bbox 65 672 862 708; baseline -0.004 -8"><span class='ocrx_word' id='word_1_117' title='bbox 65 674 127 705; x_wconf 89' lang='lat' dir='ltr'>diri,</span> <span class='ocrx_word' id='word_1_118' title='bbox 140 682 226 708; x_wconf 91' lang='lat' dir='ltr'>quum</span> <span class='ocrx_word' id='word_1_119' title='bbox 239 682 253 699; x_wconf 93' lang='lat' dir='ltr'>a</span> <span class='ocrx_word' id='word_1_120' title='bbox 265 674 336 700; x_wconf 89' lang='lat' dir='ltr'>veris</span> <span class='ocrx_word' id='word_1_121' title='bbox 348 673 413 699; x_wconf 83' lang='lat' dir='ltr'>falsa</span> <span class='ocrx_word' id='word_1_122' title='bbox 426 682 477 699; x_wconf 92' lang='lat' dir='ltr'>non</span> <span class='ocrx_word' id='word_1_123' title='bbox 489 672 606 699; x_wconf 81' lang='lat' dir='ltr'>distent‘?</span> <span class='ocrx_word' id='word_1_124' title='bbox 626 672 723 698; x_wconf 90' lang='lat' dir='ltr'>deinde</span> <span class='ocrx_word' id='word_1_125' title='bbox 734 672 806 707; x_wconf 89' lang='lat' dir='ltr'>quod</span> <span class='ocrx_word' id='word_1_126' title='bbox 818 672 862 697; x_wconf 92' lang='lat' dir='ltr'>iu-</span> 
     </span>
     <span class='ocr_line' id='line_1_16' title="bbox 65 709 860 746; baseline -0.004 -9"><span class='ocrx_word' id='word_1_127' title='bbox 65 711 168 738; x_wconf 83' lang='lat' dir='ltr'>dicium</span> <span class='ocrx_word' id='word_1_128' title='bbox 181 716 221 737; x_wconf 82' lang='lat' dir='ltr'>est</span> <span class='ocrx_word' id='word_1_129' title='bbox 234 712 302 742; x_wconf 86' lang='lat' dir='ltr'>veri,</span> <span class='ocrx_word' id='word_1_130' title='bbox 316 719 401 746; x_wconf 92' lang='lat' dir='ltr'>quum</span> <span class='ocrx_word' id='word_1_131' title='bbox 412 711 447 737; x_wconf 91' lang='lat' dir='ltr'>sit</span> <span class='ocrx_word' id='word_1_132' title='bbox 457 718 600 736; x_wconf 88' lang='lat' dir='ltr'>commune</span> <span class='ocrx_word' id='word_1_133' title='bbox 611 709 690 736; x_wconf 72' lang='lat' dir='ltr'>salsi?</span> <span class='ocrx_word' id='word_1_134' title='bbox 708 710 750 736; x_wconf 82' lang='lat' dir='ltr'>Ex</span> <span class='ocrx_word' id='word_1_135' title='bbox 761 709 804 735; x_wconf 89' lang='lat' dir='ltr'>his</span> <span class='ocrx_word' id='word_1_136' title='bbox 816 709 860 735; x_wconf 91' lang='lat' dir='ltr'>illa</span> 
     </span>
     <span class='ocr_line' id='line_1_17' title="bbox 65 747 858 782; baseline -0.004 -7"><span class='ocrx_word' id='word_1_137' title='bbox 65 749 217 775; x_wconf 89' lang='lat' dir='ltr'>necessario</span> <span class='ocrx_word' id='word_1_138' title='bbox 227 753 287 775; x_wconf 87' lang='lat' dir='ltr'>nata</span> <span class='ocrx_word' id='word_1_139' title='bbox 299 753 339 774; x_wconf 90' lang='lat' dir='ltr'>est</span> <span class='ocrx_word' id='word_1_140' title='bbox 349 747 442 782; x_wconf 79' lang='grc' dir='ltr'><em>ἐποχή,</em></span> <span class='ocrx_word' id='word_1_141' title='bbox 461 747 488 773; x_wconf 93' lang='lat' dir='ltr'>id</span> <span class='ocrx_word' id='word_1_142' title='bbox 504 752 544 774; x_wconf 87' lang='lat' dir='ltr'>est</span> <span class='ocrx_word' id='word_1_143' title='bbox 557 747 722 773; x_wconf 86' lang='lat' dir='ltr'>assensionis</span> <span class='ocrx_word' id='word_1_144' title='bbox 734 747 858 773; x_wconf 88' lang='lat' dir='ltr'>retentio:</span> 
     </span>
     <span class='ocr_line' id='line_1_18' title="bbox 65 784 858 821; baseline -0.004 -9"><span class='ocrx_word' id='word_1_145' title='bbox 65 787 92 812; x_wconf 95' lang='lat' dir='ltr'>in</span> <span class='ocrx_word' id='word_1_146' title='bbox 108 794 162 821; x_wconf 90' lang='lat' dir='ltr'>qua</span> <span class='ocrx_word' id='word_1_147' title='bbox 177 785 275 812; x_wconf 91' lang='lat' dir='ltr'>melius</span> <span class='ocrx_word' id='word_1_148' title='bbox 291 785 344 811; x_wconf 87' lang='lat' dir='ltr'>sibi</span> <span class='ocrx_word' id='word_1_149' title='bbox 360 785 479 811; x_wconf 90' lang='lat' dir='ltr'>constitit</span> <span class='ocrx_word' id='word_1_150' title='bbox 493 784 640 815; x_wconf 76' lang='lat' dir='ltr'>Arcesilas,</span> <span class='ocrx_word' id='word_1_151' title='bbox 663 784 687 810; x_wconf 89' lang='lat' dir='ltr'>si</span> <span class='ocrx_word' id='word_1_152' title='bbox 706 792 769 810; x_wconf 89' lang='lat' dir='ltr'>vera</span> <span class='ocrx_word' id='word_1_153' title='bbox 787 787 858 814; x_wconf 88' lang='lat' dir='ltr'>sunt,</span> 
     </span>
     <span class='ocr_line' id='line_1_19' title="bbox 65 821 862 858; baseline -0.003 -9"><span class='ocrx_word' id='word_1_154' title='bbox 65 832 134 858; x_wconf 89' lang='lat' dir='ltr'>quae</span> <span class='ocrx_word' id='word_1_155' title='bbox 145 823 178 849; x_wconf 92' lang='lat' dir='ltr'>de</span> <span class='ocrx_word' id='word_1_156' title='bbox 189 822 324 849; x_wconf 81' lang='lat' dir='ltr'>Carneade</span> <span class='ocrx_word' id='word_1_157' title='bbox 336 821 459 849; x_wconf 86' lang='lat' dir='ltr'>nonnulli</span> <span class='ocrx_word' id='word_1_158' title='bbox 470 823 634 848; x_wconf 87' lang='lat' dir='ltr'>existimant.</span> <span class='ocrx_word' id='word_1_159' title='bbox 675 821 703 847; x_wconf 88' lang='lat' dir='ltr'>Si</span> <span class='ocrx_word' id='word_1_160' title='bbox 714 822 786 847; x_wconf 88' lang='lat' dir='ltr'>enim</span> <span class='ocrx_word' id='word_1_161' title='bbox 800 829 862 855; x_wconf 86' lang='lat' dir='ltr'>per-</span> 
     </span>
     <span class='ocr_line' id='line_1_20' title="bbox 65 858 861 895; baseline -0.005 -8"><span class='ocrx_word' id='word_1_162' title='bbox 65 861 120 895; x_wconf 88' lang='lat' dir='ltr'>cipi</span> <span class='ocrx_word' id='word_1_163' title='bbox 136 860 204 886; x_wconf 89' lang='lat' dir='ltr'>nihil</span> <span class='ocrx_word' id='word_1_164' title='bbox 221 865 321 894; x_wconf 90' lang='lat' dir='ltr'>potest,</span> <span class='ocrx_word' id='word_1_165' title='bbox 342 859 415 894; x_wconf 90' lang='lat' dir='ltr'>quod</span> <span class='ocrx_word' id='word_1_166' title='bbox 430 860 538 894; x_wconf 88' lang='lat' dir='ltr'>utrique</span> <span class='ocrx_word' id='word_1_167' title='bbox 552 860 643 885; x_wconf 87' lang='lat' dir='ltr'>visum</span> <span class='ocrx_word' id='word_1_168' title='bbox 657 863 709 885; x_wconf 89' lang='lat' dir='ltr'>est:</span> <span class='ocrx_word' id='word_1_169' title='bbox 726 858 861 885; x_wconf 90' lang='lat' dir='ltr'>tollendus</span> 
     </span>
     <span class='ocr_line' id='line_1_21' title="bbox 65 895 862 930; baseline -0.004 -6"><span class='ocrx_word' id='word_1_170' title='bbox 65 906 192 924; x_wconf 83' lang='lat' dir='ltr'>assensus</span> <span class='ocrx_word' id='word_1_171' title='bbox 203 902 252 923; x_wconf 90' lang='lat' dir='ltr'>est.</span> <span class='ocrx_word' id='word_1_172' title='bbox 292 896 363 929; x_wconf 90' lang='lat' dir='ltr'>Quid</span> <span class='ocrx_word' id='word_1_173' title='bbox 375 897 448 922; x_wconf 89' lang='lat' dir='ltr'>enim</span> <span class='ocrx_word' id='word_1_174' title='bbox 459 901 499 923; x_wconf 90' lang='lat' dir='ltr'>est</span> <span class='ocrx_word' id='word_1_175' title='bbox 510 901 563 923; x_wconf 89' lang='lat' dir='ltr'>tam</span> <span class='ocrx_word' id='word_1_176' title='bbox 576 896 666 927; x_wconf 86' lang='lat' dir='ltr'>sutile,</span> <span class='ocrx_word' id='word_1_177' title='bbox 681 904 764 930; x_wconf 89' lang='lat' dir='ltr'>quam</span> <span class='ocrx_word' id='word_1_178' title='bbox 779 895 862 930; x_wconf 88' lang='lat' dir='ltr'>quid-</span> 
     </span>
     <span class='ocr_line' id='line_1_22' title="bbox 65 933 861 970; baseline -0.003 -9"><span class='ocrx_word' id='word_1_179' title='bbox 65 943 147 970; x_wconf 86' lang='lat' dir='ltr'>quam</span> <span class='ocrx_word' id='word_1_180' title='bbox 167 934 314 969; x_wconf 87' lang='lat' dir='ltr'>approbare</span> <span class='ocrx_word' id='word_1_181' title='bbox 333 943 387 960; x_wconf 93' lang='lat' dir='ltr'>non</span> <span class='ocrx_word' id='word_1_182' title='bbox 406 933 563 969; x_wconf 66' lang='lat' dir='ltr'>cognitum?</span> <span class='ocrx_word' id='word_1_183' title='bbox 587 933 751 960; x_wconf 85' lang='lat' dir='ltr'>Carneadem</span> <span class='ocrx_word' id='word_1_184' title='bbox 772 938 861 959; x_wconf 90' lang='lat' dir='ltr'>autem</span> 
     </span>
    </p>
   </div>
   <div class='ocr_carea' id='block_1_3' title="bbox 65 967 884 999">
    <p class='ocr_par' dir='ltr' id='par_1_3' title="bbox 65 967 884 999">
     <span class='ocr_line' id='line_1_23' title="bbox 65 967 884 999; baseline -0.004 0"><span class='ocrx_word' id='word_1_185' title='bbox 65 973 146 999; x_wconf 91' lang='lat' dir='ltr'>etiam</span> <span class='ocrx_word' id='word_1_186' title='bbox 161 971 220 998; x_wconf 86' lang='lat' dir='ltr'>heri</span> <span class='ocrx_word' id='word_1_187' title='bbox 231 971 410 997; x_wconf 84' lang='lat' dir='ltr'>audiebamus</span> <span class='ocrx_word' id='word_1_188' title='bbox 421 970 530 997; x_wconf 90' lang='lat' dir='ltr'>solitum</span> <span class='ocrx_word' id='word_1_189' title='bbox 542 980 601 997; x_wconf 89' lang='lat' dir='ltr'>esse</span> <span class='ocrx_word' id='word_1_190' title='bbox 612 979 643 997; x_wconf 93' lang='lat' dir='ltr'>eo</span> <span class='ocrx_word' id='word_1_191' title='bbox 654 971 665 984; x_wconf 66' lang='lat'>⁸</span> <span class='ocrx_word' id='word_1_192' title='bbox 676 970 767 997; x_wconf 87' lang='lat' dir='ltr'>delabi</span> <span class='ocrx_word' id='word_1_193' title='bbox 779 972 862 997; x_wconf 88' lang='lat' dir='ltr'>inter·</span> <span class='ocrx_word' id='word_1_194' title='bbox 883 967 884 974; x_wconf 55' lang='lat'>¹</span> 
     </span>
    </p>
   </div>
   <div class='ocr_carea' id='block_1_4' title="bbox 64 1008 862 1120">
    <p class='ocr_par' dir='ltr' id='par_1_4' title="bbox 64 1008 862 1120">
     <span class='ocr_line' id='line_1_24' title="bbox 64 1008 861 1043; baseline -0.003 -7"><span class='ocrx_word' id='word_1_195' title='bbox 64 1009 140 1041; x_wconf 91' lang='lat' dir='ltr'>dum,</span> <span class='ocrx_word' id='word_1_196' title='bbox 153 1013 183 1035; x_wconf 91' lang='lat' dir='ltr'>ut</span> <span class='ocrx_word' id='word_1_197' title='bbox 192 1009 301 1040; x_wconf 86' lang='lat' dir='ltr'>diceret,</span> <span class='ocrx_word' id='word_1_198' title='bbox 315 1009 497 1043; x_wconf 89' lang='lat' dir='ltr'>opinaturum,</span> <span class='ocrx_word' id='word_1_199' title='bbox 515 1008 543 1035; x_wconf 91' lang='lat' dir='ltr'>id</span> <span class='ocrx_word' id='word_1_200' title='bbox 553 1013 602 1040; x_wconf 90' lang='lat' dir='ltr'>est,</span> <span class='ocrx_word' id='word_1_201' title='bbox 616 1013 790 1043; x_wconf 89' lang='lat' dir='ltr'>peccaturum</span> <span class='ocrx_word' id='word_1_202' title='bbox 802 1017 861 1034; x_wconf 88' lang='lat' dir='ltr'>esse</span> 
     </span>
     <span class='ocr_line' id='line_1_25' title="bbox 64 1045 862 1082; baseline -0.001 -9"><span class='ocrx_word' id='word_1_203' title='bbox 64 1047 224 1082; x_wconf 83' lang='lat' dir='ltr'>sapientem.</span> <span class='ocrx_word' id='word_1_204' title='bbox 263 1046 330 1072; x_wconf 83' lang='lat' dir='ltr'>Mihi</span> <span class='ocrx_word' id='word_1_205' title='bbox 342 1055 419 1080; x_wconf 88' lang='lat' dir='ltr'>porro</span> <span class='ocrx_word' id='word_1_206' title='bbox 430 1055 483 1072; x_wconf 92' lang='lat' dir='ltr'>non</span> <span class='ocrx_word' id='word_1_207' title='bbox 494 1051 547 1072; x_wconf 89' lang='lat' dir='ltr'>tam</span> <span class='ocrx_word' id='word_1_208' title='bbox 558 1051 661 1072; x_wconf 88' lang='lat' dir='ltr'>certum</span> <span class='ocrx_word' id='word_1_209' title='bbox 672 1050 726 1076; x_wconf 88' lang='lat' dir='ltr'>est,</span> <span class='ocrx_word' id='word_1_210' title='bbox 742 1054 801 1072; x_wconf 88' lang='lat' dir='ltr'>esse</span> <span class='ocrx_word' id='word_1_211' title='bbox 812 1045 862 1071; x_wconf 85' lang='lat' dir='ltr'>ali-</span> 
     </span>
     <span class='ocr_line' id='line_1_26' title="bbox 64 1083 861 1120; baseline -0.001 -10"><span class='ocrx_word' id='word_1_212' title='bbox 64 1084 146 1120; x_wconf 89' lang='lat' dir='ltr'>quid,</span> <span class='ocrx_word' id='word_1_213' title='bbox 164 1083 237 1118; x_wconf 90' lang='lat' dir='ltr'>quod</span> <span class='ocrx_word' id='word_1_214' title='bbox 250 1083 442 1118; x_wconf 82' lang='lat' dir='ltr'>comprehendi</span> <span class='ocrx_word' id='word_1_215' title='bbox 454 1084 552 1118; x_wconf 85' lang='lat' dir='ltr'>possit,</span> <span class='ocrx_word' id='word_1_216' title='bbox 569 1083 601 1109; x_wconf 91' lang='lat' dir='ltr'>de</span> <span class='ocrx_word' id='word_1_217' title='bbox 613 1092 666 1118; x_wconf 91' lang='lat' dir='ltr'>quo</span> <span class='ocrx_word' id='word_1_218' title='bbox 681 1084 733 1109; x_wconf 88' lang='lat' dir='ltr'>iam</span> <span class='ocrx_word' id='word_1_219' title='bbox 745 1084 861 1109; x_wconf 90' lang='lat' dir='ltr'>nimium</span> 
     </span>
    </p>
   </div>
   <div class='ocr_carea' id='block_1_5' title="bbox 64 1120 885 1156">
    <p class='ocr_par' dir='ltr' id='par_1_5' title="bbox 64 1120 885 1156">
     <span class='ocr_line' id='line_1_27' title="bbox 64 1120 885 1156; baseline -0.002 -8"><span class='ocrx_word' id='word_1_220' title='bbox 64 1122 145 1148; x_wconf 81' lang='lat' dir='ltr'>etiam</span> <span class='ocrx_word' id='word_1_221' title='bbox 156 1121 204 1147; x_wconf 92' lang='lat' dir='ltr'>diu</span> <span class='ocrx_word' id='word_1_222' title='bbox 216 1121 338 1156; x_wconf 88' lang='lat' dir='ltr'>disputo,</span> <span class='ocrx_word' id='word_1_223' title='bbox 356 1130 438 1156; x_wconf 88' lang='lat' dir='ltr'>quam</span> <span class='ocrx_word' id='word_1_224' title='bbox 454 1122 603 1155; x_wconf 86' lang='lat' dir='ltr'>sapientem</span> <span class='ocrx_word' id='word_1_225' title='bbox 616 1121 683 1147; x_wconf 92' lang='lat' dir='ltr'>nihil</span> <span class='ocrx_word' id='word_1_226' title='bbox 698 1121 817 1155; x_wconf 87' lang='lat' dir='ltr'>opinari,</span> <span class='ocrx_word' id='word_1_227' title='bbox 834 1120 860 1146; x_wconf 91' lang='lat' dir='ltr'>id</span> <span class='ocrx_word' id='word_1_228' title='bbox 883 1127 885 1131; x_wconf 78' lang='grc'>’</span> 
     </span>
    </p>
   </div>
   <div class='ocr_carea' id='block_1_6' title="bbox 63 1158 863 2686">
    <p class='ocr_par' dir='ltr' id='par_1_6' title="bbox 64 1158 863 1671">
     <span class='ocr_line' id='line_1_28' title="bbox 64 1158 860 1194; baseline -0.001 -9"><span class='ocrx_word' id='word_1_229' title='bbox 64 1164 117 1190; x_wconf 87' lang='lat' dir='ltr'>est,</span> <span class='ocrx_word' id='word_1_230' title='bbox 136 1167 286 1193; x_wconf 80' lang='lat' dir='ltr'>numquam</span> <span class='ocrx_word' id='word_1_231' title='bbox 301 1159 427 1184; x_wconf 85' lang='lat' dir='ltr'>assentiri</span> <span class='ocrx_word' id='word_1_232' title='bbox 442 1159 480 1184; x_wconf 92' lang='lat' dir='ltr'>rei</span> <span class='ocrx_word' id='word_1_233' title='bbox 492 1158 534 1184; x_wconf 92' lang='lat' dir='ltr'>vel</span> <span class='ocrx_word' id='word_1_234' title='bbox 549 1158 631 1184; x_wconf 85' lang='lat' dir='ltr'>falsae</span> <span class='ocrx_word' id='word_1_235' title='bbox 644 1158 685 1184; x_wconf 87' lang='lat' dir='ltr'>vel</span> <span class='ocrx_word' id='word_1_236' title='bbox 698 1159 860 1194; x_wconf 81' lang='lat' dir='ltr'>incognitae.</span> 
     </span>
     <span class='ocr_line' id='line_1_29' title="bbox 65 1195 862 1230; baseline -0.001 -7"><span class='ocrx_word' id='word_1_237' title='bbox 65 1198 106 1223; x_wconf 84' lang='lat'>60.</span> <span class='ocrx_word' id='word_1_238' title='bbox 129 1196 219 1222; x_wconf 84' lang='lat' dir='ltr'>Restat</span> <span class='ocrx_word' id='word_1_239' title='bbox 230 1195 307 1226; x_wconf 88' lang='lat' dir='ltr'>illud,</span> <span class='ocrx_word' id='word_1_240' title='bbox 321 1195 394 1230; x_wconf 89' lang='lat' dir='ltr'>quod</span> <span class='ocrx_word' id='word_1_241' title='bbox 405 1195 512 1227; x_wconf 88' lang='lat' dir='ltr'>dicunt,</span> <span class='ocrx_word' id='word_1_242' title='bbox 529 1196 585 1222; x_wconf 88' lang='lat' dir='ltr'>veri</span> <span class='ocrx_word' id='word_1_243' title='bbox 598 1196 756 1222; x_wconf 89' lang='lat' dir='ltr'>inveniendi</span> <span class='ocrx_word' id='word_1_244' title='bbox 767 1204 862 1222; x_wconf 87' lang='lat' dir='ltr'>caussa</span> 
     </span>
     <span class='ocr_line' id='line_1_30' title="bbox 65 1233 863 1268; baseline 0 -9"><span class='ocrx_word' id='word_1_245' title='bbox 65 1238 155 1260; x_wconf 81' lang='lat' dir='ltr'>contra</span> <span class='ocrx_word' id='word_1_246' title='bbox 166 1234 255 1260; x_wconf 88' lang='lat' dir='ltr'>omnia</span> <span class='ocrx_word' id='word_1_247' title='bbox 267 1233 320 1259; x_wconf 88' lang='lat' dir='ltr'>dici</span> <span class='ocrx_word' id='word_1_248' title='bbox 332 1237 462 1267; x_wconf 86' lang='lat' dir='ltr'>oportere,</span> <span class='ocrx_word' id='word_1_249' title='bbox 475 1237 501 1259; x_wconf 89' lang='lat' dir='ltr'>et</span> <span class='ocrx_word' id='word_1_250' title='bbox 511 1242 559 1268; x_wconf 90' lang='lat' dir='ltr'>pro</span> <span class='ocrx_word' id='word_1_251' title='bbox 569 1234 708 1260; x_wconf 71' lang='lat' dir='ltr'>omnibus,</span> <span class='ocrx_word' id='word_1_252' title='bbox 733 1233 798 1260; x_wconf 81' lang='lat' dir='ltr'>Volo</span> <span class='ocrx_word' id='word_1_253' title='bbox 810 1233 863 1268; x_wconf 79' lang='lat' dir='ltr'>igi-</span> 
     </span>
     <span class='ocr_line' id='line_1_31' title="bbox 66 1270 860 1305; baseline -0.001 -8"><span class='ocrx_word' id='word_1_254' title='bbox 66 1276 108 1298; x_wconf 90' lang='lat' dir='ltr'>tur</span> <span class='ocrx_word' id='word_1_255' title='bbox 124 1271 230 1302; x_wconf 78' lang='lat' dir='ltr'>videre,</span> <span class='ocrx_word' id='word_1_256' title='bbox 247 1270 314 1305; x_wconf 88' lang='lat' dir='ltr'>quid</span> <span class='ocrx_word' id='word_1_257' title='bbox 331 1270 492 1296; x_wconf 89' lang='lat' dir='ltr'>invenerint.</span> <span class='ocrx_word' id='word_1_258' title='bbox 533 1271 591 1297; x_wconf 87' lang='lat' dir='ltr'>Non</span> <span class='ocrx_word' id='word_1_259' title='bbox 607 1270 739 1301; x_wconf 81' lang='lat' dir='ltr'>solemus,</span> <span class='ocrx_word' id='word_1_260' title='bbox 762 1271 860 1305; x_wconf 90' lang='lat' dir='ltr'>inquit,</span> 
     </span>
     <span class='ocr_line' id='line_1_32' title="bbox 64 1307 862 1344; baseline 0 -10"><span class='ocrx_word' id='word_1_261' title='bbox 64 1308 215 1335; x_wconf 83' lang='lat' dir='ltr'>ostendere.</span> <span class='ocrx_word' id='word_1_262' title='bbox 255 1308 329 1340; x_wconf 81' lang='lat' dir='ltr'>Quae</span> <span class='ocrx_word' id='word_1_263' title='bbox 340 1312 403 1334; x_wconf 90' lang='lat' dir='ltr'>sunt</span> <span class='ocrx_word' id='word_1_264' title='bbox 414 1307 522 1334; x_wconf 88' lang='lat' dir='ltr'>tandem</span> <span class='ocrx_word' id='word_1_265' title='bbox 536 1308 585 1334; x_wconf 90' lang='lat' dir='ltr'>ista</span> <span class='ocrx_word' id='word_1_266' title='bbox 598 1307 744 1344; x_wconf 73' lang='lat' dir='ltr'>mysteria‘.&gt;</span> <span class='ocrx_word' id='word_1_267' title='bbox 759 1313 804 1334; x_wconf 87' lang='lat' dir='ltr'>aut</span> <span class='ocrx_word' id='word_1_268' title='bbox 815 1316 862 1334; x_wconf 88' lang='lat' dir='ltr'>cur</span> 
     </span>
     <span class='ocr_line' id='line_1_33' title="bbox 64 1344 860 1380; baseline -0.001 -8"><span class='ocrx_word' id='word_1_269' title='bbox 64 1346 171 1375; x_wconf 81' lang='lat' dir='ltr'>celatis,</span> <span class='ocrx_word' id='word_1_270' title='bbox 184 1346 262 1380; x_wconf 86' lang='lat' dir='ltr'>quasi</span> <span class='ocrx_word' id='word_1_271' title='bbox 275 1350 352 1379; x_wconf 82' lang='lat' dir='ltr'>turpe</span> <span class='ocrx_word' id='word_1_272' title='bbox 362 1344 480 1380; x_wconf 88' lang='lat' dir='ltr'>aliquid,</span> <span class='ocrx_word' id='word_1_273' title='bbox 494 1347 653 1372; x_wconf 81' lang='lat' dir='ltr'>sententiam</span> <span class='ocrx_word' id='word_1_274' title='bbox 666 1344 799 1372; x_wconf 71' lang='lat' dir='ltr'>vestram?</span> <span class='ocrx_word' id='word_1_275' title='bbox 818 1345 860 1376; x_wconf 93' lang='lat' dir='ltr'>Ut,</span> 
     </span>
     <span class='ocr_line' id='line_1_34' title="bbox 65 1382 862 1418; baseline 0 -9"><span class='ocrx_word' id='word_1_276' title='bbox 65 1384 112 1418; x_wconf 94' lang='lat' dir='ltr'>qui</span> <span class='ocrx_word' id='word_1_277' title='bbox 125 1382 247 1413; x_wconf 84' lang='lat' dir='ltr'>audient,</span> <span class='ocrx_word' id='word_1_278' title='bbox 262 1383 364 1417; x_wconf 83' lang='lat' dir='ltr'>inquit,</span> <span class='ocrx_word' id='word_1_279' title='bbox 383 1383 483 1408; x_wconf 88' lang='lat' dir='ltr'>ratione</span> <span class='ocrx_word' id='word_1_280' title='bbox 495 1384 598 1417; x_wconf 89' lang='lat' dir='ltr'>potius,</span> <span class='ocrx_word' id='word_1_281' title='bbox 615 1392 696 1418; x_wconf 87' lang='lat' dir='ltr'>quam</span> <span class='ocrx_word' id='word_1_282' title='bbox 708 1384 862 1410; x_wconf 87' lang='lat' dir='ltr'>auctoritate</span> 
     </span>
     <span class='ocr_line' id='line_1_35' title="bbox 65 1419 861 1455; baseline 0 -8"><span class='ocrx_word' id='word_1_283' title='bbox 65 1421 207 1447; x_wconf 81' lang='lat' dir='ltr'>ducantur.</span> <span class='ocrx_word' id='word_1_284' title='bbox 247 1419 332 1452; x_wconf 82' lang='lat' dir='ltr'>Quid,</span> <span class='ocrx_word' id='word_1_285' title='bbox 351 1420 373 1445; x_wconf 92' lang='lat' dir='ltr'>si</span> <span class='ocrx_word' id='word_1_286' title='bbox 386 1419 518 1454; x_wconf 75' lang='lat' dir='ltr'>utroque?</span> <span class='ocrx_word' id='word_1_287' title='bbox 533 1429 597 1446; x_wconf 89' lang='lat' dir='ltr'>num</span> <span class='ocrx_word' id='word_1_288' title='bbox 609 1421 688 1455; x_wconf 88' lang='lat' dir='ltr'>peius</span> <span class='ocrx_word' id='word_1_289' title='bbox 701 1420 758 1447; x_wconf 77' lang='lat' dir='ltr'>est‘?</span> <span class='ocrx_word' id='word_1_290' title='bbox 772 1421 861 1447; x_wconf 86' lang='lat' dir='ltr'>Unum</span> 
     </span>
     <span class='ocr_line' id='line_1_36' title="bbox 65 1456 863 1493; baseline 0 -8"><span class='ocrx_word' id='word_1_291' title='bbox 65 1463 153 1485; x_wconf 88' lang='lat' dir='ltr'>tamen</span> <span class='ocrx_word' id='word_1_292' title='bbox 166 1457 234 1484; x_wconf 91' lang='lat' dir='ltr'>illud</span> <span class='ocrx_word' id='word_1_293' title='bbox 247 1466 298 1483; x_wconf 89' lang='lat' dir='ltr'>nou</span> <span class='ocrx_word' id='word_1_294' title='bbox 310 1456 410 1488; x_wconf 89' lang='lat' dir='ltr'>celant,</span> <span class='ocrx_word' id='word_1_295' title='bbox 430 1457 497 1483; x_wconf 89' lang='lat' dir='ltr'>nihil</span> <span class='ocrx_word' id='word_1_296' title='bbox 512 1466 584 1489; x_wconf 86' lang='lat' dir='ltr'>esse,</span> <span class='ocrx_word' id='word_1_297' title='bbox 601 1458 674 1493; x_wconf 91' lang='lat' dir='ltr'>quod</span> <span class='ocrx_word' id='word_1_298' title='bbox 686 1459 788 1493; x_wconf 86' lang='lat' dir='ltr'>percipi</span> <span class='ocrx_word' id='word_1_299' title='bbox 800 1467 863 1493; x_wconf 87' lang='lat' dir='ltr'>pos-</span> 
     </span>
     <span class='ocr_line' id='line_1_37' title="bbox 64 1494 863 1530; baseline 0 -8"><span class='ocrx_word' id='word_1_300' title='bbox 64 1496 109 1522; x_wconf 89' lang='lat' dir='ltr'>sit.</span> <span class='ocrx_word' id='word_1_301' title='bbox 150 1494 190 1521; x_wconf 78' lang='lat' dir='ltr'>An</span> <span class='ocrx_word' id='word_1_302' title='bbox 201 1495 229 1520; x_wconf 87' lang='lat' dir='ltr'>in</span> <span class='ocrx_word' id='word_1_303' title='bbox 241 1503 271 1520; x_wconf 92' lang='lat' dir='ltr'>eo</span> <span class='ocrx_word' id='word_1_304' title='bbox 282 1496 425 1521; x_wconf 82' lang='lat' dir='ltr'>auctoritas</span> <span class='ocrx_word' id='word_1_305' title='bbox 436 1494 503 1520; x_wconf 92' lang='lat' dir='ltr'>nihil</span> <span class='ocrx_word' id='word_1_306' title='bbox 516 1495 609 1522; x_wconf 71' lang='lat' dir='ltr'>obest?</span> <span class='ocrx_word' id='word_1_307' title='bbox 620 1496 686 1522; x_wconf 87' lang='lat' dir='ltr'>Mihi</span> <span class='ocrx_word' id='word_1_308' title='bbox 697 1495 809 1530; x_wconf 82' lang='lat' dir='ltr'>quidem</span> <span class='ocrx_word' id='word_1_309' title='bbox 821 1497 863 1522; x_wconf 77' lang='lat' dir='ltr'>vi-</span> 
     </span>
     <span class='ocr_line' id='line_1_38' title="bbox 65 1531 863 1568; baseline 0 -9"><span class='ocrx_word' id='word_1_310' title='bbox 65 1533 143 1559; x_wconf 90' lang='lat' dir='ltr'>detur</span> <span class='ocrx_word' id='word_1_311' title='bbox 156 1531 199 1558; x_wconf 76' lang='lat' dir='ltr'>vel</span> <span class='ocrx_word' id='word_1_312' title='bbox 211 1531 371 1567; x_wconf 91' lang='lat' dir='ltr'>plurimum.</span> <span class='ocrx_word' id='word_1_313' title='bbox 412 1531 478 1564; x_wconf 83' lang='lat' dir='ltr'>Quis</span> <span class='ocrx_word' id='word_1_314' title='bbox 490 1533 562 1558; x_wconf 76' lang='lat' dir='ltr'>enini</span> <span class='ocrx_word' id='word_1_315' title='bbox 575 1533 623 1559; x_wconf 91' lang='lat' dir='ltr'>ista</span> <span class='ocrx_word' id='word_1_316' title='bbox 636 1538 688 1559; x_wconf 88' lang='lat' dir='ltr'>tam</span> <span class='ocrx_word' id='word_1_317' title='bbox 701 1538 790 1568; x_wconf 89' lang='lat' dir='ltr'>aperte</span> <span class='ocrx_word' id='word_1_318' title='bbox 802 1542 863 1567; x_wconf 91' lang='lat' dir='ltr'>per-</span> 
     </span>
     <span class='ocr_line' id='line_1_39' title="bbox 64 1568 862 1605; baseline 0 -8"><span class='ocrx_word' id='word_1_319' title='bbox 64 1571 214 1605; x_wconf 81' lang='lat' dir='ltr'>spicueque</span> <span class='ocrx_word' id='word_1_320' title='bbox 225 1574 250 1595; x_wconf 91' lang='lat' dir='ltr'>et</span> <span class='ocrx_word' id='word_1_321' title='bbox 261 1577 386 1603; x_wconf 83' lang='lat' dir='ltr'>perversa</span> <span class='ocrx_word' id='word_1_322' title='bbox 399 1574 425 1596; x_wconf 91' lang='lat' dir='ltr'>et</span> <span class='ocrx_word' id='word_1_323' title='bbox 436 1568 501 1595; x_wconf 80' lang='lat' dir='ltr'>falsa</span> <span class='ocrx_word' id='word_1_324' title='bbox 513 1575 622 1596; x_wconf 89' lang='lat' dir='ltr'>secutus</span> <span class='ocrx_word' id='word_1_325' title='bbox 633 1574 712 1601; x_wconf 85' lang='lat' dir='ltr'>esset,</span> <span class='ocrx_word' id='word_1_326' title='bbox 727 1571 780 1596; x_wconf 93' lang='lat' dir='ltr'>nisi</span> <span class='ocrx_word' id='word_1_327' title='bbox 793 1575 862 1597; x_wconf 90' lang='lat' dir='ltr'>tanta</span> 
     </span>
     <span class='ocr_line' id='line_1_40' title="bbox 66 1606 863 1643; baseline 0 -9"><span class='ocrx_word' id='word_1_328' title='bbox 66 1608 92 1634; x_wconf 95' lang='lat' dir='ltr'>in</span> <span class='ocrx_word' id='word_1_329' title='bbox 107 1606 240 1637; x_wconf 79' lang='lat' dir='ltr'>Arcesila,</span> <span class='ocrx_word' id='word_1_330' title='bbox 258 1606 343 1633; x_wconf 90' lang='lat' dir='ltr'>multo</span> <span class='ocrx_word' id='word_1_331' title='bbox 358 1607 438 1633; x_wconf 83' lang='lat' dir='ltr'>ctiam</span> <span class='ocrx_word' id='word_1_332' title='bbox 455 1607 539 1633; x_wconf 91' lang='lat' dir='ltr'>maior</span> <span class='ocrx_word' id='word_1_333' title='bbox 555 1608 581 1634; x_wconf 91' lang='lat' dir='ltr'>in</span> <span class='ocrx_word' id='word_1_334' title='bbox 594 1607 729 1635; x_wconf 84' lang='lat' dir='ltr'>Carneade</span> <span class='ocrx_word' id='word_1_335' title='bbox 746 1613 771 1634; x_wconf 87' lang='lat' dir='ltr'>et</span> <span class='ocrx_word' id='word_1_336' title='bbox 786 1609 863 1643; x_wconf 87' lang='lat' dir='ltr'>copia</span> 
     </span>
     <span class='ocr_line' id='line_1_41' title="bbox 65 1643 489 1671; baseline -0.002 0"><span class='ocrx_word' id='word_1_337' title='bbox 65 1653 154 1671; x_wconf 87' lang='lat' dir='ltr'>rerum</span> <span class='ocrx_word' id='word_1_338' title='bbox 166 1649 192 1670; x_wconf 91' lang='lat' dir='ltr'>et</span> <span class='ocrx_word' id='word_1_339' title='bbox 202 1643 310 1670; x_wconf 82' lang='lat' dir='ltr'>dicendi</span> <span class='ocrx_word' id='word_1_340' title='bbox 321 1645 363 1670; x_wconf 76' lang='lat' dir='ltr'>vis</span> <span class='ocrx_word' id='word_1_341' title='bbox 376 1643 489 1670; x_wconf 72' lang='lat' dir='ltr'>suisset?</span> 
     </span>
    </p>

    <p class='ocr_par' dir='ltr' id='par_1_7' title="bbox 63 1680 863 2686">
     <span class='ocr_line' id='line_1_42' title="bbox 120 1680 863 1712; baseline 0 -4"><span class='ocrx_word' id='word_1_342' title='bbox 120 1681 194 1708; x_wconf 82' lang='lat' dir='ltr'>XIX.</span> <span class='ocrx_word' id='word_1_343' title='bbox 216 1681 286 1707; x_wconf 87' lang='lat' dir='ltr'>Hace</span> <span class='ocrx_word' id='word_1_344' title='bbox 297 1681 446 1708; x_wconf 80' lang='lat' dir='ltr'>Antiochus</span> <span class='ocrx_word' id='word_1_345' title='bbox 459 1680 512 1707; x_wconf 82' lang='lat' dir='ltr'>sere</span> <span class='ocrx_word' id='word_1_346' title='bbox 523 1686 549 1708; x_wconf 87' lang='lat' dir='ltr'>et</span> <span class='ocrx_word' id='word_1_347' title='bbox 558 1681 736 1708; x_wconf 75' lang='lat' dir='ltr'>Alexandriae</span> <span class='ocrx_word' id='word_1_348' title='bbox 748 1686 820 1712; x_wconf 91' lang='lat' dir='ltr'>tum,</span> <span class='ocrx_word' id='word_1_349' title='bbox 837 1687 863 1709; x_wconf 89' lang='lat' dir='ltr'>et</span> 
     </span>
     <span class='ocr_line' id='line_1_43' title="bbox 65 1718 860 1755; baseline 0 -9"><span class='ocrx_word' id='word_1_350' title='bbox 65 1719 158 1746; x_wconf 89' lang='lat' dir='ltr'>multis</span> <span class='ocrx_word' id='word_1_351' title='bbox 169 1719 247 1745; x_wconf 88' lang='lat' dir='ltr'>annis</span> <span class='ocrx_word' id='word_1_352' title='bbox 259 1723 327 1753; x_wconf 83' lang='lat' dir='ltr'>post,</span> <span class='ocrx_word' id='word_1_353' title='bbox 341 1718 426 1745; x_wconf 88' lang='lat' dir='ltr'>multo</span> <span class='ocrx_word' id='word_1_354' title='bbox 437 1719 516 1745; x_wconf 86' lang='lat' dir='ltr'>etiam</span> <span class='ocrx_word' id='word_1_355' title='bbox 528 1720 728 1746; x_wconf 87' lang='lat' dir='ltr'>asseverantius</span> <span class='ocrx_word' id='word_1_356' title='bbox 740 1720 765 1745; x_wconf 92' lang='lat' dir='ltr'>in</span> <span class='ocrx_word' id='word_1_357' title='bbox 774 1720 860 1755; x_wconf 80' lang='lat' dir='ltr'>Syria,</span> 
     </span>
     <span class='ocr_line' id='line_1_44' title="bbox 64 1756 860 1792; baseline 0 -9"><span class='ocrx_word' id='word_1_358' title='bbox 64 1765 150 1792; x_wconf 89' lang='lat' dir='ltr'>quum</span> <span class='ocrx_word' id='word_1_359' title='bbox 170 1761 241 1782; x_wconf 88' lang='lat' dir='ltr'>esset</span> <span class='ocrx_word' id='word_1_360' title='bbox 260 1764 366 1782; x_wconf 87' lang='lat' dir='ltr'>mecum</span> <span class='ocrx_word' id='word_1_361' title='bbox 388 1756 480 1791; x_wconf 91' lang='lat' dir='ltr'>paullo</span> <span class='ocrx_word' id='word_1_362' title='bbox 500 1761 559 1783; x_wconf 87' lang='lat' dir='ltr'>ante</span> <span class='ocrx_word' id='word_1_363' title='bbox 575 1765 656 1791; x_wconf 87' lang='lat' dir='ltr'>quam</span> <span class='ocrx_word' id='word_1_364' title='bbox 673 1761 713 1783; x_wconf 87' lang='lat' dir='ltr'>est</span> <span class='ocrx_word' id='word_1_365' title='bbox 729 1762 860 1783; x_wconf 88' lang='lat' dir='ltr'>mortuus.</span> 
     </span>
     <span class='ocr_line' id='line_1_45' title="bbox 64 1793 863 1824; baseline 0.001 -5"><span class='ocrx_word' id='word_1_366' title='bbox 64 1796 106 1820; x_wconf 78' lang='grc'>61.</span> <span class='ocrx_word' id='word_1_367' title='bbox 129 1793 182 1820; x_wconf 88' lang='lat' dir='ltr'>Sed</span> <span class='ocrx_word' id='word_1_368' title='bbox 194 1794 247 1819; x_wconf 85' lang='lat' dir='ltr'>iam</span> <span class='ocrx_word' id='word_1_369' title='bbox 258 1793 412 1820; x_wconf 79' lang='lat' dir='ltr'>confirmata</span> <span class='ocrx_word' id='word_1_370' title='bbox 423 1802 532 1824; x_wconf 83' lang='lat' dir='ltr'>caussa,</span> <span class='ocrx_word' id='word_1_371' title='bbox 551 1799 589 1824; x_wconf 89' lang='lat' dir='ltr'>te,</span> <span class='ocrx_word' id='word_1_372' title='bbox 603 1794 740 1820; x_wconf 88' lang='lat' dir='ltr'>hominem</span> <span class='ocrx_word' id='word_1_373' title='bbox 752 1795 863 1820; x_wconf 86' lang='lat' dir='ltr'>amicis-</span> 
     </span>
     <span class='ocr_line' id='line_1_46' title="bbox 64 1830 862 1866; baseline 0.001 -9"><span class='ocrx_word' id='word_1_374' title='bbox 64 1831 165 1858; x_wconf 91' lang='lat' dir='ltr'>simum</span> <span class='ocrx_word' id='word_1_375' title='bbox 181 1830 233 1866; x_wconf 92' lang='lat' dir='ltr'>(me</span> <span class='ocrx_word' id='word_1_376' title='bbox 248 1835 338 1857; x_wconf 90' lang='lat' dir='ltr'>autem</span> <span class='ocrx_word' id='word_1_377' title='bbox 354 1830 516 1866; x_wconf 82' lang='lat' dir='ltr'>appellabat)</span> <span class='ocrx_word' id='word_1_378' title='bbox 531 1836 556 1858; x_wconf 90' lang='lat' dir='ltr'>et</span> <span class='ocrx_word' id='word_1_379' title='bbox 571 1831 674 1866; x_wconf 84' lang='lat' dir='ltr'>aliquot</span> <span class='ocrx_word' id='word_1_380' title='bbox 684 1832 762 1858; x_wconf 85' lang='lat' dir='ltr'>annis</span> <span class='ocrx_word' id='word_1_381' title='bbox 775 1832 862 1858; x_wconf 90' lang='lat' dir='ltr'>mino-</span> 
     </span>
     <span class='ocr_line' id='line_1_47' title="bbox 65 1867 862 1903; baseline 0.001 -9"><span class='ocrx_word' id='word_1_382' title='bbox 65 1877 121 1895; x_wconf 88' lang='lat' dir='ltr'>rem</span> <span class='ocrx_word' id='word_1_383' title='bbox 132 1873 210 1899; x_wconf 86' lang='lat' dir='ltr'>natu,</span> <span class='ocrx_word' id='word_1_384' title='bbox 228 1876 281 1894; x_wconf 92' lang='lat' dir='ltr'>non</span> <span class='ocrx_word' id='word_1_385' title='bbox 292 1867 423 1894; x_wconf 87' lang='lat' dir='ltr'>dubitabo</span> <span class='ocrx_word' id='word_1_386' title='bbox 432 1877 547 1895; x_wconf 86' lang='lat' dir='ltr'>monere.</span> <span class='ocrx_word' id='word_1_387' title='bbox 572 1869 660 1899; x_wconf 84' lang='lat' dir='ltr'>Tune,</span> <span class='ocrx_word' id='word_1_388' title='bbox 679 1878 764 1903; x_wconf 91' lang='lat' dir='ltr'>quum</span> <span class='ocrx_word' id='word_1_389' title='bbox 782 1870 862 1896; x_wconf 84' lang='lat' dir='ltr'>tantis</span> 
     </span>
     <span class='ocr_line' id='line_1_48' title="bbox 66 1904 862 1941; baseline 0.003 -10"><span class='ocrx_word' id='word_1_390' title='bbox 66 1905 193 1932; x_wconf 83' lang='lat' dir='ltr'>laudibus</span> <span class='ocrx_word' id='word_1_391' title='bbox 204 1904 404 1940; x_wconf 88' lang='lat' dir='ltr'>philosophiam</span> <span class='ocrx_word' id='word_1_392' title='bbox 416 1905 559 1937; x_wconf 79' lang='lat' dir='ltr'>extuleris,</span> <span class='ocrx_word' id='word_1_393' title='bbox 575 1906 802 1941; x_wconf 83' lang='lat' dir='ltr'>Hortensiumque</span> <span class='ocrx_word' id='word_1_394' title='bbox 815 1916 862 1933; x_wconf 92' lang='lat' dir='ltr'>no-</span> 
     </span>
     <span class='ocr_line' id='line_1_49' title="bbox 64 1941 861 1978; baseline 0.003 -10"><span class='ocrx_word' id='word_1_395' title='bbox 64 1948 150 1969; x_wconf 90' lang='lat' dir='ltr'>strum</span> <span class='ocrx_word' id='word_1_396' title='bbox 162 1941 365 1968; x_wconf 84' lang='lat' dir='ltr'>dissentientem</span> <span class='ocrx_word' id='word_1_397' title='bbox 378 1943 569 1973; x_wconf 88' lang='lat' dir='ltr'>commoveris,</span> <span class='ocrx_word' id='word_1_398' title='bbox 587 1951 645 1969; x_wconf 84' lang='lat' dir='ltr'>eam</span> <span class='ocrx_word' id='word_1_399' title='bbox 661 1943 861 1978; x_wconf 85' lang='lat' dir='ltr'>philosophiam</span> 
     </span>
     <span class='ocr_line' id='line_1_50' title="bbox 64 1978 861 2015; baseline 0.001 -9"><span class='ocrx_word' id='word_1_400' title='bbox 64 1987 192 2014; x_wconf 82' lang='lat' dir='ltr'>sequere,</span> <span class='ocrx_word' id='word_1_401' title='bbox 209 1987 278 2013; x_wconf 85' lang='lat' dir='ltr'>quae</span> <span class='ocrx_word' id='word_1_402' title='bbox 294 1978 434 2005; x_wconf 79' lang='lat' dir='ltr'>confundit</span> <span class='ocrx_word' id='word_1_403' title='bbox 446 1988 507 2005; x_wconf 85' lang='lat' dir='ltr'>vera</span> <span class='ocrx_word' id='word_1_404' title='bbox 518 1988 580 2005; x_wconf 91' lang='lat' dir='ltr'>cum</span> <span class='ocrx_word' id='word_1_405' title='bbox 594 1979 682 2011; x_wconf 84' lang='lat' dir='ltr'>salsis,</span> <span class='ocrx_word' id='word_1_406' title='bbox 700 1980 798 2015; x_wconf 86' lang='lat' dir='ltr'>spoliat</span> <span class='ocrx_word' id='word_1_407' title='bbox 814 1990 861 2007; x_wconf 88' lang='lat' dir='ltr'>nos</span> 
     </span>
     <span class='ocr_line' id='line_1_51' title="bbox 66 2016 862 2051; baseline 0.001 -8"><span class='ocrx_word' id='word_1_408' title='bbox 66 2017 177 2046; x_wconf 78' lang='lat' dir='ltr'>iudicio,</span> <span class='ocrx_word' id='word_1_409' title='bbox 186 2016 274 2051; x_wconf 89' lang='lat' dir='ltr'>privat</span> <span class='ocrx_word' id='word_1_410' title='bbox 284 2016 484 2051; x_wconf 87' lang='lat' dir='ltr'>approbatione,</span> <span class='ocrx_word' id='word_1_411' title='bbox 493 2017 620 2043; x_wconf 84' lang='lat' dir='ltr'>omnibus</span> <span class='ocrx_word' id='word_1_412' title='bbox 631 2017 707 2044; x_wconf 83' lang='lat' dir='ltr'>orbat</span> <span class='ocrx_word' id='word_1_413' title='bbox 717 2018 862 2044; x_wconf 75' lang='lat' dir='ltr'>sensibus‘?</span> 
     </span>
     <span class='ocr_line' id='line_1_52' title="bbox 65 2053 861 2088; baseline 0 -7"><span class='ocrx_word' id='word_1_414' title='bbox 65 2054 98 2081; x_wconf 90' lang='lat' dir='ltr'>Et</span> <span class='ocrx_word' id='word_1_415' title='bbox 116 2053 271 2081; x_wconf 84' lang='lat' dir='ltr'>Cimmeriis</span> <span class='ocrx_word' id='word_1_416' title='bbox 291 2053 412 2088; x_wconf 87' lang='lat' dir='ltr'>quidem,</span> <span class='ocrx_word' id='word_1_417' title='bbox 435 2053 537 2088; x_wconf 90' lang='lat' dir='ltr'>quihus</span> <span class='ocrx_word' id='word_1_418' title='bbox 557 2059 696 2088; x_wconf 83' lang='lat' dir='ltr'>aspectum</span> <span class='ocrx_word' id='word_1_419' title='bbox 717 2054 782 2080; x_wconf 85' lang='lat' dir='ltr'>solis</span> <span class='ocrx_word' id='word_1_420' title='bbox 802 2056 861 2081; x_wconf 86' lang='lat' dir='ltr'>sive</span> 
     </span>
     <span class='ocr_line' id='line_1_53' title="bbox 65 2090 860 2127; baseline 0 -9"><span class='ocrx_word' id='word_1_421' title='bbox 65 2091 132 2118; x_wconf 89' lang='lat' dir='ltr'>deus</span> <span class='ocrx_word' id='word_1_422' title='bbox 144 2090 244 2125; x_wconf 88' lang='lat' dir='ltr'>aliquis</span> <span class='ocrx_word' id='word_1_423' title='bbox 254 2090 313 2116; x_wconf 89' lang='lat' dir='ltr'>sive</span> <span class='ocrx_word' id='word_1_424' title='bbox 325 2091 568 2121; x_wconf 84' lang='lat' dir='ltr'>naturaademerat,</span> <span class='ocrx_word' id='word_1_425' title='bbox 576 2091 635 2117; x_wconf 87' lang='lat' dir='ltr'>sive</span> <span class='ocrx_word' id='word_1_426' title='bbox 645 2091 771 2122; x_wconf 89' lang='lat' dir='ltr'>eiusloci,</span> <span class='ocrx_word' id='word_1_427' title='bbox 779 2101 860 2127; x_wconf 83' lang='lat' dir='ltr'>quein</span> 
     </span>
     <span class='ocr_line' id='line_1_54' title="bbox 64 2128 861 2163; baseline 0 -8"><span class='ocrx_word' id='word_1_428' title='bbox 64 2128 231 2158; x_wconf 87' lang='lat' dir='ltr'>incolebant,</span> <span class='ocrx_word' id='word_1_429' title='bbox 248 2128 331 2159; x_wconf 83' lang='lat' dir='ltr'>situs,</span> <span class='ocrx_word' id='word_1_430' title='bbox 349 2128 426 2163; x_wconf 76' lang='lat' dir='ltr'>ignes</span> <span class='ocrx_word' id='word_1_431' title='bbox 437 2133 525 2154; x_wconf 86' lang='lat' dir='ltr'>tamen</span> <span class='ocrx_word' id='word_1_432' title='bbox 537 2128 659 2159; x_wconf 84' lang='lat' dir='ltr'>aderant,</span> <span class='ocrx_word' id='word_1_433' title='bbox 677 2137 793 2163; x_wconf 90' lang='lat' dir='ltr'>quorum</span> <span class='ocrx_word' id='word_1_434' title='bbox 807 2129 861 2155; x_wconf 89' lang='lat' dir='ltr'>illis</span> 
     </span>
     <span class='ocr_line' id='line_1_55' title="bbox 65 2164 860 2200; baseline -0.001 -7"><span class='ocrx_word' id='word_1_435' title='bbox 65 2167 104 2193; x_wconf 91' lang='lat' dir='ltr'>uti</span> <span class='ocrx_word' id='word_1_436' title='bbox 115 2165 217 2192; x_wconf 89' lang='lat' dir='ltr'>lumine</span> <span class='ocrx_word' id='word_1_437' title='bbox 230 2164 339 2197; x_wconf 73' lang='lat' dir='ltr'>licebat,</span> <span class='ocrx_word' id='word_1_438' title='bbox 359 2165 403 2192; x_wconf 90' lang='lat' dir='ltr'>isti</span> <span class='ocrx_word' id='word_1_439' title='bbox 415 2170 517 2197; x_wconf 86' lang='lat' dir='ltr'>autem,</span> <span class='ocrx_word' id='word_1_440' title='bbox 531 2174 599 2200; x_wconf 90' lang='lat' dir='ltr'>quos</span> <span class='ocrx_word' id='word_1_441' title='bbox 611 2171 639 2192; x_wconf 90' lang='lat' dir='ltr'>tu</span> <span class='ocrx_word' id='word_1_442' title='bbox 650 2166 762 2200; x_wconf 89' lang='lat' dir='ltr'>probas,</span> <span class='ocrx_word' id='word_1_443' title='bbox 781 2167 860 2193; x_wconf 88' lang='lat' dir='ltr'>tantis</span> 
     </span>
     <span class='ocr_line' id='line_1_56' title="bbox 63 2202 860 2237; baseline 0 -7"><span class='ocrx_word' id='word_1_444' title='bbox 63 2203 158 2230; x_wconf 80' lang='lat' dir='ltr'>offusis</span> <span class='ocrx_word' id='word_1_445' title='bbox 170 2202 301 2234; x_wconf 85' lang='lat' dir='ltr'>tenebris,</span> <span class='ocrx_word' id='word_1_446' title='bbox 319 2210 352 2229; x_wconf 85' lang='lat' dir='ltr'>ne</span> <span class='ocrx_word' id='word_1_447' title='bbox 363 2202 508 2229; x_wconf 88' lang='lat' dir='ltr'>scintillam</span> <span class='ocrx_word' id='word_1_448' title='bbox 520 2202 631 2237; x_wconf 90' lang='lat' dir='ltr'>quidem</span> <span class='ocrx_word' id='word_1_449' title='bbox 644 2202 726 2230; x_wconf 86' lang='lat' dir='ltr'>ullam</span> <span class='ocrx_word' id='word_1_450' title='bbox 739 2203 817 2230; x_wconf 90' lang='lat' dir='ltr'>nobis</span> <span class='ocrx_word' id='word_1_451' title='bbox 828 2203 860 2230; x_wconf 87' lang='lat' dir='ltr'>ad</span> 
     </span>
     <span class='ocr_line' id='line_1_57' title="bbox 64 2239 861 2276; baseline 0 -9"><span class='ocrx_word' id='word_1_452' title='bbox 64 2240 267 2276; x_wconf 88' lang='lat' dir='ltr'>dispiciendum</span> <span class='ocrx_word' id='word_1_453' title='bbox 279 2239 458 2275; x_wconf 86' lang='lat' dir='ltr'>reliquerunt:</span> <span class='ocrx_word' id='word_1_454' title='bbox 472 2248 540 2274; x_wconf 86' lang='lat' dir='ltr'>quos</span> <span class='ocrx_word' id='word_1_455' title='bbox 550 2240 573 2266; x_wconf 88' lang='lat' dir='ltr'>si</span> <span class='ocrx_word' id='word_1_456' title='bbox 585 2249 740 2275; x_wconf 84' lang='lat' dir='ltr'>sequamur,</span> <span class='ocrx_word' id='word_1_457' title='bbox 754 2241 788 2267; x_wconf 80' lang='lat' dir='ltr'>iis</span> <span class='ocrx_word' id='word_1_458' title='bbox 801 2241 861 2267; x_wconf 89' lang='lat' dir='ltr'>vin-</span> 
     </span>
     <span class='ocr_line' id='line_1_58' title="bbox 64 2277 858 2313; baseline 0 -8"><span class='ocrx_word' id='word_1_459' title='bbox 64 2277 135 2305; x_wconf 89' lang='lat' dir='ltr'>culis</span> <span class='ocrx_word' id='word_1_460' title='bbox 150 2278 237 2304; x_wconf 89' lang='lat' dir='ltr'>simus</span> <span class='ocrx_word' id='word_1_461' title='bbox 253 2278 368 2308; x_wconf 81' lang='lat' dir='ltr'>astricti,</span> <span class='ocrx_word' id='word_1_462' title='bbox 391 2281 419 2304; x_wconf 90' lang='lat' dir='ltr'>ut</span> <span class='ocrx_word' id='word_1_463' title='bbox 435 2285 482 2303; x_wconf 91' lang='lat' dir='ltr'>nos</span> <span class='ocrx_word' id='word_1_464' title='bbox 499 2285 667 2304; x_wconf 86' lang='lat' dir='ltr'>commovero</span> <span class='ocrx_word' id='word_1_465' title='bbox 681 2286 858 2313; x_wconf 80' lang='lat' dir='ltr'>nequeamus.</span> 
     </span>
     <span class='ocr_line' id='line_1_59' title="bbox 64 2315 861 2345; baseline -0.001 -3"><span class='ocrx_word' id='word_1_466' title='bbox 64 2316 107 2342; x_wconf 76' lang='lat'>62.</span> <span class='ocrx_word' id='word_1_467' title='bbox 121 2315 231 2342; x_wconf 85' lang='lat' dir='ltr'>Sublata</span> <span class='ocrx_word' id='word_1_468' title='bbox 246 2316 319 2341; x_wconf 88' lang='lat' dir='ltr'>enim</span> <span class='ocrx_word' id='word_1_469' title='bbox 334 2315 503 2345; x_wconf 86' lang='lat' dir='ltr'>assensione,</span> <span class='ocrx_word' id='word_1_470' title='bbox 521 2323 628 2341; x_wconf 88' lang='lat' dir='ltr'>omnem</span> <span class='ocrx_word' id='word_1_471' title='bbox 643 2319 669 2341; x_wconf 88' lang='lat' dir='ltr'>et</span> <span class='ocrx_word' id='word_1_472' title='bbox 684 2320 786 2342; x_wconf 83' lang='lat' dir='ltr'>motum</span> <span class='ocrx_word' id='word_1_473' title='bbox 802 2316 861 2341; x_wconf 87' lang='lat' dir='ltr'>ani-</span> 
     </span>
     <span class='ocr_line' id='line_1_60' title="bbox 64 2351 859 2384; baseline -0.001 -4"><span class='ocrx_word' id='word_1_474' title='bbox 64 2361 171 2380; x_wconf 91' lang='lat' dir='ltr'>morum</span> <span class='ocrx_word' id='word_1_475' title='bbox 186 2357 212 2379; x_wconf 88' lang='lat' dir='ltr'>et</span> <span class='ocrx_word' id='word_1_476' title='bbox 231 2352 361 2379; x_wconf 78' lang='lat' dir='ltr'>actionem</span> <span class='ocrx_word' id='word_1_477' title='bbox 380 2360 469 2378; x_wconf 87' lang='lat' dir='ltr'>rerum</span> <span class='ocrx_word' id='word_1_478' title='bbox 490 2351 667 2378; x_wconf 83' lang='lat' dir='ltr'>sustulerunt.</span> <span class='ocrx_word' id='word_1_479' title='bbox 706 2352 783 2384; x_wconf 90' lang='lat' dir='ltr'>Quod</span> <span class='ocrx_word' id='word_1_480' title='bbox 807 2361 859 2379; x_wconf 85' lang='lat' dir='ltr'>non</span> 
     </span>
     <span class='ocr_line' id='line_1_61' title="bbox 65 2389 860 2423; baseline 0 -7"><span class='ocrx_word' id='word_1_481' title='bbox 65 2389 144 2416; x_wconf 93' lang='lat' dir='ltr'>modo</span> <span class='ocrx_word' id='word_1_482' title='bbox 154 2394 223 2416; x_wconf 87' lang='lat' dir='ltr'>recte</span> <span class='ocrx_word' id='word_1_483' title='bbox 234 2389 300 2420; x_wconf 82' lang='lat' dir='ltr'>lieri,</span> <span class='ocrx_word' id='word_1_484' title='bbox 313 2389 361 2415; x_wconf 87' lang='lat' dir='ltr'>sed</span> <span class='ocrx_word' id='word_1_485' title='bbox 372 2389 481 2415; x_wconf 88' lang='lat' dir='ltr'>omniuo</span> <span class='ocrx_word' id='word_1_486' title='bbox 493 2389 549 2414; x_wconf 81' lang='lat' dir='ltr'>lieri</span> <span class='ocrx_word' id='word_1_487' title='bbox 562 2398 612 2415; x_wconf 92' lang='lat' dir='ltr'>non</span> <span class='ocrx_word' id='word_1_488' title='bbox 624 2394 719 2423; x_wconf 85' lang='lat' dir='ltr'>potest.</span> <span class='ocrx_word' id='word_1_489' title='bbox 747 2389 860 2416; x_wconf 80' lang='lat' dir='ltr'>Provide</span> 
     </span>
     <span class='ocr_line' id='line_1_62' title="bbox 64 2426 861 2458; baseline -0.001 -5"><span class='ocrx_word' id='word_1_490' title='bbox 64 2427 144 2454; x_wconf 85' lang='lat' dir='ltr'>etiam</span> <span class='ocrx_word' id='word_1_491' title='bbox 153 2447 159 2458; x_wconf 94' lang='lat'>,</span> <span class='ocrx_word' id='word_1_492' title='bbox 173 2435 206 2454; x_wconf 89' lang='lat' dir='ltr'>ne</span> <span class='ocrx_word' id='word_1_493' title='bbox 217 2427 264 2454; x_wconf 92' lang='lat' dir='ltr'>uni</span> <span class='ocrx_word' id='word_1_494' title='bbox 277 2427 326 2454; x_wconf 88' lang='lat' dir='ltr'>tibi</span> <span class='ocrx_word' id='word_1_495' title='bbox 340 2427 416 2453; x_wconf 84' lang='lat' dir='ltr'>istam</span> <span class='ocrx_word' id='word_1_496' title='bbox 428 2426 587 2452; x_wconf 79' lang='lat' dir='ltr'>sententiam</span> <span class='ocrx_word' id='word_1_497' title='bbox 600 2427 712 2452; x_wconf 87' lang='lat' dir='ltr'>minime</span> <span class='ocrx_word' id='word_1_498' title='bbox 725 2426 802 2453; x_wconf 79' lang='lat' dir='ltr'>liceat</span> <span class='ocrx_word' id='word_1_499' title='bbox 812 2426 861 2452; x_wconf 82' lang='lat' dir='ltr'>‹le-</span> 
     </span>
     <span class='ocr_line' id='line_1_63' title="bbox 66 2462 860 2499; baseline 0 -9"><span class='ocrx_word' id='word_1_500' title='bbox 66 2463 183 2490; x_wconf 79' lang='lat' dir='ltr'>fendere.</span> <span class='ocrx_word' id='word_1_501' title='bbox 222 2463 262 2490; x_wconf 82' lang='lat' dir='ltr'>An</span> <span class='ocrx_word' id='word_1_502' title='bbox 275 2469 312 2495; x_wconf 85' lang='lat' dir='ltr'>tu,</span> <span class='ocrx_word' id='word_1_503' title='bbox 326 2473 411 2499; x_wconf 91' lang='lat' dir='ltr'>quum</span> <span class='ocrx_word' id='word_1_504' title='bbox 423 2472 464 2489; x_wconf 87' lang='lat' dir='ltr'>res</span> <span class='ocrx_word' id='word_1_505' title='bbox 475 2462 672 2489; x_wconf 80' lang='lat' dir='ltr'>occultissimas</span> <span class='ocrx_word' id='word_1_506' title='bbox 683 2464 821 2498; x_wconf 82' lang='lat' dir='ltr'>aperueris</span> <span class='ocrx_word' id='word_1_507' title='bbox 833 2464 860 2490; x_wconf 91' lang='lat' dir='ltr'>in</span> 
     </span>
     <span class='ocr_line' id='line_1_64' title="bbox 66 2500 860 2536; baseline 0 -9"><span class='ocrx_word' id='word_1_508' title='bbox 66 2501 207 2536; x_wconf 87' lang='lat' dir='ltr'>lucemque</span> <span class='ocrx_word' id='word_1_509' title='bbox 221 2501 378 2536; x_wconf 83' lang='lat' dir='ltr'>protuleris,</span> <span class='ocrx_word' id='word_1_510' title='bbox 397 2501 554 2534; x_wconf 81' lang='lat' dir='ltr'>iuratusque</span> <span class='ocrx_word' id='word_1_511' title='bbox 569 2500 684 2530; x_wconf 79' lang='lat' dir='ltr'>dixeris,</span> <span class='ocrx_word' id='word_1_512' title='bbox 702 2510 732 2526; x_wconf 80' lang='lat' dir='ltr'>en</span> <span class='ocrx_word' id='word_1_513' title='bbox 749 2506 772 2527; x_wconf 88' lang='lat' dir='ltr'>te</span> <span class='ocrx_word' id='word_1_514' title='bbox 786 2510 860 2527; x_wconf 76' lang='lat' dir='ltr'>com-</span> 
     </span>
     <span class='ocr_line' id='line_1_65' title="bbox 64 2537 860 2573; baseline 0 -9"><span class='ocrx_word' id='word_1_515' title='bbox 64 2539 181 2573; x_wconf 86' lang='lat' dir='ltr'>perisse:</span> <span class='ocrx_word' id='word_1_516' title='bbox 199 2538 271 2573; x_wconf 89' lang='lat' dir='ltr'>quod</span> <span class='ocrx_word' id='word_1_517' title='bbox 287 2539 355 2565; x_wconf 90' lang='lat' dir='ltr'>mihi</span> <span class='ocrx_word' id='word_1_518' title='bbox 371 2546 479 2573; x_wconf 84' lang='lat' dir='ltr'>quoque</span> <span class='ocrx_word' id='word_1_519' title='bbox 495 2537 603 2568; x_wconf 82' lang='lat' dir='ltr'>licebat,</span> <span class='ocrx_word' id='word_1_520' title='bbox 621 2538 668 2572; x_wconf 87' lang='lat' dir='ltr'>qui</span> <span class='ocrx_word' id='word_1_521' title='bbox 681 2546 713 2564; x_wconf 82' lang='lat' dir='ltr'>ex</span> <span class='ocrx_word' id='word_1_522' title='bbox 725 2542 748 2564; x_wconf 86' lang='lat' dir='ltr'>te</span> <span class='ocrx_word' id='word_1_523' title='bbox 760 2537 804 2564; x_wconf 81' lang='lat' dir='ltr'>illa</span> <span class='ocrx_word' id='word_1_524' title='bbox 815 2547 860 2564; x_wconf 91' lang='lat' dir='ltr'>co-</span> 
     </span>
     <span class='ocr_line' id='line_1_66' title="bbox 64 2574 858 2612; baseline -0.001 -10"><span class='ocrx_word' id='word_1_525' title='bbox 64 2583 225 2611; x_wconf 82' lang='lat' dir='ltr'>gnoveram,</span> <span class='ocrx_word' id='word_1_526' title='bbox 243 2576 356 2612; x_wconf 81' lang='lat' dir='ltr'>negabis</span> <span class='ocrx_word' id='word_1_527' title='bbox 371 2584 430 2602; x_wconf 89' lang='lat' dir='ltr'>esse</span> <span class='ocrx_word' id='word_1_528' title='bbox 447 2583 501 2601; x_wconf 87' lang='lat' dir='ltr'>rem</span> <span class='ocrx_word' id='word_1_529' title='bbox 518 2574 615 2605; x_wconf 82' lang='lat' dir='ltr'>ullam.</span> <span class='ocrx_word' id='word_1_530' title='bbox 638 2583 707 2609; x_wconf 79' lang='lat' dir='ltr'>quae</span> <span class='ocrx_word' id='word_1_531' title='bbox 723 2576 858 2609; x_wconf 72' lang='lat' dir='ltr'>cognosci,</span> 
     </span>
     <span class='ocr_line' id='line_1_67' title="bbox 64 2611 860 2648; baseline 0 -9"><span class='ocrx_word' id='word_1_532' title='bbox 64 2612 267 2648; x_wconf 88' lang='lat' dir='ltr'>comprehendi,</span> <span class='ocrx_word' id='word_1_533' title='bbox 280 2613 384 2648; x_wconf 90' lang='lat' dir='ltr'>percipi</span> <span class='ocrx_word' id='word_1_534' title='bbox 395 2611 498 2648; x_wconf 71' lang='lat' dir='ltr'>possit‘?</span> <span class='ocrx_word' id='word_1_535' title='bbox 512 2612 593 2641; x_wconf 84' lang='lat' dir='ltr'>Vide,</span> <span class='ocrx_word' id='word_1_536' title='bbox 607 2620 716 2647; x_wconf 85' lang='lat' dir='ltr'>quaeso,</span> <span class='ocrx_word' id='word_1_537' title='bbox 729 2613 808 2638; x_wconf 83' lang='lat' dir='ltr'>etiam</span> <span class='ocrx_word' id='word_1_538' title='bbox 821 2617 860 2639; x_wconf 83' lang='lat' dir='ltr'>at-</span> 
     </span>
     <span class='ocr_line' id='line_1_68' title="bbox 64 2648 859 2686; baseline -0.001 -9"><span class='ocrx_word' id='word_1_539' title='bbox 64 2658 118 2685; x_wconf 88' lang='lat' dir='ltr'>que</span> <span class='ocrx_word' id='word_1_540' title='bbox 129 2650 218 2682; x_wconf 80' lang='lat' dir='ltr'>etiam,</span> <span class='ocrx_word' id='word_1_541' title='bbox 232 2658 264 2677; x_wconf 86' lang='lat' dir='ltr'>ne</span> <span class='ocrx_word' id='word_1_542' title='bbox 276 2649 382 2678; x_wconf 82' lang='lat' dir='ltr'>illarum</span> <span class='ocrx_word' id='word_1_543' title='bbox 394 2658 503 2686; x_wconf 89' lang='lat' dir='ltr'>quoque</span> <span class='ocrx_word' id='word_1_544' title='bbox 514 2657 603 2676; x_wconf 87' lang='lat' dir='ltr'>rerum</span> <span class='ocrx_word' id='word_1_545' title='bbox 616 2648 859 2684; x_wconf 84' lang='lat' dir='ltr'>pulcherrimarum</span> 
     </span>
    </p>
   </div>
   <div class='ocr_carea' id='block_1_7' title="bbox 889 194 894 1260">
    <p class='ocr_par' dir='ltr' id='par_1_8' title="bbox 889 194 894 1260">
     <span class='ocr_line' id='line_1_69' title="bbox 889 194 894 1260; baseline 0 0"><span class='ocrx_word' id='word_1_546' title='bbox 889 194 894 1260; x_wconf 95' lang='lat' dir='ltr'> </span> 
     </span>
    </p>
   </div>
   <div class='ocr_carea' id='block_1_8' title="bbox 892 1343 1470 1380">
    <p class='ocr_par' dir='ltr' id='par_1_9' title="bbox 892 1343 1470 1380">
     <span class='ocr_line' id='line_1_70' title="bbox 892 1343 1470 1380; baseline 0 -9"><span class='ocrx_word' id='word_1_547' title='bbox 892 1343 893 1347; x_wconf 45' lang='lat'>¹</span> <span class='ocrx_word' id='word_1_548' title='bbox 915 1354 999 1380; x_wconf 86' lang='lat' dir='ltr'>pauca</span> <span class='ocrx_word' id='word_1_549' title='bbox 1011 1350 1070 1372; x_wconf 87' lang='lat' dir='ltr'>ante</span> <span class='ocrx_word' id='word_1_550' title='bbox 1082 1347 1160 1380; x_wconf 85' lang='lat' dir='ltr'>quasi</span> <span class='ocrx_word' id='word_1_551' title='bbox 1173 1346 1205 1372; x_wconf 91' lang='lat' dir='ltr'>de</span> <span class='ocrx_word' id='word_1_552' title='bbox 1218 1345 1286 1371; x_wconf 81' lang='lat' dir='ltr'>sama</span> <span class='ocrx_word' id='word_1_553' title='bbox 1299 1354 1357 1371; x_wconf 83' lang='lat' dir='ltr'>mea</span> <span class='ocrx_word' id='word_1_554' title='bbox 1368 1345 1470 1371; x_wconf 86' lang='lat' dir='ltr'>dixero.</span> 
     </span>
    </p>
   </div>
   <div class='ocr_carea' id='block_1_9' title="bbox 885 234 887 2539">
    <p class='ocr_par' dir='ltr' id='par_1_10' title="bbox 885 234 887 2539">
     <span class='ocr_line' id='line_1_71' title="bbox 885 234 887 2539; baseline 0 0"><span class='ocrx_word' id='word_1_555' title='bbox 885 234 887 2539; x_wconf 95' lang='lat' dir='ltr'> </span> 
     </span>
    </p>
   </div>
   <div class='ocr_carea' id='block_1_10' title="bbox 891 194 894 2674">
    <p class='ocr_par' dir='ltr' id='par_1_11' title="bbox 891 194 894 2674">
     <span class='ocr_line' id='line_1_72' title="bbox 891 194 894 2674; baseline 0 0"><span class='ocrx_word' id='word_1_556' title='bbox 891 194 894 2674; x_wconf 95' lang='lat' dir='ltr'> </span> 
     </span>
    </p>
   </div>
   <div class='ocr_carea' id='block_1_11' title="bbox 910 117 1711 1152">
    <p class='ocr_par' dir='ltr' id='par_1_12' title="bbox 910 117 1710 1035">
     <span class='ocr_line' id='line_1_73' title="bbox 1154 117 1706 144; baseline 0.002 -1"><span class='ocrx_word' id='word_1_557' title='bbox 1154 117 1204 143; x_wconf 77' lang='lat' dir='ltr'>CA</span> <span class='ocrx_word' id='word_1_558' title='bbox 1217 118 1246 144; x_wconf 87' lang='lat' dir='ltr'>P.</span> <span class='ocrx_word' id='word_1_559' title='bbox 1280 118 1309 143; x_wconf 81' lang='grc' dir='ltr'><strong>Π</strong></span> <span class='ocrx_word' id='word_1_560' title='bbox 1330 133 1365 137; x_wconf 92' lang='grc'><strong>-</strong></span> <span class='ocrx_word' id='word_1_561' title='bbox 1386 120 1427 144; x_wconf 71' lang='grc'>20.</span> <span class='ocrx_word' id='word_1_562' title='bbox 1657 120 1706 144; x_wconf 69' lang='grc' dir='ltr'>9ΰ3</span> 
     </span>
     <span class='ocr_line' id='line_1_74' title="bbox 910 188 1706 223; baseline 0.001 -9"><span class='ocrx_word' id='word_1_563' title='bbox 910 197 924 214; x_wconf 93' lang='lat' dir='ltr'>a</span> <span class='ocrx_word' id='word_1_564' title='bbox 940 192 965 214; x_wconf 90' lang='lat' dir='ltr'>te</span> <span class='ocrx_word' id='word_1_565' title='bbox 980 188 1039 222; x_wconf 86' lang='lat' dir='ltr'>ipso</span> <span class='ocrx_word' id='word_1_566' title='bbox 1055 189 1193 214; x_wconf 87' lang='lat' dir='ltr'>minuatur</span> <span class='ocrx_word' id='word_1_567' title='bbox 1208 190 1362 215; x_wconf 86' lang='lat' dir='ltr'>auctoritas.</span> <span class='ocrx_word' id='word_1_568' title='bbox 1402 188 1475 221; x_wconf 86' lang='lat' dir='ltr'>Quae</span> <span class='ocrx_word' id='word_1_569' title='bbox 1491 197 1576 223; x_wconf 90' lang='lat' dir='ltr'>quum</span> <span class='ocrx_word' id='word_1_570' title='bbox 1591 189 1706 216; x_wconf 82' lang='lat' dir='ltr'>dixisset</span> 
     </span>
     <span class='ocr_line' id='line_1_75' title="bbox 911 225 1707 255; baseline 0.003 -4"><span class='ocrx_word' id='word_1_571' title='bbox 911 225 969 255; x_wconf 88' lang='lat' dir='ltr'>ille,</span> <span class='ocrx_word' id='word_1_572' title='bbox 988 225 1068 251; x_wconf 78' lang='lat' dir='ltr'>finem</span> <span class='ocrx_word' id='word_1_573' title='bbox 1085 225 1156 251; x_wconf 80' lang='lat' dir='ltr'>fecit.</span> <span class='ocrx_word' id='word_1_574' title='bbox 1196 227 1238 252; x_wconf 79' lang='lat'>63.</span> <span class='ocrx_word' id='word_1_575' title='bbox 1261 226 1417 252; x_wconf 84' lang='lat' dir='ltr'>Hortensius</span> <span class='ocrx_word' id='word_1_576' title='bbox 1433 231 1522 252; x_wconf 91' lang='lat' dir='ltr'>autem</span> <span class='ocrx_word' id='word_1_577' title='bbox 1534 226 1707 253; x_wconf 89' lang='lat' dir='ltr'>vehementer</span> 
     </span>
     <span class='ocr_line' id='line_1_76' title="bbox 911 262 1707 298; baseline 0.003 -10"><span class='ocrx_word' id='word_1_578' title='bbox 911 262 1060 293; x_wconf 89' lang='lat' dir='ltr'>admirans,</span> <span class='ocrx_word' id='word_1_579' title='bbox 1081 262 1163 297; x_wconf 89' lang='lat' dir='ltr'>(quod</span> <span class='ocrx_word' id='word_1_580' title='bbox 1178 263 1290 298; x_wconf 89' lang='lat' dir='ltr'>quidem</span> <span class='ocrx_word' id='word_1_581' title='bbox 1304 268 1433 298; x_wconf 91' lang='lat' dir='ltr'>perpetuo</span> <span class='ocrx_word' id='word_1_582' title='bbox 1448 263 1560 290; x_wconf 90' lang='lat' dir='ltr'>Lucullo</span> <span class='ocrx_word' id='word_1_583' title='bbox 1581 263 1707 298; x_wconf 86' lang='lat' dir='ltr'>loquente</span> 
     </span>
     <span class='ocr_line' id='line_1_77' title="bbox 912 299 1704 335; baseline 0.003 -10"><span class='ocrx_word' id='word_1_584' title='bbox 912 299 1021 330; x_wconf 79' lang='lat' dir='ltr'>fecerat,</span> <span class='ocrx_word' id='word_1_585' title='bbox 1044 304 1074 326; x_wconf 88' lang='lat' dir='ltr'>ut</span> <span class='ocrx_word' id='word_1_586' title='bbox 1088 301 1168 326; x_wconf 88' lang='lat' dir='ltr'>etiam</span> <span class='ocrx_word' id='word_1_587' title='bbox 1184 309 1280 326; x_wconf 86' lang='lat' dir='ltr'>manus</span> <span class='ocrx_word' id='word_1_588' title='bbox 1296 309 1375 335; x_wconf 87' lang='lat' dir='ltr'>saepe</span> <span class='ocrx_word' id='word_1_589' title='bbox 1391 300 1507 332; x_wconf 64' lang='lat' dir='ltr'>tolleret,</span> <span class='ocrx_word' id='word_1_590' title='bbox 1526 310 1574 327; x_wconf 91' lang='lat' dir='ltr'>nec</span> <span class='ocrx_word' id='word_1_591' title='bbox 1591 303 1704 327; x_wconf 88' lang='lat' dir='ltr'>mirum:</span> 
     </span>
     <span class='ocr_line' id='line_1_78' title="bbox 912 337 1708 371; baseline 0.004 -9"><span class='ocrx_word' id='word_1_592' title='bbox 912 345 973 363; x_wconf 89' lang='lat' dir='ltr'>nam</span> <span class='ocrx_word' id='word_1_593' title='bbox 985 345 1134 371; x_wconf 87' lang='lat' dir='ltr'>numquam</span> <span class='ocrx_word' id='word_1_594' title='bbox 1145 337 1259 364; x_wconf 86' lang='lat' dir='ltr'>arbitror</span> <span class='ocrx_word' id='word_1_595' title='bbox 1271 343 1361 364; x_wconf 89' lang='lat' dir='ltr'>contra</span> <span class='ocrx_word' id='word_1_596' title='bbox 1367 338 1539 364; x_wconf 75' lang='lat' dir='ltr'>Academiam</span> <span class='ocrx_word' id='word_1_597' title='bbox 1551 338 1653 365; x_wconf 89' lang='lat' dir='ltr'>dictum</span> <span class='ocrx_word' id='word_1_598' title='bbox 1664 347 1708 365; x_wconf 88' lang='lat' dir='ltr'>es-</span> 
     </span>
     <span class='ocr_line' id='line_1_79' title="bbox 911 374 1705 409; baseline 0.003 -9"><span class='ocrx_word' id='word_1_599' title='bbox 911 383 940 400; x_wconf 89' lang='lat' dir='ltr'>se</span> <span class='ocrx_word' id='word_1_600' title='bbox 955 374 1094 409; x_wconf 86' lang='lat' dir='ltr'>subtilius)</span> <span class='ocrx_word' id='word_1_601' title='bbox 1111 383 1152 400; x_wconf 89' lang='lat' dir='ltr'>me</span> <span class='ocrx_word' id='word_1_602' title='bbox 1172 383 1293 409; x_wconf 89' lang='lat' dir='ltr'>quoque,</span> <span class='ocrx_word' id='word_1_603' title='bbox 1316 376 1454 406; x_wconf 84' lang='lat' dir='ltr'>iocansne,</span> <span class='ocrx_word' id='word_1_604' title='bbox 1477 384 1510 401; x_wconf 91' lang='lat' dir='ltr'>an</span> <span class='ocrx_word' id='word_1_605' title='bbox 1526 377 1561 402; x_wconf 89' lang='lat' dir='ltr'>ita</span> <span class='ocrx_word' id='word_1_606' title='bbox 1577 376 1705 406; x_wconf 83' lang='lat' dir='ltr'>sentiens,</span> 
     </span>
     <span class='ocr_line' id='line_1_80' title="bbox 911 411 1709 447; baseline 0.004 -10"><span class='ocrx_word' id='word_1_607' title='bbox 911 411 973 445; x_wconf 90' lang='lat' dir='ltr'>(non</span> <span class='ocrx_word' id='word_1_608' title='bbox 985 412 1057 437; x_wconf 91' lang='lat' dir='ltr'>enim</span> <span class='ocrx_word' id='word_1_609' title='bbox 1069 412 1133 438; x_wconf 86' lang='lat' dir='ltr'>satis</span> <span class='ocrx_word' id='word_1_610' title='bbox 1145 412 1433 447; x_wconf 80' lang='lat' dir='ltr'>intelligebam)coepit</span> <span class='ocrx_word' id='word_1_611' title='bbox 1443 412 1552 443; x_wconf 86' lang='lat' dir='ltr'>hortari,</span> <span class='ocrx_word' id='word_1_612' title='bbox 1561 418 1590 440; x_wconf 93' lang='lat' dir='ltr'>ut</span> <span class='ocrx_word' id='word_1_613' title='bbox 1600 418 1709 440; x_wconf 87' lang='lat' dir='ltr'>senten-</span> 
     </span>
     <span class='ocr_line' id='line_1_81' title="bbox 912 448 1709 485; baseline 0.004 -11"><span class='ocrx_word' id='word_1_614' title='bbox 912 449 947 475; x_wconf 89' lang='lat' dir='ltr'>tia</span> <span class='ocrx_word' id='word_1_615' title='bbox 958 448 1126 475; x_wconf 86' lang='lat' dir='ltr'>desisterem.</span> <span class='ocrx_word' id='word_1_616' title='bbox 1167 450 1235 475; x_wconf 91' lang='lat' dir='ltr'>Tum</span> <span class='ocrx_word' id='word_1_617' title='bbox 1247 450 1315 475; x_wconf 92' lang='lat' dir='ltr'>mihi</span> <span class='ocrx_word' id='word_1_618' title='bbox 1326 450 1445 480; x_wconf 88' lang='lat' dir='ltr'>Catulus,</span> <span class='ocrx_word' id='word_1_619' title='bbox 1455 450 1484 476; x_wconf 86' lang='lat' dir='ltr'>Si</span> <span class='ocrx_word' id='word_1_620' title='bbox 1495 456 1529 481; x_wconf 90' lang='lat' dir='ltr'>te,</span> <span class='ocrx_word' id='word_1_621' title='bbox 1543 451 1640 485; x_wconf 87' lang='lat' dir='ltr'>inquit,</span> <span class='ocrx_word' id='word_1_622' title='bbox 1654 451 1709 477; x_wconf 91' lang='lat' dir='ltr'>Lu-</span> 
     </span>
     <span class='ocr_line' id='line_1_82' title="bbox 912 485 1709 521; baseline 0.004 -10"><span class='ocrx_word' id='word_1_623' title='bbox 912 485 977 512; x_wconf 92' lang='lat' dir='ltr'>culli</span> <span class='ocrx_word' id='word_1_624' title='bbox 991 487 1073 512; x_wconf 81' lang='lat' dir='ltr'>oratio</span> <span class='ocrx_word' id='word_1_625' title='bbox 1086 485 1172 517; x_wconf 82' lang='lat' dir='ltr'>flexit,</span> <span class='ocrx_word' id='word_1_626' title='bbox 1185 495 1254 521; x_wconf 90' lang='lat' dir='ltr'>quae</span> <span class='ocrx_word' id='word_1_627' title='bbox 1266 492 1306 513; x_wconf 88' lang='lat' dir='ltr'>est</span> <span class='ocrx_word' id='word_1_628' title='bbox 1317 487 1407 513; x_wconf 87' lang='lat' dir='ltr'>habita</span> <span class='ocrx_word' id='word_1_629' title='bbox 1420 488 1585 518; x_wconf 87' lang='lat' dir='ltr'>memoriter,</span> <span class='ocrx_word' id='word_1_630' title='bbox 1599 496 1709 514; x_wconf 87' lang='lat' dir='ltr'>accura-</span> 
     </span>
     <span class='ocr_line' id='line_1_83' title="bbox 913 523 1709 559; baseline 0.004 -11"><span class='ocrx_word' id='word_1_631' title='bbox 913 528 946 553; x_wconf 86' lang='lat' dir='ltr'>te,</span> <span class='ocrx_word' id='word_1_632' title='bbox 960 523 1080 557; x_wconf 74' lang='lat' dir='ltr'>copiose3</span> <span class='ocrx_word' id='word_1_633' title='bbox 1095 528 1176 553; x_wconf 86' lang='lat' dir='ltr'>taceo,</span> <span class='ocrx_word' id='word_1_634' title='bbox 1194 532 1281 558; x_wconf 86' lang='lat' dir='ltr'>neque</span> <span class='ocrx_word' id='word_1_635' title='bbox 1293 529 1326 553; x_wconf 87' lang='lat' dir='ltr'>te,</span> <span class='ocrx_word' id='word_1_636' title='bbox 1339 533 1392 559; x_wconf 90' lang='lat' dir='ltr'>quo</span> <span class='ocrx_word' id='word_1_637' title='bbox 1404 525 1508 555; x_wconf 88' lang='lat' dir='ltr'>minus,</span> <span class='ocrx_word' id='word_1_638' title='bbox 1522 525 1545 550; x_wconf 85' lang='lat' dir='ltr'>si</span> <span class='ocrx_word' id='word_1_639' title='bbox 1558 525 1608 551; x_wconf 90' lang='lat' dir='ltr'>tibi</span> <span class='ocrx_word' id='word_1_640' title='bbox 1619 525 1653 551; x_wconf 85' lang='lat' dir='ltr'>ita</span> <span class='ocrx_word' id='word_1_641' title='bbox 1667 526 1709 551; x_wconf 82' lang='lat' dir='ltr'>vi-</span> 
     </span>
     <span class='ocr_line' id='line_1_84' title="bbox 912 560 1708 596; baseline 0.004 -11"><span class='ocrx_word' id='word_1_642' title='bbox 912 560 1018 590; x_wconf 86' lang='lat' dir='ltr'>deatur,</span> <span class='ocrx_word' id='word_1_643' title='bbox 1033 561 1192 587; x_wconf 85' lang='lat' dir='ltr'>sententiam</span> <span class='ocrx_word' id='word_1_644' title='bbox 1205 566 1307 592; x_wconf 86' lang='lat' dir='ltr'>mutes,</span> <span class='ocrx_word' id='word_1_645' title='bbox 1321 561 1511 588; x_wconf 87' lang='lat' dir='ltr'>deterrendum</span> <span class='ocrx_word' id='word_1_646' title='bbox 1524 567 1597 596; x_wconf 90' lang='lat' dir='ltr'>puto.</span> <span class='ocrx_word' id='word_1_647' title='bbox 1638 562 1708 588; x_wconf 92' lang='lat' dir='ltr'>lllud</span> 
     </span>
     <span class='ocr_line' id='line_1_85' title="bbox 913 600 1707 629; baseline 0.003 -6"><span class='ocrx_word' id='word_1_648' title='bbox 913 606 975 623; x_wconf 88' lang='lat' dir='ltr'>vcro</span> <span class='ocrx_word' id='word_1_649' title='bbox 997 606 1048 624; x_wconf 90' lang='lat' dir='ltr'>non</span> <span class='ocrx_word' id='word_1_650' title='bbox 1069 606 1234 629; x_wconf 83' lang='lat' dir='ltr'>censuerim,</span> <span class='ocrx_word' id='word_1_651' title='bbox 1266 603 1295 625; x_wconf 86' lang='lat' dir='ltr'>ut</span> <span class='ocrx_word' id='word_1_652' title='bbox 1319 600 1377 625; x_wconf 90' lang='lat' dir='ltr'>eius</span> <span class='ocrx_word' id='word_1_653' title='bbox 1398 600 1552 625; x_wconf 86' lang='lat' dir='ltr'>auctoritate</span> <span class='ocrx_word' id='word_1_654' title='bbox 1574 608 1707 625; x_wconf 77' lang='lat' dir='ltr'>moveare,</span> 
     </span>
     <span class='ocr_line' id='line_1_86' title="bbox 912 635 1709 671; baseline 0.003 -11"><span class='ocrx_word' id='word_1_655' title='bbox 912 635 1026 660; x_wconf 91' lang='lat' dir='ltr'>Tantum</span> <span class='ocrx_word' id='word_1_656' title='bbox 1038 636 1110 661; x_wconf 90' lang='lat' dir='ltr'>enim</span> <span class='ocrx_word' id='word_1_657' title='bbox 1123 644 1174 661; x_wconf 92' lang='lat' dir='ltr'>non</span> <span class='ocrx_word' id='word_1_658' title='bbox 1186 640 1210 662; x_wconf 92' lang='lat' dir='ltr'>te</span> <span class='ocrx_word' id='word_1_659' title='bbox 1222 637 1334 665; x_wconf 85' lang='lat' dir='ltr'>monuit,</span> <span class='ocrx_word' id='word_1_660' title='bbox 1348 637 1437 671; x_wconf 91' lang='lat' dir='ltr'>inquit</span> <span class='ocrx_word' id='word_1_661' title='bbox 1448 636 1577 666; x_wconf 78' lang='lat' dir='ltr'>arridens,</span> <span class='ocrx_word' id='word_1_662' title='bbox 1590 641 1620 663; x_wconf 89' lang='lat' dir='ltr'>ut</span> <span class='ocrx_word' id='word_1_663' title='bbox 1629 645 1709 663; x_wconf 82' lang='lat' dir='ltr'>cave-</span> 
     </span>
     <span class='ocr_line' id='line_1_87' title="bbox 913 673 1708 708; baseline 0.003 -11"><span class='ocrx_word' id='word_1_664' title='bbox 913 681 964 702; x_wconf 88' lang='lat' dir='ltr'>res,</span> <span class='ocrx_word' id='word_1_665' title='bbox 977 681 1009 698; x_wconf 88' lang='lat' dir='ltr'>ne</span> <span class='ocrx_word' id='word_1_666' title='bbox 1021 673 1083 706; x_wconf 91' lang='lat' dir='ltr'>quis</span> <span class='ocrx_word' id='word_1_667' title='bbox 1096 673 1236 707; x_wconf 87' lang='lat' dir='ltr'>improbus</span> <span class='ocrx_word' id='word_1_668' title='bbox 1249 673 1374 699; x_wconf 84' lang='lat' dir='ltr'>tribunus</span> <span class='ocrx_word' id='word_1_669' title='bbox 1385 674 1487 708; x_wconf 83' lang='lat' dir='ltr'>plebis,</span> <span class='ocrx_word' id='word_1_670' title='bbox 1504 682 1619 708; x_wconf 91' lang='lat' dir='ltr'>quorum</span> <span class='ocrx_word' id='word_1_671' title='bbox 1632 673 1708 700; x_wconf 84' lang='lat' dir='ltr'>vides</span> 
     </span>
     <span class='ocr_line' id='line_1_88' title="bbox 912 710 1709 745; baseline 0.003 -10"><span class='ocrx_word' id='word_1_672' title='bbox 912 714 1011 744; x_wconf 87' lang='lat' dir='ltr'>quanta</span> <span class='ocrx_word' id='word_1_673' title='bbox 1022 710 1098 744; x_wconf 90' lang='lat' dir='ltr'>copia</span> <span class='ocrx_word' id='word_1_674' title='bbox 1109 718 1217 744; x_wconf 87' lang='lat' dir='ltr'>semper</span> <span class='ocrx_word' id='word_1_675' title='bbox 1228 710 1316 736; x_wconf 83' lang='lat' dir='ltr'>futura</span> <span class='ocrx_word' id='word_1_676' title='bbox 1328 712 1375 741; x_wconf 90' lang='lat' dir='ltr'>sit,</span> <span class='ocrx_word' id='word_1_677' title='bbox 1393 712 1521 745; x_wconf 81' lang='lat' dir='ltr'>arriperet</span> <span class='ocrx_word' id='word_1_678' title='bbox 1535 716 1558 737; x_wconf 89' lang='lat' dir='ltr'>te</span> <span class='ocrx_word' id='word_1_679' title='bbox 1570 716 1595 737; x_wconf 88' lang='lat' dir='ltr'>et</span> <span class='ocrx_word' id='word_1_680' title='bbox 1607 712 1633 737; x_wconf 93' lang='lat' dir='ltr'>in</span> <span class='ocrx_word' id='word_1_681' title='bbox 1645 720 1709 737; x_wconf 92' lang='lat' dir='ltr'>con-</span> 
     </span>
     <span class='ocr_line' id='line_1_89' title="bbox 911 747 1709 783; baseline 0.003 -11"><span class='ocrx_word' id='word_1_682' title='bbox 911 747 988 772; x_wconf 89' lang='lat' dir='ltr'>cione</span> <span class='ocrx_word' id='word_1_683' title='bbox 999 752 1147 781; x_wconf 84' lang='lat' dir='ltr'>quaereret,</span> <span class='ocrx_word' id='word_1_684' title='bbox 1161 748 1209 782; x_wconf 89' lang='lat' dir='ltr'>qui</span> <span class='ocrx_word' id='word_1_685' title='bbox 1221 747 1270 774; x_wconf 89' lang='lat' dir='ltr'>tibi</span> <span class='ocrx_word' id='word_1_686' title='bbox 1281 753 1429 778; x_wconf 83' lang='lat' dir='ltr'>constares,</span> <span class='ocrx_word' id='word_1_687' title='bbox 1445 757 1530 782; x_wconf 88' lang='lat' dir='ltr'>quum</span> <span class='ocrx_word' id='word_1_688' title='bbox 1543 748 1614 774; x_wconf 85' lang='lat' dir='ltr'>idem</span> <span class='ocrx_word' id='word_1_689' title='bbox 1627 757 1709 783; x_wconf 76' lang='lat' dir='ltr'>nega-</span> 
     </span>
     <span class='ocr_line' id='line_1_90' title="bbox 912 784 1709 820; baseline 0.003 -11"><span class='ocrx_word' id='word_1_690' title='bbox 912 792 954 809; x_wconf 90' lang='lat' dir='ltr'>res</span> <span class='ocrx_word' id='word_1_691' title='bbox 965 784 1115 819; x_wconf 90' lang='lat' dir='ltr'>quidquam</span> <span class='ocrx_word' id='word_1_692' title='bbox 1127 786 1192 810; x_wconf 92' lang='lat' dir='ltr'>certi</span> <span class='ocrx_word' id='word_1_693' title='bbox 1203 793 1281 819; x_wconf 87' lang='lat' dir='ltr'>posse</span> <span class='ocrx_word' id='word_1_694' title='bbox 1293 786 1414 819; x_wconf 83' lang='lat' dir='ltr'>reperiri,</span> <span class='ocrx_word' id='word_1_695' title='bbox 1427 785 1499 811; x_wconf 89' lang='lat' dir='ltr'>idem</span> <span class='ocrx_word' id='word_1_696' title='bbox 1510 790 1534 811; x_wconf 87' lang='lat' dir='ltr'>te</span> <span class='ocrx_word' id='word_1_697' title='bbox 1545 787 1709 820; x_wconf 81' lang='lat' dir='ltr'>comperisse</span> 
     </span>
     <span class='ocr_line' id='line_1_91' title="bbox 913 821 1710 856; baseline 0.001 -9"><span class='ocrx_word' id='word_1_698' title='bbox 913 821 1040 847; x_wconf 80' lang='lat' dir='ltr'>dixisses.</span> <span class='ocrx_word' id='word_1_699' title='bbox 1075 822 1137 852; x_wconf 88' lang='lat' dir='ltr'>Hoc,</span> <span class='ocrx_word' id='word_1_700' title='bbox 1151 830 1260 856; x_wconf 88' lang='lat' dir='ltr'>quaeso,</span> <span class='ocrx_word' id='word_1_701' title='bbox 1273 831 1338 848; x_wconf 87' lang='lat' dir='ltr'>cave</span> <span class='ocrx_word' id='word_1_702' title='bbox 1349 831 1381 848; x_wconf 90' lang='lat' dir='ltr'>ne</span> <span class='ocrx_word' id='word_1_703' title='bbox 1393 827 1417 848; x_wconf 93' lang='lat' dir='ltr'>te</span> <span class='ocrx_word' id='word_1_704' title='bbox 1430 827 1533 849; x_wconf 87' lang='lat' dir='ltr'>terreat.</span> <span class='ocrx_word' id='word_1_705' title='bbox 1568 823 1603 848; x_wconf 92' lang='lat' dir='ltr'>De</span> <span class='ocrx_word' id='word_1_706' title='bbox 1614 832 1710 848; x_wconf 85' lang='lat' dir='ltr'>caussa</span> 
     </span>
     <span class='ocr_line' id='line_1_92' title="bbox 913 858 1709 894; baseline 0.001 -10"><span class='ocrx_word' id='word_1_707' title='bbox 913 863 1002 884; x_wconf 88' lang='lat' dir='ltr'>autem</span> <span class='ocrx_word' id='word_1_708' title='bbox 1018 859 1076 893; x_wconf 88' lang='lat' dir='ltr'>ipsa</span> <span class='ocrx_word' id='word_1_709' title='bbox 1093 858 1185 884; x_wconf 88' lang='lat' dir='ltr'>malim</span> <span class='ocrx_word' id='word_1_710' title='bbox 1201 859 1312 894; x_wconf 90' lang='lat' dir='ltr'>quidem</span> <span class='ocrx_word' id='word_1_711' title='bbox 1328 864 1351 885; x_wconf 91' lang='lat' dir='ltr'>te</span> <span class='ocrx_word' id='word_1_712' title='bbox 1362 859 1456 885; x_wconf 91' lang='lat' dir='ltr'>abhoc</span> <span class='ocrx_word' id='word_1_713' title='bbox 1467 859 1621 886; x_wconf 87' lang='lat' dir='ltr'>dissentire.</span> <span class='ocrx_word' id='word_1_714' title='bbox 1662 860 1709 886; x_wconf 88' lang='lat' dir='ltr'>Sin</span> 
     </span>
     <span class='ocr_line' id='line_1_93' title="bbox 913 896 1710 931; baseline 0.001 -10"><span class='ocrx_word' id='word_1_715' title='bbox 913 896 1040 926; x_wconf 90' lang='lat' dir='ltr'>cesseris,</span> <span class='ocrx_word' id='word_1_716' title='bbox 1065 905 1117 922; x_wconf 91' lang='lat' dir='ltr'>non</span> <span class='ocrx_word' id='word_1_717' title='bbox 1137 905 1233 931; x_wconf 82' lang='lat' dir='ltr'>magno</span> <span class='ocrx_word' id='word_1_718' title='bbox 1248 905 1328 931; x_wconf 90' lang='lat' dir='ltr'>opere</span> <span class='ocrx_word' id='word_1_719' title='bbox 1343 897 1470 923; x_wconf 90' lang='lat' dir='ltr'>mirabor.</span> <span class='ocrx_word' id='word_1_720' title='bbox 1511 897 1621 923; x_wconf 87' lang='lat' dir='ltr'>Memini</span> <span class='ocrx_word' id='word_1_721' title='bbox 1637 898 1710 923; x_wconf 86' lang='lat' dir='ltr'>enim</span> 
     </span>
     <span class='ocr_line' id='line_1_94' title="bbox 913 933 1708 968; baseline 0.001 -9"><span class='ocrx_word' id='word_1_722' title='bbox 913 933 1074 959; x_wconf 84' lang='lat' dir='ltr'>Antiochum</span> <span class='ocrx_word' id='word_1_723' title='bbox 1087 934 1187 968; x_wconf 89' lang='lat' dir='ltr'>ipsum,</span> <span class='ocrx_word' id='word_1_724' title='bbox 1196 942 1282 968; x_wconf 89' lang='lat' dir='ltr'>quum</span> <span class='ocrx_word' id='word_1_725' title='bbox 1292 942 1376 960; x_wconf 88' lang='lat' dir='ltr'>annos</span> <span class='ocrx_word' id='word_1_726' title='bbox 1386 934 1485 960; x_wconf 89' lang='lat' dir='ltr'>multos</span> <span class='ocrx_word' id='word_1_727' title='bbox 1496 934 1559 960; x_wconf 87' lang='lat' dir='ltr'>talia</span> <span class='ocrx_word' id='word_1_728' title='bbox 1570 934 1708 964; x_wconf 84' lang='lat' dir='ltr'>sensisset,</span> 
     </span>
     <span class='ocr_line' id='line_1_95' title="bbox 913 970 1709 1006; baseline 0 -10"><span class='ocrx_word' id='word_1_729' title='bbox 913 970 995 996; x_wconf 88' lang='lat' dir='ltr'>simul</span> <span class='ocrx_word' id='word_1_730' title='bbox 1007 980 1036 997; x_wconf 89' lang='lat' dir='ltr'>ac</span> <span class='ocrx_word' id='word_1_731' title='bbox 1049 972 1139 997; x_wconf 86' lang='lat' dir='ltr'>visum</span> <span class='ocrx_word' id='word_1_732' title='bbox 1150 972 1198 1001; x_wconf 86' lang='lat' dir='ltr'>sit,</span> <span class='ocrx_word' id='word_1_733' title='bbox 1214 972 1346 998; x_wconf 88' lang='lat' dir='ltr'>sententia</span> <span class='ocrx_word' id='word_1_734' title='bbox 1360 971 1505 998; x_wconf 86' lang='lat' dir='ltr'>destitisse.</span> <span class='ocrx_word' id='word_1_735' title='bbox 1546 972 1614 997; x_wconf 83' lang='lat' dir='ltr'>Haec</span> <span class='ocrx_word' id='word_1_736' title='bbox 1625 980 1709 1006; x_wconf 88' lang='lat' dir='ltr'>quum</span> 
     </span>
     <span class='ocr_line' id='line_1_96' title="bbox 913 1007 1450 1035; baseline 0 -1"><span class='ocrx_word' id='word_1_737' title='bbox 913 1008 1029 1034; x_wconf 82' lang='lat' dir='ltr'>dixisset</span> <span class='ocrx_word' id='word_1_738' title='bbox 1039 1007 1163 1034; x_wconf 83' lang='lat' dir='ltr'>Catulus:</span> <span class='ocrx_word' id='word_1_739' title='bbox 1182 1017 1224 1034; x_wconf 88' lang='lat' dir='ltr'>me</span> <span class='ocrx_word' id='word_1_740' title='bbox 1234 1017 1327 1035; x_wconf 90' lang='lat' dir='ltr'>omnes</span> <span class='ocrx_word' id='word_1_741' title='bbox 1342 1009 1450 1035; x_wconf 86' lang='lat' dir='ltr'>intueri.</span> 
     </span>
    </p>

    <p class='ocr_par' dir='ltr' id='par_1_13' title="bbox 913 1045 1711 1152">
     <span class='ocr_line' id='line_1_97' title="bbox 967 1045 1711 1081; baseline 0 -9"><span class='ocrx_word' id='word_1_742' title='bbox 967 1045 1030 1072; x_wconf 77' lang='lat' dir='ltr'>XX.</span> <span class='ocrx_word' id='word_1_743' title='bbox 1052 1047 1094 1072; x_wconf 69' lang='lat'>64.</span> <span class='ocrx_word' id='word_1_744' title='bbox 1117 1046 1185 1072; x_wconf 92' lang='lat' dir='ltr'>Tum</span> <span class='ocrx_word' id='word_1_745' title='bbox 1200 1055 1249 1081; x_wconf 81' lang='lat' dir='ltr'>ego</span> <span class='ocrx_word' id='word_1_746' title='bbox 1266 1055 1317 1072; x_wconf 91' lang='lat' dir='ltr'>non</span> <span class='ocrx_word' id='word_1_747' title='bbox 1334 1047 1425 1072; x_wconf 86' lang='lat' dir='ltr'>minus</span> <span class='ocrx_word' id='word_1_748' title='bbox 1443 1051 1605 1076; x_wconf 81' lang='lat' dir='ltr'>commotus,</span> <span class='ocrx_word' id='word_1_749' title='bbox 1629 1054 1711 1081; x_wconf 85' lang='lat' dir='ltr'>quam</span> 
     </span>
     <span class='ocr_line' id='line_1_98' title="bbox 913 1083 1711 1118; baseline 0 -9"><span class='ocrx_word' id='word_1_750' title='bbox 913 1083 986 1109; x_wconf 91' lang='lat' dir='ltr'>soleo</span> <span class='ocrx_word' id='word_1_751' title='bbox 998 1083 1024 1109; x_wconf 92' lang='lat' dir='ltr'>in</span> <span class='ocrx_word' id='word_1_752' title='bbox 1036 1084 1141 1109; x_wconf 88' lang='lat' dir='ltr'>caussis</span> <span class='ocrx_word' id='word_1_753' title='bbox 1153 1084 1310 1114; x_wconf 90' lang='lat' dir='ltr'>maioribus,</span> <span class='ocrx_word' id='word_1_754' title='bbox 1325 1083 1483 1110; x_wconf 90' lang='lat' dir='ltr'>huiusmodi</span> <span class='ocrx_word' id='word_1_755' title='bbox 1494 1083 1640 1118; x_wconf 87' lang='lat' dir='ltr'>quamdam</span> <span class='ocrx_word' id='word_1_756' title='bbox 1652 1092 1711 1109; x_wconf 88' lang='lat' dir='ltr'>ora—</span> 
     </span>
     <span class='ocr_line' id='line_1_99' title="bbox 914 1120 1711 1152; baseline -0.001 -5"><span class='ocrx_word' id='word_1_757' title='bbox 914 1121 1013 1147; x_wconf 83' lang='lat' dir='ltr'>tionem</span> <span class='ocrx_word' id='word_1_758' title='bbox 1029 1129 1090 1147; x_wconf 87' lang='lat' dir='ltr'>sum</span> <span class='ocrx_word' id='word_1_759' title='bbox 1106 1129 1231 1147; x_wconf 82' lang='lat' dir='ltr'>exorsus:</span> <span class='ocrx_word' id='word_1_760' title='bbox 1254 1121 1308 1151; x_wconf 83' lang='lat' dir='ltr'>Me,</span> <span class='ocrx_word' id='word_1_761' title='bbox 1327 1120 1433 1152; x_wconf 84' lang='lat' dir='ltr'>Catule,</span> <span class='ocrx_word' id='word_1_762' title='bbox 1454 1122 1537 1147; x_wconf 91' lang='lat' dir='ltr'>oratio</span> <span class='ocrx_word' id='word_1_763' title='bbox 1553 1120 1659 1146; x_wconf 93' lang='lat' dir='ltr'>Luculli</span> <span class='ocrx_word' id='word_1_764' title='bbox 1678 1120 1711 1146; x_wconf 89' lang='lat' dir='ltr'>de</span> 
     </span>
    </p>
   </div>
   <div class='ocr_carea' id='block_1_12' title="bbox 891 1158 1711 1230">
    <p class='ocr_par' dir='ltr' id='par_1_14' title="bbox 891 1158 1711 1230">
     <span class='ocr_line' id='line_1_100' title="bbox 891 1158 1711 1192; baseline -0.004 -6"><span class='ocrx_word' id='word_1_765' title='bbox 891 1181 892 1186; x_wconf 67' lang='grc'>,</span> <span class='ocrx_word' id='word_1_766' title='bbox 913 1159 971 1192; x_wconf 88' lang='lat' dir='ltr'>ipsa</span> <span class='ocrx_word' id='word_1_767' title='bbox 983 1166 1011 1184; x_wconf 90' lang='lat' dir='ltr'>re</span> <span class='ocrx_word' id='word_1_768' title='bbox 1025 1159 1058 1184; x_wconf 87' lang='lat' dir='ltr'>ita</span> <span class='ocrx_word' id='word_1_769' title='bbox 1072 1159 1169 1189; x_wconf 85' lang='lat' dir='ltr'>movit,</span> <span class='ocrx_word' id='word_1_770' title='bbox 1188 1163 1217 1185; x_wconf 89' lang='lat' dir='ltr'>ut</span> <span class='ocrx_word' id='word_1_771' title='bbox 1227 1158 1298 1185; x_wconf 89' lang='lat' dir='ltr'>docti</span> <span class='ocrx_word' id='word_1_772' title='bbox 1310 1158 1428 1184; x_wconf 90' lang='lat' dir='ltr'>hominis</span> <span class='ocrx_word' id='word_1_773' title='bbox 1439 1163 1465 1185; x_wconf 90' lang='lat' dir='ltr'>et</span> <span class='ocrx_word' id='word_1_774' title='bbox 1477 1159 1579 1192; x_wconf 83' lang='lat' dir='ltr'>copiosi</span> <span class='ocrx_word' id='word_1_775' title='bbox 1591 1163 1615 1184; x_wconf 89' lang='lat' dir='ltr'>et</span> <span class='ocrx_word' id='word_1_776' title='bbox 1627 1158 1711 1192; x_wconf 86' lang='lat' dir='ltr'>parati</span> 
     </span>
     <span class='ocr_line' id='line_1_101' title="bbox 892 1195 1711 1230; baseline 0 -10"><span class='ocrx_word' id='word_1_777' title='bbox 892 1215 893 1219; x_wconf 65' lang='grc'>,</span> <span class='ocrx_word' id='word_1_778' title='bbox 913 1201 939 1222; x_wconf 90' lang='lat' dir='ltr'>et</span> <span class='ocrx_word' id='word_1_779' title='bbox 950 1195 1019 1221; x_wconf 89' lang='lat' dir='ltr'>nihil</span> <span class='ocrx_word' id='word_1_780' title='bbox 1031 1197 1225 1230; x_wconf 87' lang='lat' dir='ltr'>praetereuntis</span> <span class='ocrx_word' id='word_1_781' title='bbox 1237 1204 1339 1226; x_wconf 88' lang='lat' dir='ltr'>eorum,</span> <span class='ocrx_word' id='word_1_782' title='bbox 1356 1204 1425 1230; x_wconf 86' lang='lat' dir='ltr'>quae</span> <span class='ocrx_word' id='word_1_783' title='bbox 1435 1204 1483 1230; x_wconf 92' lang='lat' dir='ltr'>pro</span> <span class='ocrx_word' id='word_1_784' title='bbox 1494 1196 1538 1221; x_wconf 91' lang='lat' dir='ltr'>illa</span> <span class='ocrx_word' id='word_1_785' title='bbox 1550 1204 1645 1222; x_wconf 85' lang='lat' dir='ltr'>caussa</span> <span class='ocrx_word' id='word_1_786' title='bbox 1657 1195 1711 1221; x_wconf 92' lang='lat' dir='ltr'>dici</span> 
     </span>
    </p>
   </div>
   <div class='ocr_carea' id='block_1_13' title="bbox 911 1233 1712 2684">
    <p class='ocr_par' dir='ltr' id='par_1_15' title="bbox 912 1233 1712 2311">
     <span class='ocr_line' id='line_1_102' title="bbox 914 1233 1709 1267; baseline -0.001 -8"><span class='ocrx_word' id='word_1_787' title='bbox 914 1238 1035 1267; x_wconf 76' lang='lat' dir='ltr'>possent:</span> <span class='ocrx_word' id='word_1_788' title='bbox 1050 1242 1102 1260; x_wconf 90' lang='lat' dir='ltr'>non</span> <span class='ocrx_word' id='word_1_789' title='bbox 1115 1239 1203 1260; x_wconf 85' lang='lat' dir='ltr'>tamen</span> <span class='ocrx_word' id='word_1_790' title='bbox 1216 1239 1244 1259; x_wconf 87' lang='lat' dir='ltr'>ut</span> <span class='ocrx_word' id='word_1_791' title='bbox 1253 1234 1278 1259; x_wconf 90' lang='lat' dir='ltr'>ei</span> <span class='ocrx_word' id='word_1_792' title='bbox 1289 1233 1450 1267; x_wconf 89' lang='lat' dir='ltr'>respondere</span> <span class='ocrx_word' id='word_1_793' title='bbox 1462 1233 1709 1267; x_wconf 78' lang='lat' dir='ltr'>possedistiderem.</span> 
     </span>
     <span class='ocr_line' id='line_1_103' title="bbox 914 1270 1712 1305; baseline 0 -9"><span class='ocrx_word' id='word_1_794' title='bbox 914 1270 1065 1297; x_wconf 77' lang='lat' dir='ltr'>Auctoritas</span> <span class='ocrx_word' id='word_1_795' title='bbox 1076 1277 1165 1298; x_wconf 89' lang='lat' dir='ltr'>autem</span> <span class='ocrx_word' id='word_1_796' title='bbox 1178 1276 1248 1297; x_wconf 87' lang='lat' dir='ltr'>tanta</span> <span class='ocrx_word' id='word_1_797' title='bbox 1259 1270 1338 1305; x_wconf 90' lang='lat' dir='ltr'>plane</span> <span class='ocrx_word' id='word_1_798' title='bbox 1350 1279 1391 1297; x_wconf 89' lang='lat' dir='ltr'>me</span> <span class='ocrx_word' id='word_1_799' title='bbox 1404 1271 1541 1300; x_wconf 83' lang='lat' dir='ltr'>movebat,</span> <span class='ocrx_word' id='word_1_800' title='bbox 1560 1271 1613 1296; x_wconf 88' lang='lat' dir='ltr'>nisi</span> <span class='ocrx_word' id='word_1_801' title='bbox 1625 1275 1652 1296; x_wconf 92' lang='lat' dir='ltr'>tu</span> <span class='ocrx_word' id='word_1_802' title='bbox 1663 1278 1712 1304; x_wconf 88' lang='lat' dir='ltr'>op-</span> 
     </span>
     <span class='ocr_line' id='line_1_104' title="bbox 914 1307 1712 1343; baseline -0.001 -9"><span class='ocrx_word' id='word_1_803' title='bbox 914 1308 1053 1343; x_wconf 85' lang='lat' dir='ltr'>posuisses</span> <span class='ocrx_word' id='word_1_804' title='bbox 1068 1317 1121 1335; x_wconf 89' lang='lat' dir='ltr'>non</span> <span class='ocrx_word' id='word_1_805' title='bbox 1138 1309 1269 1334; x_wconf 86' lang='lat' dir='ltr'>minorem</span> <span class='ocrx_word' id='word_1_806' title='bbox 1286 1313 1368 1334; x_wconf 84' lang='lat' dir='ltr'>tuam.</span> <span class='ocrx_word' id='word_1_807' title='bbox 1410 1307 1558 1343; x_wconf 69' lang='lat' dir='ltr'>Aggredior</span> <span class='ocrx_word' id='word_1_808' title='bbox 1574 1308 1669 1342; x_wconf 72' lang='lat' dir='ltr'>igitur,</span> <span class='ocrx_word' id='word_1_809' title='bbox 1687 1307 1712 1333; x_wconf 93' lang='lat' dir='ltr'>si</span> 
     </span>
     <span class='ocr_line' id='line_1_105' title="bbox 1506 1345 1711 1380; baseline 0 -10"><span class='ocrx_word' id='word_1_810' title='bbox 1506 1346 1548 1371; x_wconf 71' lang='lat'>(55.</span> <span class='ocrx_word' id='word_1_811' title='bbox 1571 1345 1628 1380; x_wconf 82' lang='lat' dir='ltr'>Ego</span> <span class='ocrx_word' id='word_1_812' title='bbox 1638 1345 1711 1371; x_wconf 90' lang='lat' dir='ltr'>enim</span> 
     </span>
     <span class='ocr_line' id='line_1_106' title="bbox 914 1381 1712 1417; baseline -0.001 -8"><span class='ocrx_word' id='word_1_813' title='bbox 914 1383 937 1408; x_wconf 87' lang='lat' dir='ltr'>si</span> <span class='ocrx_word' id='word_1_814' title='bbox 949 1387 994 1409; x_wconf 84' lang='lat' dir='ltr'>aut</span> <span class='ocrx_word' id='word_1_815' title='bbox 1005 1384 1180 1409; x_wconf 85' lang='lat' dir='ltr'>ostentatione</span> <span class='ocrx_word' id='word_1_816' title='bbox 1191 1382 1282 1417; x_wconf 88' lang='lat' dir='ltr'>aliqua</span> <span class='ocrx_word' id='word_1_817' title='bbox 1293 1382 1436 1412; x_wconf 83' lang='lat' dir='ltr'>adductus,</span> <span class='ocrx_word' id='word_1_818' title='bbox 1450 1387 1496 1408; x_wconf 84' lang='lat' dir='ltr'>aut</span> <span class='ocrx_word' id='word_1_819' title='bbox 1506 1381 1597 1408; x_wconf 85' lang='lat' dir='ltr'>studio</span> <span class='ocrx_word' id='word_1_820' title='bbox 1608 1387 1712 1408; x_wconf 81' lang='lat' dir='ltr'>certan-</span> 
     </span>
     <span class='ocr_line' id='line_1_107' title="bbox 914 1419 1710 1455; baseline -0.001 -9"><span class='ocrx_word' id='word_1_821' title='bbox 914 1420 941 1446; x_wconf 91' lang='lat' dir='ltr'>di</span> <span class='ocrx_word' id='word_1_822' title='bbox 962 1420 995 1446; x_wconf 90' lang='lat' dir='ltr'>ad</span> <span class='ocrx_word' id='word_1_823' title='bbox 1019 1420 1087 1446; x_wconf 90' lang='lat' dir='ltr'>hanc</span> <span class='ocrx_word' id='word_1_824' title='bbox 1104 1421 1276 1455; x_wconf 88' lang='lat' dir='ltr'>potissimum</span> <span class='ocrx_word' id='word_1_825' title='bbox 1293 1420 1492 1454; x_wconf 88' lang='lat' dir='ltr'>philosophiam</span> <span class='ocrx_word' id='word_1_826' title='bbox 1508 1428 1548 1445; x_wconf 91' lang='lat' dir='ltr'>me</span> <span class='ocrx_word' id='word_1_827' title='bbox 1565 1419 1710 1454; x_wconf 84' lang='lat' dir='ltr'>applicavi,</span> 
     </span>
     <span class='ocr_line' id='line_1_108' title="bbox 915 1457 1712 1488; baseline -0.001 -5"><span class='ocrx_word' id='word_1_828' title='bbox 915 1466 967 1484; x_wconf 89' lang='lat' dir='ltr'>non</span> <span class='ocrx_word' id='word_1_829' title='bbox 979 1457 1058 1484; x_wconf 89' lang='lat' dir='ltr'>modo</span> <span class='ocrx_word' id='word_1_830' title='bbox 1069 1458 1210 1484; x_wconf 87' lang='lat' dir='ltr'>stultitiam</span> <span class='ocrx_word' id='word_1_831' title='bbox 1227 1466 1327 1488; x_wconf 87' lang='lat' dir='ltr'>meam,</span> <span class='ocrx_word' id='word_1_832' title='bbox 1344 1457 1391 1483; x_wconf 90' lang='lat' dir='ltr'>sed</span> <span class='ocrx_word' id='word_1_833' title='bbox 1407 1458 1485 1483; x_wconf 85' lang='lat' dir='ltr'>etiam</span> <span class='ocrx_word' id='word_1_834' title='bbox 1499 1465 1585 1483; x_wconf 80' lang='lat' dir='ltr'>mores</span> <span class='ocrx_word' id='word_1_835' title='bbox 1597 1462 1622 1483; x_wconf 85' lang='lat' dir='ltr'>et</span> <span class='ocrx_word' id='word_1_836' title='bbox 1634 1461 1712 1483; x_wconf 88' lang='lat' dir='ltr'>natu-</span> 
     </span>
     <span class='ocr_line' id='line_1_109' title="bbox 915 1494 1712 1529; baseline -0.003 -8"><span class='ocrx_word' id='word_1_837' title='bbox 915 1504 970 1521; x_wconf 86' lang='lat' dir='ltr'>ram</span> <span class='ocrx_word' id='word_1_838' title='bbox 980 1495 1210 1521; x_wconf 84' lang='lat' dir='ltr'>condemnandam</span> <span class='ocrx_word' id='word_1_839' title='bbox 1225 1500 1298 1529; x_wconf 87' lang='lat' dir='ltr'>puto.</span> <span class='ocrx_word' id='word_1_840' title='bbox 1333 1495 1409 1525; x_wconf 79' lang='lat' dir='ltr'>Nam,</span> <span class='ocrx_word' id='word_1_841' title='bbox 1423 1495 1446 1520; x_wconf 87' lang='lat' dir='ltr'>si</span> <span class='ocrx_word' id='word_1_842' title='bbox 1458 1496 1484 1520; x_wconf 93' lang='lat' dir='ltr'>in</span> <span class='ocrx_word' id='word_1_843' title='bbox 1498 1494 1619 1520; x_wconf 85' lang='lat' dir='ltr'>minimis</span> <span class='ocrx_word' id='word_1_844' title='bbox 1631 1494 1712 1520; x_wconf 88' lang='lat' dir='ltr'>rebus</span> 
     </span>
     <span class='ocr_line' id='line_1_110' title="bbox 914 1532 1710 1567; baseline -0.001 -9"><span class='ocrx_word' id='word_1_845' title='bbox 914 1533 1060 1567; x_wconf 84' lang='lat' dir='ltr'>pertinacia</span> <span class='ocrx_word' id='word_1_846' title='bbox 1076 1532 1295 1567; x_wconf 87' lang='lat' dir='ltr'>reprehenditur,</span> <span class='ocrx_word' id='word_1_847' title='bbox 1318 1532 1452 1558; x_wconf 87' lang='lat' dir='ltr'>calumnia</span> <span class='ocrx_word' id='word_1_848' title='bbox 1468 1532 1548 1558; x_wconf 90' lang='lat' dir='ltr'>etiam</span> <span class='ocrx_word' id='word_1_849' title='bbox 1564 1536 1710 1561; x_wconf 87' lang='lat' dir='ltr'>coercetur,</span> 
     </span>
     <span class='ocr_line' id='line_1_111' title="bbox 915 1569 1711 1605; baseline -0.003 -9"><span class='ocrx_word' id='word_1_850' title='bbox 915 1578 964 1605; x_wconf 75' lang='lat' dir='ltr'>ego</span> <span class='ocrx_word' id='word_1_851' title='bbox 980 1570 1013 1595; x_wconf 87' lang='lat' dir='ltr'>de</span> <span class='ocrx_word' id='word_1_852' title='bbox 1028 1570 1102 1596; x_wconf 90' lang='lat' dir='ltr'>omni</span> <span class='ocrx_word' id='word_1_853' title='bbox 1117 1575 1186 1596; x_wconf 86' lang='lat' dir='ltr'>statu</span> <span class='ocrx_word' id='word_1_854' title='bbox 1202 1569 1370 1604; x_wconf 88' lang='lat' dir='ltr'>consilioque</span> <span class='ocrx_word' id='word_1_855' title='bbox 1382 1570 1463 1595; x_wconf 87' lang='lat' dir='ltr'>totius</span> <span class='ocrx_word' id='word_1_856' title='bbox 1474 1569 1543 1595; x_wconf 87' lang='lat' dir='ltr'>vitae</span> <span class='ocrx_word' id='word_1_857' title='bbox 1555 1573 1600 1595; x_wconf 89' lang='lat' dir='ltr'>aut</span> <span class='ocrx_word' id='word_1_858' title='bbox 1611 1573 1711 1595; x_wconf 85' lang='lat' dir='ltr'>certare</span> 
     </span>
     <span class='ocr_line' id='line_1_112' title="bbox 914 1605 1711 1643; baseline -0.003 -10"><span class='ocrx_word' id='word_1_859' title='bbox 914 1616 976 1634; x_wconf 85' lang='lat' dir='ltr'>cum</span> <span class='ocrx_word' id='word_1_860' title='bbox 997 1607 1057 1633; x_wconf 85' lang='lat' dir='ltr'>aliis</span> <span class='ocrx_word' id='word_1_861' title='bbox 1076 1608 1247 1643; x_wconf 78' lang='lat' dir='ltr'>pugnaciter,</span> <span class='ocrx_word' id='word_1_862' title='bbox 1270 1612 1314 1633; x_wconf 90' lang='lat' dir='ltr'>aut</span> <span class='ocrx_word' id='word_1_863' title='bbox 1334 1606 1454 1633; x_wconf 80' lang='lat' dir='ltr'>frustrari</span> <span class='ocrx_word' id='word_1_864' title='bbox 1470 1615 1556 1641; x_wconf 89' lang='lat' dir='ltr'>quum</span> <span class='ocrx_word' id='word_1_865' title='bbox 1572 1605 1638 1632; x_wconf 88' lang='lat' dir='ltr'>alios</span> <span class='ocrx_word' id='word_1_866' title='bbox 1654 1611 1711 1632; x_wconf 90' lang='lat' dir='ltr'>tum</span> 
     </span>
     <span class='ocr_line' id='line_1_113' title="bbox 914 1644 1709 1679; baseline -0.001 -9"><span class='ocrx_word' id='word_1_867' title='bbox 914 1645 994 1671; x_wconf 88' lang='lat' dir='ltr'>etiam</span> <span class='ocrx_word' id='word_1_868' title='bbox 1011 1653 1052 1670; x_wconf 91' lang='lat' dir='ltr'>me</span> <span class='ocrx_word' id='word_1_869' title='bbox 1069 1645 1159 1679; x_wconf 86' lang='lat' dir='ltr'>ipsum</span> <span class='ocrx_word' id='word_1_870' title='bbox 1177 1644 1276 1671; x_wconf 72' lang='lat' dir='ltr'>velim?</span> <span class='ocrx_word' id='word_1_871' title='bbox 1296 1645 1400 1678; x_wconf 87' lang='lat' dir='ltr'>ltaque,</span> <span class='ocrx_word' id='word_1_872' title='bbox 1424 1644 1476 1670; x_wconf 85' lang='lat' dir='ltr'>nisi</span> <span class='ocrx_word' id='word_1_873' title='bbox 1496 1645 1616 1678; x_wconf 88' lang='lat' dir='ltr'>ineptum</span> <span class='ocrx_word' id='word_1_874' title='bbox 1634 1648 1709 1677; x_wconf 88' lang='lat' dir='ltr'>puta-</span> 
     </span>
     <span class='ocr_line' id='line_1_114' title="bbox 915 1680 1711 1717; baseline -0.001 -9"><span class='ocrx_word' id='word_1_875' title='bbox 915 1690 980 1711; x_wconf 88' lang='lat' dir='ltr'>rem,</span> <span class='ocrx_word' id='word_1_876' title='bbox 995 1682 1021 1708; x_wconf 90' lang='lat' dir='ltr'>in</span> <span class='ocrx_word' id='word_1_877' title='bbox 1034 1682 1079 1708; x_wconf 88' lang='lat' dir='ltr'>tali</span> <span class='ocrx_word' id='word_1_878' title='bbox 1091 1682 1272 1717; x_wconf 82' lang='lat' dir='ltr'>disputatione</span> <span class='ocrx_word' id='word_1_879' title='bbox 1285 1681 1311 1708; x_wconf 92' lang='lat' dir='ltr'>id</span> <span class='ocrx_word' id='word_1_880' title='bbox 1325 1681 1418 1711; x_wconf 78' lang='lat' dir='ltr'>tacere,</span> <span class='ocrx_word' id='word_1_881' title='bbox 1432 1680 1514 1715; x_wconf 86' lang='lat' dir='ltr'>quod,</span> <span class='ocrx_word' id='word_1_882' title='bbox 1528 1690 1613 1715; x_wconf 86' lang='lat' dir='ltr'>quum</span> <span class='ocrx_word' id='word_1_883' title='bbox 1625 1681 1658 1707; x_wconf 89' lang='lat' dir='ltr'>de</span> <span class='ocrx_word' id='word_1_884' title='bbox 1670 1689 1711 1707; x_wconf 91' lang='lat' dir='ltr'>re-</span> 
     </span>
     <span class='ocr_line' id='line_1_115' title="bbox 915 1718 1712 1754; baseline -0.001 -9"><span class='ocrx_word' id='word_1_885' title='bbox 915 1719 1023 1753; x_wconf 85' lang='lat' dir='ltr'>publica</span> <span class='ocrx_word' id='word_1_886' title='bbox 1035 1719 1214 1754; x_wconf 84' lang='lat' dir='ltr'>disceptatur,</span> <span class='ocrx_word' id='word_1_887' title='bbox 1229 1720 1284 1745; x_wconf 80' lang='lat' dir='ltr'>tieri</span> <span class='ocrx_word' id='word_1_888' title='bbox 1298 1718 1432 1745; x_wconf 83' lang='lat' dir='ltr'>interdum</span> <span class='ocrx_word' id='word_1_889' title='bbox 1444 1718 1523 1746; x_wconf 83' lang='lat' dir='ltr'>solet,</span> <span class='ocrx_word' id='word_1_890' title='bbox 1538 1719 1654 1744; x_wconf 89' lang='lat' dir='ltr'>iurarem</span> <span class='ocrx_word' id='word_1_891' title='bbox 1665 1727 1712 1753; x_wconf 89' lang='lat' dir='ltr'>per</span> 
     </span>
     <span class='ocr_line' id='line_1_116' title="bbox 915 1755 1712 1792; baseline -0.001 -10"><span class='ocrx_word' id='word_1_892' title='bbox 915 1758 1003 1783; x_wconf 84' lang='lat' dir='ltr'>lovem</span> <span class='ocrx_word' id='word_1_893' title='bbox 1017 1756 1136 1792; x_wconf 88' lang='lat' dir='ltr'>deosque</span> <span class='ocrx_word' id='word_1_894' title='bbox 1151 1761 1274 1791; x_wconf 88' lang='lat' dir='ltr'>penates,</span> <span class='ocrx_word' id='word_1_895' title='bbox 1298 1765 1340 1782; x_wconf 85' lang='lat' dir='ltr'>me</span> <span class='ocrx_word' id='word_1_896' title='bbox 1355 1761 1381 1782; x_wconf 90' lang='lat' dir='ltr'>et</span> <span class='ocrx_word' id='word_1_897' title='bbox 1395 1755 1488 1781; x_wconf 82' lang='lat' dir='ltr'>ardere</span> <span class='ocrx_word' id='word_1_898' title='bbox 1500 1755 1589 1782; x_wconf 87' lang='lat' dir='ltr'>studio</span> <span class='ocrx_word' id='word_1_899' title='bbox 1602 1756 1657 1782; x_wconf 83' lang='lat' dir='ltr'>veri</span> <span class='ocrx_word' id='word_1_900' title='bbox 1671 1764 1712 1782; x_wconf 87' lang='lat' dir='ltr'>rc-</span> 
     </span>
     <span class='ocr_line' id='line_1_117' title="bbox 914 1793 1711 1829; baseline -0.001 -9"><span class='ocrx_word' id='word_1_901' title='bbox 914 1793 1045 1829; x_wconf 85' lang='lat' dir='ltr'>pericndi,</span> <span class='ocrx_word' id='word_1_902' title='bbox 1059 1799 1085 1820; x_wconf 88' lang='lat' dir='ltr'>et</span> <span class='ocrx_word' id='word_1_903' title='bbox 1095 1802 1125 1820; x_wconf 91' lang='lat' dir='ltr'>ca</span> <span class='ocrx_word' id='word_1_904' title='bbox 1137 1795 1250 1825; x_wconf 88' lang='lat' dir='ltr'>sentire,</span> <span class='ocrx_word' id='word_1_905' title='bbox 1263 1803 1332 1828; x_wconf 83' lang='lat' dir='ltr'>quae</span> <span class='ocrx_word' id='word_1_906' title='bbox 1344 1793 1470 1819; x_wconf 83' lang='lat' dir='ltr'>dicerem.</span> <span class='ocrx_word' id='word_1_907' title='bbox 1512 1796 1554 1819; x_wconf 73' lang='lat'>06.</span> <span class='ocrx_word' id='word_1_908' title='bbox 1576 1794 1627 1825; x_wconf 80' lang='lat' dir='ltr'>Qui</span> <span class='ocrx_word' id='word_1_909' title='bbox 1639 1793 1711 1819; x_wconf 87' lang='lat' dir='ltr'>enim</span> 
     </span>
     <span class='ocr_line' id='line_1_118' title="bbox 913 1831 1710 1866; baseline -0.001 -9"><span class='ocrx_word' id='word_1_910' title='bbox 913 1840 1024 1866; x_wconf 87' lang='lat' dir='ltr'>possum</span> <span class='ocrx_word' id='word_1_911' title='bbox 1037 1840 1088 1858; x_wconf 88' lang='lat' dir='ltr'>non</span> <span class='ocrx_word' id='word_1_912' title='bbox 1100 1840 1197 1866; x_wconf 85' lang='lat' dir='ltr'>cupere</span> <span class='ocrx_word' id='word_1_913' title='bbox 1212 1840 1305 1857; x_wconf 85' lang='lat' dir='ltr'>verum</span> <span class='ocrx_word' id='word_1_914' title='bbox 1318 1831 1452 1861; x_wconf 77' lang='lat' dir='ltr'>invenire,</span> <span class='ocrx_word' id='word_1_915' title='bbox 1471 1839 1556 1865; x_wconf 90' lang='lat' dir='ltr'>quum</span> <span class='ocrx_word' id='word_1_916' title='bbox 1567 1831 1710 1865; x_wconf 66' lang='lat' dir='ltr'>gaudeam,</span> 
     </span>
     <span class='ocr_line' id='line_1_119' title="bbox 913 1867 1711 1904; baseline -0.001 -9"><span class='ocrx_word' id='word_1_917' title='bbox 913 1868 1037 1895; x_wconf 82' lang='lat' dir='ltr'>sisimile</span> <span class='ocrx_word' id='word_1_918' title='bbox 1050 1869 1105 1895; x_wconf 81' lang='lat' dir='ltr'>veri</span> <span class='ocrx_word' id='word_1_919' title='bbox 1118 1869 1184 1904; x_wconf 85' lang='lat' dir='ltr'>quid</span> <span class='ocrx_word' id='word_1_920' title='bbox 1198 1867 1366 1895; x_wconf 74' lang='lat' dir='ltr'>invenerim?</span> <span class='ocrx_word' id='word_1_921' title='bbox 1379 1868 1445 1898; x_wconf 68' lang='lat' dir='ltr'>Sed,</span> <span class='ocrx_word' id='word_1_922' title='bbox 1459 1874 1487 1894; x_wconf 89' lang='lat' dir='ltr'>ut</span> <span class='ocrx_word' id='word_1_923' title='bbox 1499 1868 1548 1894; x_wconf 87' lang='lat' dir='ltr'>hoc</span> <span class='ocrx_word' id='word_1_924' title='bbox 1560 1868 1711 1903; x_wconf 84' lang='lat' dir='ltr'>pulcherri-</span> 
     </span>
     <span class='ocr_line' id='line_1_120' title="bbox 914 1904 1712 1942; baseline -0.001 -10"><span class='ocrx_word' id='word_1_925' title='bbox 914 1915 988 1932; x_wconf 90' lang='lat' dir='ltr'>mum</span> <span class='ocrx_word' id='word_1_926' title='bbox 1000 1915 1059 1932; x_wconf 83' lang='lat' dir='ltr'>esse</span> <span class='ocrx_word' id='word_1_927' title='bbox 1071 1906 1202 1935; x_wconf 82' lang='lat' dir='ltr'>iudicem,</span> <span class='ocrx_word' id='word_1_928' title='bbox 1222 1915 1283 1932; x_wconf 82' lang='lat' dir='ltr'>vera</span> <span class='ocrx_word' id='word_1_929' title='bbox 1300 1906 1404 1932; x_wconf 81' lang='lat' dir='ltr'>videre:</span> <span class='ocrx_word' id='word_1_930' title='bbox 1425 1904 1483 1942; x_wconf 86' lang='lat' dir='ltr'>[sic]</span> <span class='ocrx_word' id='word_1_931' title='bbox 1501 1914 1548 1940; x_wconf 92' lang='lat' dir='ltr'>pro</span> <span class='ocrx_word' id='word_1_932' title='bbox 1563 1906 1634 1932; x_wconf 80' lang='lat' dir='ltr'>veris</span> <span class='ocrx_word' id='word_1_933' title='bbox 1651 1914 1712 1940; x_wconf 88' lang='lat' dir='ltr'>pro-</span> 
     </span>
     <span class='ocr_line' id='line_1_121' title="bbox 914 1943 1708 1978; baseline 0 -9"><span class='ocrx_word' id='word_1_934' title='bbox 914 1944 976 1970; x_wconf 90' lang='lat' dir='ltr'>bare</span> <span class='ocrx_word' id='word_1_935' title='bbox 990 1943 1068 1974; x_wconf 85' lang='lat' dir='ltr'>salsa,</span> <span class='ocrx_word' id='word_1_936' title='bbox 1086 1944 1276 1978; x_wconf 87' lang='lat' dir='ltr'>turpissimum</span> <span class='ocrx_word' id='word_1_937' title='bbox 1288 1948 1337 1970; x_wconf 86' lang='lat' dir='ltr'>est.</span> <span class='ocrx_word' id='word_1_938' title='bbox 1378 1943 1432 1969; x_wconf 83' lang='lat' dir='ltr'>Neo</span> <span class='ocrx_word' id='word_1_939' title='bbox 1444 1948 1531 1969; x_wconf 82' lang='lat' dir='ltr'>tamen</span> <span class='ocrx_word' id='word_1_940' title='bbox 1544 1952 1593 1978; x_wconf 80' lang='lat' dir='ltr'>ego</span> <span class='ocrx_word' id='word_1_941' title='bbox 1606 1943 1627 1969; x_wconf 80' lang='lat' dir='ltr'>is</span> <span class='ocrx_word' id='word_1_942' title='bbox 1638 1952 1708 1971; x_wconf 86' lang='lat' dir='ltr'>sum.</span> 
     </span>
     <span class='ocr_line' id='line_1_122' title="bbox 913 1980 1711 2016; baseline -0.001 -9"><span class='ocrx_word' id='word_1_943' title='bbox 913 1981 960 2016; x_wconf 89' lang='lat' dir='ltr'>qui</span> <span class='ocrx_word' id='word_1_944' title='bbox 974 1981 1041 2007; x_wconf 89' lang='lat' dir='ltr'>nihil</span> <span class='ocrx_word' id='word_1_945' title='bbox 1055 1990 1184 2016; x_wconf 88' lang='lat' dir='ltr'>umquam</span> <span class='ocrx_word' id='word_1_946' title='bbox 1198 1980 1258 2007; x_wconf 85' lang='lat' dir='ltr'>salsi</span> <span class='ocrx_word' id='word_1_947' title='bbox 1269 1980 1427 2016; x_wconf 87' lang='lat' dir='ltr'>approbem,</span> <span class='ocrx_word' id='word_1_948' title='bbox 1446 1981 1493 2014; x_wconf 87' lang='lat' dir='ltr'>qui</span> <span class='ocrx_word' id='word_1_949' title='bbox 1508 1989 1656 2015; x_wconf 85' lang='lat' dir='ltr'>numquam</span> <span class='ocrx_word' id='word_1_950' title='bbox 1669 1990 1711 2006; x_wconf 80' lang='lat' dir='ltr'>as-</span> 
     </span>
     <span class='ocr_line' id='line_1_123' title="bbox 913 2018 1708 2053; baseline -0.001 -9"><span class='ocrx_word' id='word_1_951' title='bbox 913 2019 1025 2049; x_wconf 85' lang='lat' dir='ltr'>sentiar,</span> <span class='ocrx_word' id='word_1_952' title='bbox 1043 2019 1091 2053; x_wconf 89' lang='lat' dir='ltr'>qui</span> <span class='ocrx_word' id='word_1_953' title='bbox 1103 2018 1171 2044; x_wconf 89' lang='lat' dir='ltr'>nihil</span> <span class='ocrx_word' id='word_1_954' title='bbox 1183 2019 1291 2053; x_wconf 86' lang='lat' dir='ltr'>opiner:</span> <span class='ocrx_word' id='word_1_955' title='bbox 1309 2018 1356 2044; x_wconf 88' lang='lat' dir='ltr'>sed</span> <span class='ocrx_word' id='word_1_956' title='bbox 1367 2018 1524 2052; x_wconf 84' lang='lat' dir='ltr'>quaerimus</span> <span class='ocrx_word' id='word_1_957' title='bbox 1535 2018 1568 2043; x_wconf 83' lang='lat' dir='ltr'>de</span> <span class='ocrx_word' id='word_1_958' title='bbox 1578 2018 1708 2052; x_wconf 80' lang='lat' dir='ltr'>sapiente.</span> 
     </span>
     <span class='ocr_line' id='line_1_124' title="bbox 913 2055 1709 2091; baseline 0 -10"><span class='ocrx_word' id='word_1_959' title='bbox 913 2056 969 2089; x_wconf 69' lang='lat' dir='ltr'>Ego</span> <span class='ocrx_word' id='word_1_960' title='bbox 986 2064 1048 2081; x_wconf 86' lang='lat' dir='ltr'>vero</span> <span class='ocrx_word' id='word_1_961' title='bbox 1064 2057 1122 2090; x_wconf 86' lang='lat' dir='ltr'>ipse</span> <span class='ocrx_word' id='word_1_962' title='bbox 1136 2061 1162 2082; x_wconf 86' lang='lat' dir='ltr'>et</span> <span class='ocrx_word' id='word_1_963' title='bbox 1177 2064 1292 2091; x_wconf 73' lang='lat' dir='ltr'>magnus</span> <span class='ocrx_word' id='word_1_964' title='bbox 1308 2055 1419 2090; x_wconf 82' lang='lat' dir='ltr'>quidem</span> <span class='ocrx_word' id='word_1_965' title='bbox 1434 2063 1494 2081; x_wconf 86' lang='lat' dir='ltr'>sum</span> <span class='ocrx_word' id='word_1_966' title='bbox 1512 2056 1633 2089; x_wconf 84' lang='lat' dir='ltr'>opinator</span> <span class='ocrx_word' id='word_1_967' title='bbox 1648 2060 1709 2089; x_wconf 62' lang='lat' dir='ltr'>{non</span> 
     </span>
     <span class='ocr_line' id='line_1_125' title="bbox 913 2093 1708 2128; baseline 0 -10"><span class='ocrx_word' id='word_1_968' title='bbox 913 2093 984 2119; x_wconf 87' lang='lat' dir='ltr'>enim</span> <span class='ocrx_word' id='word_1_969' title='bbox 997 2101 1057 2118; x_wconf 88' lang='lat' dir='ltr'>sum</span> <span class='ocrx_word' id='word_1_970' title='bbox 1069 2093 1219 2127; x_wconf 85' lang='lat' dir='ltr'>supiens)et</span> <span class='ocrx_word' id='word_1_971' title='bbox 1231 2101 1303 2118; x_wconf 87' lang='lat' dir='ltr'>meas</span> <span class='ocrx_word' id='word_1_972' title='bbox 1313 2093 1488 2128; x_wconf 80' lang='lat' dir='ltr'>cogitationes</span> <span class='ocrx_word' id='word_1_973' title='bbox 1499 2093 1538 2118; x_wconf 82' lang='lat' dir='ltr'>sic</span> <span class='ocrx_word' id='word_1_974' title='bbox 1547 2093 1643 2128; x_wconf 73' lang='lat' dir='ltr'>dirigo,</span> <span class='ocrx_word' id='word_1_975' title='bbox 1659 2101 1708 2118; x_wconf 89' lang='lat' dir='ltr'>non</span> 
     </span>
     <span class='ocr_line' id='line_1_126' title="bbox 912 2129 1374 2165; baseline 0 -10"><span class='ocrx_word' id='word_1_976' title='bbox 912 2129 945 2156; x_wconf 83' lang='lat' dir='ltr'>ad</span> <span class='ocrx_word' id='word_1_977' title='bbox 959 2129 1032 2155; x_wconf 84' lang='lat' dir='ltr'>illam</span> <span class='ocrx_word' id='word_1_978' title='bbox 1047 2130 1186 2164; x_wconf 74' lang='lat' dir='ltr'>parvulam</span> <span class='ocrx_word' id='word_1_979' title='bbox 1198 2130 1374 2165; x_wconf 74' lang='lat' dir='ltr'>Cynosuram,</span> 
     </span>
     <span class='ocr_line' id='line_1_127' title="bbox 968 2168 1575 2199; baseline 0 -8"><span class='ocrx_word' id='word_1_980' title='bbox 968 2176 1019 2199; x_wconf 78' lang='lat' dir='ltr'>qua</span> <span class='ocrx_word' id='word_1_981' title='bbox 1030 2169 1111 2199; x_wconf 68' lang='lat' dir='ltr'>sidunt</span> <span class='ocrx_word' id='word_1_982' title='bbox 1122 2169 1185 2192; x_wconf 78' lang='lat' dir='ltr'>duce</span> <span class='ocrx_word' id='word_1_983' title='bbox 1196 2172 1321 2193; x_wconf 76' lang='lat' dir='ltr'>nocturna</span> <span class='ocrx_word' id='word_1_984' title='bbox 1334 2168 1466 2192; x_wconf 72' lang='lat' dir='ltr'>Phoenices</span> <span class='ocrx_word' id='word_1_985' title='bbox 1477 2169 1502 2192; x_wconf 79' lang='lat' dir='ltr'>in</span> <span class='ocrx_word' id='word_1_986' title='bbox 1513 2169 1575 2195; x_wconf 80' lang='lat' dir='ltr'>alto,</span> 
     </span>
     <span class='ocr_line' id='line_1_128' title="bbox 913 2203 1708 2238; baseline 0 -9"><span class='ocrx_word' id='word_1_987' title='bbox 913 2208 942 2230; x_wconf 89' lang='lat' dir='ltr'>ut</span> <span class='ocrx_word' id='word_1_988' title='bbox 957 2204 993 2229; x_wconf 86' lang='lat' dir='ltr'>ait</span> <span class='ocrx_word' id='word_1_989' title='bbox 1004 2203 1114 2234; x_wconf 79' lang='lat' dir='ltr'>Aratus,</span> <span class='ocrx_word' id='word_1_990' title='bbox 1131 2212 1216 2238; x_wconf 87' lang='lat' dir='ltr'>eoque</span> <span class='ocrx_word' id='word_1_991' title='bbox 1231 2203 1362 2230; x_wconf 85' lang='lat' dir='ltr'>directius</span> <span class='ocrx_word' id='word_1_992' title='bbox 1378 2203 1543 2238; x_wconf 78' lang='lat' dir='ltr'>gubernant,</span> <span class='ocrx_word' id='word_1_993' title='bbox 1561 2203 1633 2238; x_wconf 89' lang='lat' dir='ltr'>quod</span> <span class='ocrx_word' id='word_1_994' title='bbox 1650 2212 1708 2229; x_wconf 84' lang='lat' dir='ltr'>eam</span> 
     </span>
     <span class='ocr_line' id='line_1_129' title="bbox 914 2245 1011 2270; baseline -0.01 -3"><span class='ocrx_word' id='word_1_995' title='bbox 914 2245 1011 2270; x_wconf 86' lang='lat' dir='ltr'>tenent,</span> 
     </span>
     <span class='ocr_line' id='line_1_130' title="bbox 966 2279 1594 2311; baseline -0.002 -8"><span class='ocrx_word' id='word_1_996' title='bbox 966 2287 1032 2311; x_wconf 71' lang='lat' dir='ltr'>qaum</span> <span class='ocrx_word' id='word_1_997' title='bbox 1043 2287 1119 2303; x_wconf 74' lang='lat' dir='ltr'>cursu</span> <span class='ocrx_word' id='word_1_998' title='bbox 1132 2280 1260 2304; x_wconf 65' lang='lat' dir='ltr'>interiore.</span> <span class='ocrx_word' id='word_1_999' title='bbox 1274 2279 1343 2303; x_wconf 71' lang='lat' dir='ltr'>brea-0¹</span> <span class='ocrx_word' id='word_1_1000' title='bbox 1355 2280 1511 2303; x_wconf 72' lang='lat' dir='ltr'>conr-erman·</span> <span class='ocrx_word' id='word_1_1001' title='bbox 1521 2280 1594 2303; x_wconf 74' lang='lat' dir='ltr'>orbe:</span> 
     </span>
    </p>

    <p class='ocr_par' dir='ltr' id='par_1_16' title="bbox 911 2313 1709 2684">
     <span class='ocr_line' id='line_1_131' title="bbox 912 2313 1708 2348; baseline -0.001 -8"><span class='ocrx_word' id='word_1_1002' title='bbox 912 2314 959 2340; x_wconf 85' lang='lat' dir='ltr'>sed</span> <span class='ocrx_word' id='word_1_1003' title='bbox 980 2314 1013 2340; x_wconf 82' lang='lat' dir='ltr'>ad</span> <span class='ocrx_word' id='word_1_1004' title='bbox 1031 2314 1138 2340; x_wconf 83' lang='lat' dir='ltr'>llelicen</span> <span class='ocrx_word' id='word_1_1005' title='bbox 1159 2319 1185 2340; x_wconf 86' lang='lat' dir='ltr'>et</span> <span class='ocrx_word' id='word_1_1006' title='bbox 1199 2314 1364 2340; x_wconf 74' lang='lat' dir='ltr'>clarissimos.</span> <span class='ocrx_word' id='word_1_1007' title='bbox 1381 2314 1604 2348; x_wconf 72' lang='lat' dir='ltr'>septemtriones,</span> <span class='ocrx_word' id='word_1_1008' title='bbox 1628 2313 1653 2339; x_wconf 93' lang='lat' dir='ltr'>id</span> <span class='ocrx_word' id='word_1_1009' title='bbox 1669 2319 1708 2340; x_wconf 82' lang='lat' dir='ltr'>est</span> 
     </span>
     <span class='ocr_line' id='line_1_132' title="bbox 913 2351 1709 2386; baseline -0.004 -8"><span class='ocrx_word' id='word_1_1010' title='bbox 913 2353 1028 2378; x_wconf 88' lang='lat' dir='ltr'>rationes</span> <span class='ocrx_word' id='word_1_1011' title='bbox 1039 2351 1096 2381; x_wconf 77' lang='lat' dir='ltr'>hus,</span> <span class='ocrx_word' id='word_1_1012' title='bbox 1115 2352 1204 2378; x_wconf 84' lang='lat' dir='ltr'>latiore</span> <span class='ocrx_word' id='word_1_1013' title='bbox 1217 2352 1316 2386; x_wconf 78' lang='lat' dir='ltr'>specie,</span> <span class='ocrx_word' id='word_1_1014' title='bbox 1331 2360 1382 2377; x_wconf 91' lang='lat' dir='ltr'>nou</span> <span class='ocrx_word' id='word_1_1015' title='bbox 1393 2352 1425 2377; x_wconf 82' lang='lat' dir='ltr'>ad</span> <span class='ocrx_word' id='word_1_1016' title='bbox 1439 2357 1517 2377; x_wconf 82' lang='lat' dir='ltr'>tenue</span> <span class='ocrx_word' id='word_1_1017' title='bbox 1528 2351 1663 2378; x_wconf 69' lang='lat' dir='ltr'>eluimus.</span> <span class='ocrx_word' id='word_1_1018' title='bbox 1678 2360 1709 2376; x_wconf 77' lang='lat' dir='ltr'>en</span> 
     </span>
     <span class='ocr_line' id='line_1_133' title="bbox 913 2388 1706 2423; baseline 0 -9"><span class='ocrx_word' id='word_1_1019' title='bbox 913 2390 950 2419; x_wconf 83' lang='lat' dir='ltr'>lit,</span> <span class='ocrx_word' id='word_1_1020' title='bbox 964 2394 993 2415; x_wconf 86' lang='lat' dir='ltr'>ut</span> <span class='ocrx_word' id='word_1_1021' title='bbox 1004 2398 1089 2414; x_wconf 88' lang='lat' dir='ltr'>errem</span> <span class='ocrx_word' id='word_1_1022' title='bbox 1101 2394 1126 2415; x_wconf 90' lang='lat' dir='ltr'>et</span> <span class='ocrx_word' id='word_1_1023' title='bbox 1139 2398 1218 2423; x_wconf 65' lang='lat' dir='ltr'>vager</span> <span class='ocrx_word' id='word_1_1024' title='bbox 1231 2389 1320 2414; x_wconf 81' lang='lat' dir='ltr'>latius.</span> <span class='ocrx_word' id='word_1_1025' title='bbox 1361 2388 1413 2414; x_wconf 84' lang='lat' dir='ltr'>Sed</span> <span class='ocrx_word' id='word_1_1026' title='bbox 1427 2388 1522 2414; x_wconf 79' lang='lat' dir='ltr'>nunde</span> <span class='ocrx_word' id='word_1_1027' title='bbox 1535 2398 1586 2417; x_wconf 77' lang='lat' dir='ltr'>me,</span> <span class='ocrx_word' id='word_1_1028' title='bbox 1600 2394 1627 2414; x_wconf 82' lang='lat' dir='ltr'>ut</span> <span class='ocrx_word' id='word_1_1029' title='bbox 1639 2388 1706 2417; x_wconf 83' lang='lat' dir='ltr'>dixi,</span> 
     </span>
     <span class='ocr_line' id='line_1_134' title="bbox 912 2425 1708 2461; baseline 0 -10"><span class='ocrx_word' id='word_1_1030' title='bbox 912 2426 959 2452; x_wconf 83' lang='lat' dir='ltr'>sed</span> <span class='ocrx_word' id='word_1_1031' title='bbox 970 2425 1003 2451; x_wconf 87' lang='lat' dir='ltr'>de</span> <span class='ocrx_word' id='word_1_1032' title='bbox 1015 2426 1135 2460; x_wconf 81' lang='lat' dir='ltr'>sapiente</span> <span class='ocrx_word' id='word_1_1033' title='bbox 1147 2426 1295 2461; x_wconf 81' lang='lat' dir='ltr'>quaeritur.</span> <span class='ocrx_word' id='word_1_1034' title='bbox 1324 2426 1384 2451; x_wconf 73' lang='lat' dir='ltr'>visa</span> <span class='ocrx_word' id='word_1_1035' title='bbox 1397 2426 1468 2451; x_wconf 83' lang='lat' dir='ltr'>enim</span> <span class='ocrx_word' id='word_1_1036' title='bbox 1482 2425 1529 2451; x_wconf 79' lang='lat' dir='ltr'>ista</span> <span class='ocrx_word' id='word_1_1037' title='bbox 1542 2434 1627 2459; x_wconf 79' lang='grc' dir='ltr'>(μιιιιιι</span> <span class='ocrx_word' id='word_1_1038' title='bbox 1639 2426 1708 2451; x_wconf 78' lang='lat' dir='ltr'>acri—</span> 
     </span>
     <span class='ocr_line' id='line_1_135' title="bbox 913 2462 1708 2498; baseline -0.001 -9"><span class='ocrx_word' id='word_1_1039' title='bbox 913 2468 951 2489; x_wconf 80' lang='lat' dir='ltr'>ter</span> <span class='ocrx_word' id='word_1_1040' title='bbox 963 2468 1078 2490; x_wconf 82' lang='lat' dir='ltr'>mentem</span> <span class='ocrx_word' id='word_1_1041' title='bbox 1091 2472 1236 2489; x_wconf 81' lang='lat' dir='ltr'>sensumve</span> <span class='ocrx_word' id='word_1_1042' title='bbox 1247 2462 1418 2498; x_wconf 72' lang='lat' dir='ltr'>pepulerunt,</span> <span class='ocrx_word' id='word_1_1043' title='bbox 1431 2463 1543 2496; x_wconf 73' lang='lat' dir='ltr'>net-ipio.</span> <span class='ocrx_word' id='word_1_1044' title='bbox 1558 2463 1654 2498; x_wconf 79' lang='lat' dir='ltr'>hisque</span> <span class='ocrx_word' id='word_1_1045' title='bbox 1666 2463 1708 2488; x_wconf 85' lang='lat' dir='ltr'>in—</span> 
     </span>
     <span class='ocr_line' id='line_1_136' title="bbox 913 2500 1706 2534; baseline 0 -8"><span class='ocrx_word' id='word_1_1046' title='bbox 913 2500 1016 2526; x_wconf 85' lang='lat' dir='ltr'>terdum</span> <span class='ocrx_word' id='word_1_1047' title='bbox 1033 2501 1113 2526; x_wconf 86' lang='lat' dir='ltr'>etiam</span> <span class='ocrx_word' id='word_1_1048' title='bbox 1128 2501 1271 2530; x_wconf 82' lang='lat' dir='ltr'>assentior,</span> <span class='ocrx_word' id='word_1_1049' title='bbox 1295 2508 1342 2526; x_wconf 75' lang='lat' dir='ltr'>uer</span> <span class='ocrx_word' id='word_1_1050' title='bbox 1359 2500 1479 2534; x_wconf 70' lang='lat' dir='ltr'>pert-ipio</span> <span class='ocrx_word' id='word_1_1051' title='bbox 1493 2505 1591 2526; x_wconf 76' lang='lat' dir='ltr'>tamen.</span> <span class='ocrx_word' id='word_1_1052' title='bbox 1633 2500 1706 2526; x_wconf 83' lang='lat' dir='ltr'>Nihil</span> 
     </span>
     <span class='ocr_line' id='line_1_137' title="bbox 911 2537 1707 2572; baseline 0 -9"><span class='ocrx_word' id='word_1_1053' title='bbox 911 2538 983 2563; x_wconf 84' lang='lat' dir='ltr'>enim</span> <span class='ocrx_word' id='word_1_1054' title='bbox 996 2537 1109 2564; x_wconf 79' lang='lat' dir='ltr'>arbitror</span> <span class='ocrx_word' id='word_1_1055' title='bbox 1120 2546 1197 2572; x_wconf 82' lang='lat' dir='ltr'>posse</span> <span class='ocrx_word' id='word_1_1056' title='bbox 1209 2538 1321 2572; x_wconf 81' lang='lat' dir='ltr'>percipi.</span> <span class='ocrx_word' id='word_1_1057' title='bbox 1364 2538 1419 2563; x_wconf 73' lang='lat' dir='ltr'>Non</span> <span class='ocrx_word' id='word_1_1058' title='bbox 1431 2546 1491 2563; x_wconf 71' lang='lat' dir='ltr'>sum</span> <span class='ocrx_word' id='word_1_1059' title='bbox 1504 2538 1622 2572; x_wconf 83' lang='lat' dir='ltr'>sapiens.</span> <span class='ocrx_word' id='word_1_1060' title='bbox 1657 2538 1707 2563; x_wconf 78' lang='lat' dir='ltr'>ita—</span> 
     </span>
     <span class='ocr_line' id='line_1_138' title="bbox 911 2574 1706 2610; baseline -0.001 -10"><span class='ocrx_word' id='word_1_1061' title='bbox 911 2583 964 2609; x_wconf 88' lang='lat' dir='ltr'>que</span> <span class='ocrx_word' id='word_1_1062' title='bbox 981 2575 1047 2601; x_wconf 83' lang='lat' dir='ltr'>visis</span> <span class='ocrx_word' id='word_1_1063' title='bbox 1063 2574 1142 2605; x_wconf 89' lang='lat' dir='ltr'>cedo,</span> <span class='ocrx_word' id='word_1_1064' title='bbox 1166 2584 1253 2610; x_wconf 87' lang='lat' dir='ltr'>neque</span> <span class='ocrx_word' id='word_1_1065' title='bbox 1269 2583 1379 2609; x_wconf 81' lang='lat' dir='ltr'>possum</span> <span class='ocrx_word' id='word_1_1066' title='bbox 1400 2575 1531 2600; x_wconf 75' lang='lat' dir='ltr'>resistere.</span> <span class='ocrx_word' id='word_1_1067' title='bbox 1571 2575 1706 2609; x_wconf 72' lang='lat' dir='ltr'>Sapientis</span> 
     </span>
     <span class='ocr_line' id='line_1_139' title="bbox 911 2611 1706 2643; baseline 0.001 -6"><span class='ocrx_word' id='word_1_1068' title='bbox 911 2617 1000 2638; x_wconf 75' lang='lat' dir='ltr'>autem</span> <span class='ocrx_word' id='word_1_1069' title='bbox 1013 2612 1080 2638; x_wconf 82' lang='lat' dir='ltr'>hanc</span> <span class='ocrx_word' id='word_1_1070' title='bbox 1091 2617 1181 2639; x_wconf 85' lang='lat' dir='ltr'>censet</span> <span class='ocrx_word' id='word_1_1071' title='bbox 1193 2611 1325 2639; x_wconf 76' lang='lat' dir='ltr'>Arcesilas</span> <span class='ocrx_word' id='word_1_1072' title='bbox 1338 2612 1392 2637; x_wconf 78' lang='lat' dir='ltr'>vini</span> <span class='ocrx_word' id='word_1_1073' title='bbox 1404 2620 1463 2637; x_wconf 79' lang='lat' dir='ltr'>esso</span> <span class='ocrx_word' id='word_1_1074' title='bbox 1480 2612 1640 2643; x_wconf 81' lang='lat' dir='ltr'>maximum,</span> <span class='ocrx_word' id='word_1_1075' title='bbox 1658 2613 1706 2638; x_wconf 85' lang='lat' dir='ltr'>Ze-</span> 
     </span>
     <span class='ocr_line' id='line_1_140' title="bbox 912 2648 1705 2684; baseline -0.001 -8"><span class='ocrx_word' id='word_1_1076' title='bbox 912 2649 975 2676; x_wconf 92' lang='lat' dir='ltr'>noni</span> <span class='ocrx_word' id='word_1_1077' title='bbox 986 2650 1149 2680; x_wconf 84' lang='lat' dir='ltr'>usscntiens.</span> <span class='ocrx_word' id='word_1_1078' title='bbox 1165 2658 1273 2680; x_wconf 68' lang='lat' dir='ltr'>cavere,</span> <span class='ocrx_word' id='word_1_1079' title='bbox 1288 2658 1320 2676; x_wconf 84' lang='lat' dir='ltr'>no</span> <span class='ocrx_word' id='word_1_1080' title='bbox 1329 2650 1463 2684; x_wconf 69' lang='lat' dir='ltr'>capiatur,</span> <span class='ocrx_word' id='word_1_1081' title='bbox 1482 2657 1514 2675; x_wconf 87' lang='lat' dir='ltr'>ne</span> <span class='ocrx_word' id='word_1_1082' title='bbox 1527 2648 1645 2676; x_wconf 80' lang='lat' dir='ltr'>fallatur.</span> <span class='ocrx_word' id='word_1_1083' title='bbox 1665 2650 1705 2675; x_wconf 75' lang='lat' dir='ltr'>vi-</span> 
     </span>
    </p>
   </div>
   <div class='ocr_carea' id='block_1_14' title="bbox 1454 2698 1500 2722">
    <p class='ocr_par' dir='ltr' id='par_1_17' title="bbox 1454 2698 1500 2722">
     <span class='ocr_line' id='line_1_141' title="bbox 1454 2698 1500 2722; baseline 0 0"><span class='ocrx_word' id='word_1_1084' title='bbox 1454 2698 1500 2722; x_wconf 61' lang='lat'>122</span> 
     </span>
    </p>
   </div>
  </div>
 </body>
</html>
