1941 3052
567 140 862 168 PHILIPPlCA
894 140 914 166 1.

69 213 222 249 conscripti,
245 212 382 248 probatam
404 212 480 239 vobis
500 220 559 238 esse
573 211 686 243 confido,
704 212 862 247 priusquam

69 252 104 279 de
122 250 258 286 republica
275 250 362 277 dicere
377 250 489 284 incipio,
508 258 591 284 pauca
607 258 703 284 querar
717 249 749 275 de
761 248 864 275 hester-

70 297 103 315 na
124 289 158 315 M.
180 288 287 315 Antonii
307 287 419 314 iniuria:
451 287 495 313 cui
509 295 571 313 sum
586 287 700 317 amicus,
723 285 805 320 idque
821 293 863 311 me

70 325 198 352 nonnullo
208 326 266 352 eius
277 324 365 351 officio
375 324 471 350 debere
483 332 550 355 esse,
559 332 621 358 prae
632 332 674 349 me
685 331 792 357 semper
802 322 862 349 tuli.

69 363 100 389 V.
113 362 184 395 Quid
196 362 302 389 tandem
313 365 367 388 erat
377 370 496 392 caussae,
509 370 556 387 cur
567 361 594 388 in
605 365 728 387 senatum
740 361 864 386 hesterno

69 400 113 427 die
132 404 186 427 tam
206 399 299 426 acerbe
319 398 443 434 cogerer?
472 398 585 424 Solusne
604 397 730 424 aberam‘?
757 406 790 423 an
811 405 863 423 non

69 445 150 472 saepe
170 437 260 463 minus
276 436 428 471 frequentes
445 435 553 462 fuistis?
572 444 605 461 an
621 443 651 461 ea
667 443 709 461 res
725 434 860 469 agebatur,

70 479 99 501 ut
118 474 197 500 etiam
212 478 330 510 aegrotos
346 473 444 499 deferri
455 471 602 508 oporteret?
621 472 760 502 Hannibal,
773 471 860 502 credo,

69 516 124 538 erat
134 511 168 538 ad
179 516 277 546 portas,
294 515 340 537 aut
350 511 382 536 de
393 510 488 546 Pyrrhi
498 518 562 545 pace
573 509 715 545 agebatur:
738 508 771 534 ad
782 516 863 543 quam

69 557 192 576 caussam
213 549 293 575 etiam
308 547 426 583 Appium
447 547 539 578 illum,
557 550 582 573 et
597 555 705 572 caecum
721 550 746 571 et
760 554 860 576 senem,

69 586 186 613 delatum
203 594 262 612 esse
273 586 415 612 memoriae
429 585 565 620 proditum
576 588 624 610 est.
657 585 696 610 12.
709 583 744 609 De
757 581 863 617 supp-li-

69 624 219 650 cationibus
231 623 408 649 referebatur:
424 630 478 657 quo
488 622 515 648 in
526 629 622 657 genere
628 624 763 646 senatores
769 619 863 645 deesse

69 669 122 688 non
146 660 241 688 solent.
295 659 433 695 Coguntur
457 659 528 685 enim
549 667 601 684 non
621 657 793 693 pignoribuS,
815 655 863 682 sed

69 706 171 729 eorum,
193 706 308 733 quorum
323 697 356 723 de
372 697 470 723 honore
480 696 575 731 agitur,
588 695 686 730 gratia:
707 694 781 729 quod
791 693 862 720 idem

70 736 106 767 sit,
119 744 204 770 quum
215 735 248 761 de
259 734 396 769 triumpho
407 733 530 760 refertur.
554 733 591 758 Ita
602 732 659 758 sine
670 740 732 758 cura
738 730 862 757 consules

69 777 141 804 sunt,
160 777 190 799 ut
200 780 284 807 paene
295 771 409 798 liberum
421 771 456 796 sit
466 770 589 800 senatori,
603 778 655 796 non
667 769 769 795 adesse.
810 767 862 800 Qui

68 818 154 845 quum
170 809 236 836 mihi
253 817 311 836 mos
322 813 400 835 notus
411 812 489 838 esset,
503 815 643 842 quumque
653 806 686 832 de
697 807 740 832 via
752 805 863 841 langue-

68 855 124 874 rem
145 851 170 873 et
189 846 312 872 mihimet
331 845 510 880 displicerem,
528 844 590 870 misi
606 852 654 879 pro
667 843 797 874 amicitia,
814 843 862 878 qui

69 884 119 911 hoc
129 884 154 910 ei
165 883 272 910 diceret.
311 882 345 909 At
355 883 410 914 ille,
423 882 500 909 vobis
511 881 694 912 audientibus,
707 889 769 907 cum
781 880 862 906 fabris

67 930 97 948 se
116 921 227 948 domum
246 929 333 948 meam
353 924 497 947 venturum
517 927 576 945 esse
591 919 668 945 dixit.
709 918 795 944 Nimis
811 917 863 943 ira-

67 958 155 986 cunde
175 958 224 985 hoc
243 958 354 993 quidem
379 962 404 984 et
420 957 497 983 valde
512 957 728 991 intemperanter.
779 955 862 982 Cuius

68 996 140 1023 enim
159 995 283 1022 maleficii
303 996 353 1022 ista
368 1003 451 1030 poena
468 999 516 1025 est,
534 998 564 1020 ut
573 994 661 1020 dicere
672 993 699 1020 in
711 993 761 1019 hoc
770 992 863 1019 ordine

68 1033 184 1065 auderet,
207 1041 236 1059 se
250 1033 367 1068 publicis
384 1033 471 1067 operis
488 1031 700 1058 disturbaturum
711 1029 819 1066 publice
831 1038 864 1056 ex

67 1075 176 1098 senatus
196 1071 326 1097 sententia
345 1069 508 1096 aedificatam
529 1068 659 1096 domum?
687 1067 754 1100 Quis
774 1071 863 1094 autem

68 1117 197 1144 umquam
213 1112 285 1135 tanto
299 1107 397 1135 damno
407 1112 555 1134 senatorem
567 1105 671 1142 coegit?
690 1110 736 1132 aut
745 1105 813 1141 quid
824 1109 864 1131 est

67 1145 137 1173 ultra
148 1146 247 1182 pignus
259 1149 305 1172 aut
316 1144 461 1172 mulctam‘?
471 1143 547 1177 Quod
558 1144 581 1170 si
593 1144 696 1173 scisset,
709 1151 790 1178 quam
802 1151 864 1168 sen-

67 1184 175 1211 tentiam
187 1183 308 1210 dicturus
320 1191 416 1214 essem,
432 1181 580 1209 remisisset
590 1180 694 1216 aliquid
704 1180 821 1216 profecto
831 1179 864 1206 de

67 1221 207 1248 severitate
226 1220 348 1256 cogendi.
387 1220 430 1247 Vl.
457 1221 496 1246 ⁴3.
518 1219 558 1246 An
573 1227 616 1245 me
630 1218 758 1249 censetis,
775 1222 863 1252 patres

66 1258 219 1293 conscripti,
241 1257 315 1293 quod
335 1266 382 1284 vos
402 1258 479 1284 inviti
499 1256 584 1283 secuti
601 1256 675 1287 estis,
693 1255 863 1282 decreturum

67 1295 161 1327 fuisse,
185 1299 214 1322 ut
229 1294 373 1330 parentalia
388 1303 449 1321 cum
461 1293 704 1329 supplicationibus
719 1293 864 1320 misceren-

67 1332 129 1360 tur‘l
159 1336 188 1359 ut
208 1332 385 1367 inexpiabiles
405 1332 547 1367 religiones
568 1332 596 1357 in
612 1330 805 1366 rempublicam
822 1330 864 1356 in-

67 1369 246 1397 ducerentur?
266 1374 295 1396 ut
309 1370 513 1396 decernerentur
524 1368 732 1403 supplicationes
742 1366 865 1394 mortuo?

68 1407 137 1435 nihil
158 1407 225 1438 dico.
248 1408 301 1433 cui.
342 1407 433 1434 Fuerit
451 1406 497 1433 ille
518 1407 547 1432 L.
569 1406 681 1437 Brutus,
702 1405 750 1440 qui
765 1409 791 1431 et
806 1405 863 1439 ipse

68 1445 141 1481 regio
160 1445 299 1471 dominatu
315 1443 509 1479 rempublicam
520 1443 652 1474 liberavit,
666 1447 692 1469 et
702 1442 734 1469 ad
746 1442 863 1469 similem

68 1483 194 1509 virtutem
215 1486 240 1508 et
255 1481 343 1508 simile
354 1481 453 1508 factum
465 1482 575 1516 stirpem
587 1481 640 1507 iam
651 1488 733 1515 prope
744 1480 771 1507 in
782 1481 864 1515 quin-

67 1520 248 1556 gentesimum
268 1528 369 1546 annum
389 1519 558 1554 propagavit:
590 1517 688 1544 adduci
708 1522 796 1544 tamen
811 1526 863 1544 non

67 1565 188 1592 possem,
210 1561 240 1583 ut
258 1565 422 1592 quemquam
439 1560 575 1583 mortuum
592 1555 784 1591 coniungerem
801 1563 863 1581 cum

66 1593 258 1621 immortalium
274 1594 416 1629 religione:
438 1598 476 1625 ut,
489 1594 568 1620 cuius
579 1592 735 1628 sepulcrum
747 1601 863 1628 usquam

67 1636 160 1662 exstet,
183 1631 229 1658 ubi
245 1636 411 1666 parentetur,
428 1631 452 1657 ei
466 1630 576 1666 publice
590 1629 767 1665 supplicetur.
807 1630 864 1665 Ego

68 1677 130 1696 vero
151 1677 208 1695 eam
229 1670 387 1695 sententiam
402 1668 543 1699 dixissem,
560 1673 649 1703 patres
667 1667 819 1702 conscripti,
834 1671 863 1694 ut

67 1714 109 1733 me
130 1706 259 1733 adversus
280 1705 411 1741 populum
430 1706 593 1737 Romanum,
617 1705 641 1732 si
660 1706 709 1740 qui
723 1704 864 1731 accidisset

67 1744 173 1779 gravior
192 1743 355 1778 reipublicae
374 1752 466 1774 casus,
489 1744 513 1770 si
528 1742 645 1774 bellum,
662 1743 686 1769 si
703 1742 826 1773 morbus,
839 1742 862 1768 si

68 1780 165 1812 fames,
191 1780 268 1808 facile
292 1789 399 1816 possem
421 1780 577 1807 defendere:
602 1788 670 1815 quae
689 1781 786 1815 partim
809 1780 862 1806 iam

67 1822 138 1850 sunt,
153 1819 248 1853 partim
261 1819 340 1846 timeo
351 1827 384 1845 ne
393 1818 575 1853 impendeant.
601 1817 654 1844 Sed
664 1817 714 1844 hoc
725 1818 863 1853 ignoscant

66 1855 105 1882 dii
125 1855 288 1882 immortales
304 1855 385 1882 velim
401 1860 427 1882 et
441 1855 541 1890 populo
556 1855 687 1886 Romano,
703 1856 751 1890 qui
767 1855 794 1882 id
810 1863 862 1882 non

67 1892 169 1928 probat,
182 1897 208 1919 et
219 1893 282 1920 huic
293 1893 389 1925 ordini,
401 1894 448 1928 qui
460 1892 579 1919 decrevit
589 1893 702 1919 invitus.
725 1894 766 1919 ⁴4.
775 1891 864 1925 Quid?

67 1929 100 1956 de
112 1929 223 1965 reliquis
234 1930 396 1965 reipublicae
407 1929 587 1956 malislicetne
593 1929 699 1956 dicere‘?
719 1930 786 1957 mihi
800 1937 863 1956 vero

69 1966 129 1994 lieet
143 1971 169 1994 et
186 1975 292 2002 semper
308 1967 397 1994 licebit
411 1967 569 2003 dignitatem
581 1967 663 1999 tueri,
677 1971 788 1994 mortem
799 1975 864 1994 con-

67 2008 194 2031 temnere.
227 2004 344 2031 Potestas
361 2004 440 2032 modo
454 2004 579 2031 veniendi
590 2005 617 2031 in
630 2004 701 2031 hunc
714 2003 800 2031 locum
812 2005 861 2031 sit:

67 2041 172 2068 dicendi
184 2041 333 2076 periculum
345 2050 396 2068 non
409 2049 511 2068 recuso.
551 2041 639 2077 Atque
650 2042 761 2073 utinam.
776 2046 863 2076 patres

67 2078 221 2113 conscripti,
234 2078 360 2105 Kalendis
372 2078 520 2105 Sextilibus
531 2078 624 2106 adesse
635 2079 797 2114 potuissem!
810 2087 863 2106 non

67 2124 122 2150 quo
134 2115 224 2150 profici
237 2116 351 2150 potuerit
361 2115 477 2151 aliquid,
490 2116 537 2143 sed
549 2124 581 2142 ne
593 2125 664 2143 unus
676 2116 754 2143 modo
765 2125 864 2143 consu-

69 2152 140 2184 laris,
152 2153 226 2188 quod
237 2157 293 2179 turn
304 2153 412 2184 accidit,
425 2153 525 2189 dignus
536 2153 582 2180 illo
593 2153 699 2184 honore.
712 2153 812 2189 dignus
822 2161 864 2180 re-

68 2190 176 2225 publica
188 2191 362 2217 inveniretur.
383 2190 440 2223 Qua
451 2190 562 2225 quidem
573 2199 606 2217 ex
617 2199 644 2217 re
655 2199 783 2226 magnum
794 2191 863 2218 acci-

69 2229 114 2262 pio
123 2227 254 2258 dolorem,
268 2227 391 2254 homines
401 2227 578 2263 amplissimis
590 2227 682 2263 populi
694 2228 804 2255 Romani
817 2228 863 2254 be-

69 2264 170 2292 neficiis
186 2273 249 2292 usos
265 2265 294 2291 L.
311 2265 448 2296 Pisonem,
465 2264 561 2292 ducem
574 2266 690 2300 optimae
705 2266 860 2296 sententiae.

69 2310 121 2328 non
131 2306 246 2329 secutos.
269 2302 404 2329 ldcircone
414 2311 462 2329 nos
474 2301 591 2337 populus
598 2303 863 2330 Romanusconsules

69 2338 144 2371 fecit,
161 2344 198 2371 ut,
212 2340 239 2366 in
251 2339 382 2366 altissimo
392 2339 615 2374 amplissimoque
628 2339 713 2375 gradu
725 2339 863 2376 dignitatis

71 2375 155 2407 locati.
168 2376 361 2412 rempublicam
369 2385 417 2411 pro
427 2376 697 2403 nihilohaberemus?
717 2377 774 2404 Non
786 2377 863 2404 modo

70 2421 133 2440 voce
147 2421 226 2441 nemo
240 2414 270 2441 L.
288 2414 376 2441 Pisoni
388 2413 546 2444 consularis,
559 2413 607 2440 sed
620 2422 652 2440 ne
664 2413 741 2440 vultu
752 2415 863 2449 quidem

70 2458 196 2478 assensus
217 2456 266 2478 est.
304 2453 344 2478 ⁴5.
365 2451 447 2484 Quae,
470 2450 586 2478 maluml
599 2455 639 2478 est
654 2451 703 2478 ista
716 2451 863 2478 voluntaria

70 2487 205 2514 servitus?
224 2488 304 2515 suerit
314 2489 446 2524 quaedam
458 2489 616 2515 necessaria.
647 2489 701 2515 Nec
711 2497 760 2524 ego
772 2488 820 2516 hoc
831 2489 864 2515 ab

70 2525 196 2552 omnibus
216 2526 250 2552 iis
265 2525 402 2557 desidero,
420 2526 468 2562 qui
483 2526 642 2553 sententiani
658 2526 792 2552 consulari
809 2525 865 2552 loeo

70 2559 172 2588 dicunt.
201 2562 260 2589 Alia
270 2571 365 2590 caussa
374 2568 415 2590 est
428 2572 530 2595 eorum,
542 2571 658 2598 quorum
670 2562 777 2590 silentio
787 2563 864 2598 igno-

72 2605 130 2624 sco:
142 2597 191 2625 alia
203 2607 302 2631 eorum.
315 2609 431 2636 quorum
444 2609 536 2628 vocem
542 2601 648 2635 requiro
658 2610 663 2626 :
675 2608 744 2635 quos
754 2600 864 2635 quidem

72 2633 148 2661 doleo
156 2635 185 2677 in
192 2637 370 2672 suspicionem
377 2638 470 2674 populi
477 2638 587 2664 Romani
595 2638 694 2668 venire,
703 2645 754 2664 non
766 2642 862 2669 nictus.

71 2671 142 2707 quod
155 2680 244 2707 ipsum
254 2680 325 2702 esset
335 2680 421 2711 turpe,
430 2675 565 2703 sedatium
577 2675 628 2701 alia
634 2674 766 2702 decaussa
772 2674 865 2702 deesse

965 139 1062 166 CAP.
1098 140 1211 165 l—8.
1659 138 1703 163 60¹

913 209 1037 246 dignitati
1053 218 1127 236 suae.
1158 210 1212 236 VH.
1229 208 1315 241 Quare
1330 209 1448 243 primum
1464 207 1595 234 maximas
1609 207 1708 243 gratias

914 253 940 274 et
951 248 1034 274 babeo
1045 252 1070 273 et
1081 255 1129 282 ago
1139 247 1168 273 L.
1181 247 1279 276 Pisoni,
1291 246 1339 281 qui
1351 254 1412 276 non,
1424 244 1490 280 quid
1501 244 1605 271 efficere
1619 250 1709 279 posset

914 286 942 311 in
957 284 1106 319 republica,
1124 284 1262 319 cogitavit,
1280 282 1329 310 sed
1342 282 1407 318 quid
1420 283 1478 318 ipse
1489 282 1573 308 facere
1584 281 1706 308 deberet:

914 322 1011 348 deinde
1030 330 1045 347 a
1066 321 1155 352 vobis,
1174 325 1262 355 patres
1282 320 1438 355 conscripti,
1455 324 1530 354 peto,
1548 323 1590 350 ut,
1603 319 1707 345 etiamsi

915 360 992 394 sequi
1012 359 1103 385 minus
1123 358 1255 384 audebitis
1272 358 1416 384 orationem
1432 362 1510 392 atque
1525 357 1709 383 auctoritatem

916 405 1015 427 meam,
1029 396 1145 431 benigne
1156 400 1244 422 tamen
1254 403 1305 426 me,
1319 399 1349 421 ut
1359 394 1461 421 fecistis
1473 394 1569 425 adhuc,
1584 393 1707 420 audiatis.

972 435 1010 459 ⁴6.
1028 433 1148 459 Primum
1163 433 1246 468 igitur
1260 436 1316 458 acta
1327 432 1447 459 Caesaris
1457 430 1586 458 servanda
1597 439 1706 457 censeo:

915 479 967 497 non
986 478 1040 505 quo
1055 470 1180 505 probem:
1202 470 1264 504 quis
1279 470 1350 495 enim
1365 469 1393 495 id
1407 468 1518 504 quidem
1534 467 1638 503 potest?
1661 467 1708 494 sed

915 508 977 542 quia
989 508 1117 534 rationem
1129 506 1279 533 habendam
1290 507 1407 533 maxime
1418 506 1529 533 arbitror
1535 506 1608 540 pacis
1619 506 1707 532 etotii.

914 544 1015 572 Vellem
1034 544 1138 571 adesset
1152 544 1296 575 Antonius,
1310 544 1388 570 modo
1402 544 1462 570 sine
1472 543 1614 570 advocatis.
1645 542 1706 573 Sed,

914 586 944 607 ut
959 583 1065 617 opinor,
1083 581 1144 608 licet
1158 582 1182 607 ei
1198 582 1288 607 minus
1303 581 1404 612 valere,
1421 580 1493 616 quod
1508 580 1575 606 mihi
1590 580 1648 607 heri
1662 588 1709 615 per

914 619 993 645 illum
1013 627 1065 645 non
1082 619 1166 645 licuit.
1197 619 1306 645 Doceret
1321 627 1364 644 me
1380 617 1421 644 vel
1436 619 1526 653 potius
1542 626 1603 648 vos,
1620 622 1709 652 patres

914 657 1070 691 conscripti,
1092 655 1320 691 quemadmodum
1335 656 1394 690 ipse
1410 655 1530 682 Caesaris
1545 659 1599 681 acta
1616 654 1709 681 defen-

914 693 997 720 deret.
1018 694 1059 720 An
1070 694 1097 719 in
1108 692 1332 719 commentariolis
1346 697 1372 718 et
1382 692 1567 728 chirographis
1578 691 1709 719 etlibellis

913 739 943 757 se
963 739 1017 757 uno
1036 735 1141 757 auctore
1162 729 1284 765 prolatis,
1307 738 1337 756 ac
1353 738 1385 756 ne
1400 729 1509 764 prolatis
1524 729 1648 764 quidem,
1662 729 1709 755 sed

914 767 1098 794 tantummodo
1117 767 1209 799 dictis,
1228 773 1284 793 acta
1299 766 1420 794 Caesaris
1436 767 1511 793 firma
1527 771 1618 793 erunt:
1640 775 1710 802 quae

914 805 959 831 ille
979 806 1006 831 in
1022 814 1067 831 aes
1082 805 1188 836 incidit,
1205 805 1233 831 in
1247 813 1301 839 quo
1316 804 1409 839 populi
1425 805 1497 830 iussa
1514 808 1710 838 perpetuasque

915 842 986 878 leges
997 851 1056 869 esse
1067 842 1160 873 voluit,
1169 851 1216 877 pro
1228 841 1312 869 nihilo
1318 840 1507 868 habebuntur?
1529 842 1568 867 17.
1577 841 1709 876 Equidem

914 880 953 906 sic
968 880 1107 907 existimo:
1130 879 1198 906 nihil
1213 883 1267 906 tam
1282 888 1342 906 esse
1357 879 1384 906 in
1402 879 1466 905 actis
1483 878 1615 910 Caesaris,
1628 887 1710 913 quam

915 917 987 953 leges
1002 917 1131 945 Caesaris.
1162 917 1217 948 An,
1234 917 1258 943 si
1273 917 1317 943 cui
1331 916 1398 952 quid
1413 916 1459 942 ille
1474 916 1610 951 promisit,
1624 915 1651 942 id
1661 916 1711 942 erit

915 955 1013 986 fixum,
1030 954 1103 990 quod
1114 954 1185 981 idem
1198 954 1283 981 facere
1294 963 1346 980 non
1357 953 1461 989 potuit‘?
1481 958 1511 980 ut
1522 953 1614 980 multis
1626 953 1711 979 multa

915 993 1047 1028 promissa
1071 1001 1124 1019 non
1149 991 1220 1018 fecit.
1261 992 1334 1024 Quae
1354 996 1442 1018 tamen
1462 990 1547 1018 multo
1567 990 1644 1026 plura
1664 990 1711 1016 illo

915 1035 1019 1057 mortuo
1029 1034 1132 1065 reperta
1142 1034 1219 1061 sunt,
1232 1038 1312 1065 quam
1324 1037 1338 1055 a
1350 1029 1411 1055 vivo
1422 1028 1550 1055 beneficia
1561 1037 1608 1063 per
1618 1036 1711 1054 omnes

915 1076 998 1094 annos
1013 1068 1111 1094 tributa
1127 1072 1153 1094 et
1167 1067 1236 1093 data.
1268 1066 1321 1093 Sed
1335 1074 1364 1092 ea
1376 1075 1428 1093 non
1441 1070 1524 1097 muto,
1538 1074 1590 1092 non
1602 1074 1709 1092 moveo:

915 1114 1021 1131 summo
1045 1105 1124 1131 etiam
1148 1104 1238 1131 studio
1263 1103 1395 1140 praeclara
1415 1103 1490 1130 illius
1509 1108 1565 1130 acta
1585 1102 1710 1129 defendo.

915 1143 1029 1169 Pecunia
1041 1143 1143 1169 utinam
1155 1142 1259 1178 adOpis
1270 1141 1402 1169 maneret!
1418 1145 1527 1168 cruenta
1538 1140 1709 1176 illaquidem,

915 1180 962 1207 sed
983 1180 1025 1207 his
1045 1180 1226 1215 temporibus,
1244 1179 1371 1215 quoniam
1388 1178 1444 1210 his,
1461 1187 1577 1214 quorum
1593 1182 1646 1209 est,
1660 1186 1712 1204 non

916 1217 1049 1250 redditur,
1068 1218 1226 1244 necessaria.
1267 1217 1436 1252 Quamquam
1453 1224 1482 1242 ea
1498 1224 1607 1251 quoque
1623 1216 1659 1242 sit
1674 1215 1713 1241 ef-

917 1255 989 1287 fusa,
1011 1256 1035 1282 si
1055 1255 1090 1282 ita
1109 1256 1137 1282 in
1157 1256 1222 1282 actis
1238 1254 1298 1281 suit.
1323 1256 1363 1281 18.
1380 1253 1485 1288 Ecquid
1501 1258 1553 1284 est,
1570 1252 1642 1288 quod
1658 1257 1711 1279 tarn

916 1293 1021 1328 proprie
1032 1292 1086 1320 dici
1097 1293 1184 1328 possit
1194 1297 1282 1319 actum
1294 1292 1417 1326 eius,qui
1425 1295 1529 1327 togatus
1540 1291 1567 1317 in
1574 1289 1711 1325 republica

915 1339 977 1357 cum
997 1334 1126 1366 potestate
1147 1330 1315 1365 imperioque
1337 1333 1458 1356 versatus
1478 1328 1525 1360 sit,
1548 1336 1630 1364 quam
1653 1326 1713 1354 lex?

915 1367 1017 1400 Quaere
1032 1373 1088 1394 acta
1103 1367 1230 1394 Gracchi:
1254 1367 1325 1403 leges
1341 1366 1513 1401 Semproniae
1533 1365 1711 1401 proferentur.

915 1405 1017 1438 Quaere
1029 1405 1134 1432 Sullae:
1157 1404 1302 1432 Corneliae.
1324 1403 1413 1436 Quid?
1432 1403 1607 1438 Cn.Ponipeii
1618 1403 1711 1429 tertius

915 1442 1069 1469 consulatus
1081 1443 1108 1469 in
1119 1442 1220 1478 quibus
1231 1443 1296 1468 actis
1307 1440 1443 1468 constitit?
1452 1449 1548 1476 nempe
1559 1441 1586 1466 in
1595 1440 1710 1476 legibus¹

915 1480 936 1507 Α
952 1480 1063 1507 Caesare
1078 1480 1137 1515 ipso
1151 1480 1175 1507 si
1190 1487 1341 1515 quaereres,
1354 1478 1483 1514 quidnam
1494 1478 1593 1514 egisset
1603 1478 1630 1504 in
1642 1477 1713 1504 Urbe

915 1522 941 1544 et
958 1518 985 1544 in
1001 1522 1074 1554 toga,
1094 1517 1165 1553 leges
1181 1516 1279 1543 multas
1295 1515 1467 1551 responderet
1481 1524 1509 1541 se
1523 1520 1549 1542 et
1563 1514 1712 1550 praeclaras

916 1554 1024 1582 tulisse:
1048 1554 1225 1590 chirographa
1241 1562 1303 1580 vero
1317 1558 1363 1580 aut
1379 1557 1493 1580 mutaret
1504 1557 1549 1579 aut
1560 1561 1612 1579 non
1623 1552 1710 1578 daret:

915 1597 970 1623 aut,
983 1593 1006 1619 si
1017 1592 1145 1623 dedisset,
1159 1601 1210 1619 non
1222 1592 1286 1618 istas
1297 1600 1339 1618 res
1351 1592 1378 1617 in
1390 1591 1455 1616 actis
1467 1589 1647 1616 suisduceret.
1660 1588 1713 1616 Sed

915 1638 945 1656 ea
956 1631 1013 1665 ipsa
1025 1630 1153 1657 concedo:
1170 1628 1335 1664 quibusdam
1346 1629 1373 1655 in
1386 1627 1466 1654 rebus
1477 1627 1555 1654 etiam
1567 1627 1710 1653 conniveo:

916 1668 943 1694 in
959 1668 1085 1694 maximis
1100 1675 1162 1694 vero
1176 1666 1271 1698 rebus,
1288 1666 1316 1692 id
1331 1670 1371 1692 est
1383 1664 1502 1701 legibus,
1520 1669 1576 1691 acta
1593 1664 1712 1691 Caesaris

915 1704 1027 1731 dissolvi
1038 1704 1177 1731 serendum
1190 1712 1241 1731 non
1248 1708 1322 1739 puto.
1344 1703 1411 1730 Vlll.
1427 1701 1597 1734 l9.Quaelex
1609 1700 1711 1732 melior,

915 1742 1015 1774 utilior,
1028 1743 1126 1778 optima
1137 1743 1216 1768 etiam
1223 1740 1360 1776 republica
1372 1740 1481 1775 saepius
1488 1738 1610 1775 flagitata,
1619 1747 1711 1774 quam,

916 1788 948 1806 ne
964 1780 1109 1815 praetoriae
1121 1779 1273 1815 provinciae
1285 1778 1347 1813 plus
1358 1786 1439 1813 quani
1451 1785 1561 1807 annum,
1574 1785 1640 1803 neve
1650 1775 1713 1811 plus

915 1826 996 1852 quam
1021 1817 1162 1844 biennium
1188 1816 1342 1843 consulares
1362 1813 1563 1842 obtinerentur?
1582 1814 1634 1840 llac
1656 1813 1678 1840 le
1700 1821 1714 1840 e

915 1855 1029 1887 sublata,
1043 1854 1204 1882 videnturne
1214 1854 1291 1881 vobis
1302 1858 1358 1880 acta
1365 1852 1484 1880 Caesaris
1495 1850 1615 1878 servari‘?
1625 1850 1676 1883 Qui
1701 1850 1715 1876 ἰ)

916 1901 944 1919 ea
957 1892 1023 1928 lege,
1037 1900 1105 1927 quae
1111 1891 1279 1927 promulgata
1292 1895 1332 1917 est
1343 1890 1374 1916 de
1382 1890 1455 1916 tertia
1463 1889 1569 1915 decuria
1580 1888 1711 1918 iudicum.

916 1938 1002 1957 nonne
1017 1938 1110 1956 omnes
1126 1929 1280 1956 iudiciariae
1297 1927 1368 1964 leges
1380 1927 1500 1954 Caesaris
1511 1924 1714 1953 dissolvuntur?

914 1967 948 1994 Et
959 1976 1006 1993 vos
1017 1972 1072 1994 acta
1079 1967 1199 1995 Caesaris
1205 1965 1358 1996 defenditis,
1367 1965 1414 2000 qui
1422 1964 1494 2000 leges
1506 1963 1565 1990 eius
1577 1961 1714 1990 evertitis‘.>

915 2005 973 2031 Nisi
985 2004 1060 2036 forte,
1073 2005 1096 2032 si
1107 2004 1174 2040 quid
1186 2004 1329 2030 memoriae
1339 2011 1434 2029 caussa
1446 2001 1569 2028 retulitin
1579 2000 1711 2030 libellum,

914 2041 942 2068 id
954 2042 1140 2069 numerabitur
1150 2042 1178 2069 in
1189 2042 1254 2068 actis
1266 2045 1300 2072 et,
1313 2040 1438 2075 quamvis
1450 2039 1574 2074 iniquum
1582 2043 1607 2065 et
1618 2037 1713 2064 inutile

914 2079 958 2111 sit.
971 2079 1142 2106 defendetur:
1156 2079 1229 2114 quod
1241 2078 1273 2105 ad
1285 2077 1416 2113 populum
1429 2076 1584 2103 centuriatis
1595 2075 1712 2102 comitiis

915 2116 990 2148 tulit,
1007 2116 1034 2143 id
1049 2117 1076 2143 in
1087 2117 1154 2143 actis
1165 2116 1285 2143 Caesaris
1297 2123 1348 2142 non
1361 2114 1513 2141 habebitur.
1545 2115 1587 2140 20.
1601 2113 1633 2139 At
1645 2121 1713 2147 quae

915 2158 955 2180 est
970 2155 1019 2180 ista
1036 2154 1112 2180 tertia
1127 2152 1255 2180 decuria?
1275 2152 1482 2181 Centurionum.
1496 2151 1593 2186 inquit.
1625 2148 1714 2182 Quid‘?

916 2191 959 2217 isti
980 2191 1066 2217 ordini
1083 2191 1217 2218 iudicatus
1234 2190 1292 2225 lege
1308 2188 1387 2220 iulia,
1406 2189 1485 2215 etiam
1500 2193 1560 2214 ante
1577 2187 1710 2222 Pompeia.

915 2228 1023 2254 Aurelia
1045 2237 1095 2254 uon
1111 2227 1235 2263 patebat?
1255 2228 1358 2254 Census
1375 2225 1594 2261 praeliniebatur,
1614 2225 1711 2259 inquit.

915 2266 972 2291 Non
994 2265 1142 2292 centurioni
1158 2264 1269 2299 quidem
1283 2263 1386 2293 solum,
1404 2262 1451 2288 sed
1467 2262 1550 2297 equiti
1567 2262 1646 2288 etiam
1663 2261 1713 2287 no-

916 2310 1003 2328 niano.
1044 2303 1136 2337 ltaque
1151 2302 1201 2328 viri
1217 2301 1356 2327 fortissimi
1368 2305 1447 2335 atque
1459 2299 1651 2328 honestissimi,
1665 2298 1712 2333 qui

915 2339 1022 2366 ordines
1033 2339 1177 2369 duxerunt,
1191 2347 1233 2365 res
1244 2343 1270 2365 et
1281 2337 1400 2364 iudicant
1410 2341 1436 2363 et
1447 2336 1642 2363 iudicaverunt.
1656 2335 1712 2361 Non

915 2384 1022 2412 quaero,
1035 2376 1131 2411 inquit,
1146 2376 1218 2402 istos.
1257 2374 1428 2409 Quicumque
1439 2373 1559 2400 ordinem
1571 2373 1657 2403 duxit.
1672 2373 1713 2399 iu-

915 2414 995 2440 dicet.
1017 2414 1051 2440 At
1060 2414 1083 2440 si
1099 2412 1212 2444 ferretis.
1224 2413 1391 2447 quicumque
1401 2419 1471 2446 equo
1481 2411 1632 2441 meruisset,
1641 2409 1713 2444 quod

916 2456 955 2477 est
967 2450 1080 2482 lautius,
1093 2450 1193 2477 nemini
1207 2450 1363 2484 probaretis.
1386 2447 1509 2475 lniudice
1520 2448 1591 2474 enim
1598 2447 1712 2482 spectari

916 2493 941 2514 et
953 2487 1055 2514 fortuna
1067 2487 1146 2514 debet
1155 2492 1182 2514 et
1192 2487 1319 2522 dignitas.
1347 2487 1403 2512 Non
1415 2494 1523 2520 quaero,
1536 2485 1632 2520 inquit,
1647 2485 1709 2511 ista:

916 2525 985 2551 addo
995 2526 1074 2552 etiam
1086 2525 1188 2551 iudices
1196 2523 1375 2559 manipulares
1386 2532 1418 2549 ex
1427 2523 1449 2549 le
1459 2523 1529 2549 'ione
1535 2522 1710 2549 Alaudarum.

916 2562 999 2589 Aliter
1009 2563 1080 2589 enim
1093 2563 1173 2589 nostri
1186 2566 1283 2597 negant
1294 2569 1372 2597 posse
1382 2569 1411 2587 se
1421 2532 1510 2587 sais-os
1521 2568 1589 2586 esse.
1615 2559 1638 2586 Ο
1648 2568 1711 2586 con-

916 2599 1089 2627 tumeliosum
1111 2599 1238 2626 honorem
1260 2599 1302 2629 iis,
1324 2607 1393 2633 quos
1413 2597 1446 2624 ad
1466 2596 1640 2624 iudicandum
1664 2605 1711 2623 nec

916 2638 1056 2672 opinantes
1073 2638 1186 2664 vocatisl
1209 2637 1256 2663 llic
1271 2636 1342 2662 enim
1359 2640 1398 2662 est
1415 2634 1480 2671 legis
1497 2634 1589 2665 index.
1609 2639 1638 2661 nt
1653 2634 1670 2660 ii
1683 2634 1710 2660 in

894 2697 896 2701 .
917 2675 991 2702 tertia
1002 2674 1110 2702 decuria
1122 2674 1248 2705 iudicent,
1256 2674 1303 2709 qui
1312 2672 1516 2700 libereiudicare
1523 2681 1573 2699 non
1585 2671 1709 2698 audeant.

1472 2721 1505 2746 ⁷6
