1941 3052
334 165 388 192 DE
421 164 719 192 PROVINCIIS
751 163 1150 191 CONSULARIBUS.
1191 163 1289 190 CAP.

65 238 234 265 coniunctas:
251 240 277 263 et
286 236 361 272 Syria
377 240 403 263 et
417 236 578 268 Macedonia,
591 245 669 272 quas,
682 235 758 263 vobis
768 235 861 262 invitis

65 279 91 302 et
105 274 255 310 oppressis.
273 273 393 309 pestiferi
407 273 447 300 illi
459 274 583 300 consules
594 282 642 309 pro
652 281 760 300 eversae
771 273 862 307 reipu-

65 312 150 339 blicae
175 312 302 346 praemiis
325 315 533 345 occupaverunt.
573 310 759 338 Decernendae
784 310 861 336 nobis

65 353 129 376 sunt
140 349 198 384 lege
209 348 366 384 Sempronia
377 348 456 374 duae.
496 348 568 381 Quid
579 353 627 379 est,
641 348 714 384 quod
725 348 862 383 possimus

64 387 98 414 de
114 386 190 422 Syria
206 386 413 421 Macedoniaque
427 385 568 412 dubitare?
587 386 674 417 Mitto,
687 385 760 421 quod
771 393 815 411 eas
826 385 863 411 ita

65 428 153 459 partas
169 423 268 450 habent
283 424 315 455 ii,
333 424 381 458 qui
396 431 467 449 nunc
482 423 614 454 obtinent,
628 428 721 450 utnon
732 426 792 449 ante
803 422 864 448 atti-

65 462 165 498 gerint,
183 469 265 496 quam
279 460 352 487 hunc
361 460 482 487 ordinem
492 460 707 491 condemnarint,
722 468 804 495 quam
815 467 863 485 au-

65 498 214 525 ctoritatem
238 502 354 524 vestram
377 506 392 524 e
416 498 523 524 civitate
543 498 758 528 exterminarint,
780 505 862 532 quam

65 535 146 562 Iidem
161 535 312 570 publicam,
329 543 411 570 quam
426 540 583 570 perpetuam
593 534 687 570 populi
698 534 809 561 Romani
820 542 863 559 sa-

65 572 162 604 lutem,
176 581 258 608 quam
273 581 316 599 me
331 581 361 599 ac
378 581 451 599 meos
463 581 555 599 omnes
567 572 721 599 foedissime
731 571 863 598 crudelis-

65 611 188 646 simeque
199 610 330 636 vexarint.
361 611 386 637 4.
407 609 503 636 Omnia
512 610 658 636 domestica
669 609 714 635 illa
726 613 806 643 atque
816 617 863 634 ur-

64 648 135 675 bana
150 648 239 680 mitt03
262 655 331 682 quae
345 651 416 674 tanta
431 651 508 678 sunt,
527 651 556 674 ut
570 655 718 682 numquam
729 645 860 672 Hannibal

64 684 130 712 huic
144 685 204 711 urbi
216 689 318 711 tantum
330 684 393 711 mali
403 684 512 719 optarit,
524 688 656 720 quantum
666 683 707 710 illi
718 683 860 710 effecerint.

65 722 106 749 Ad
121 723 194 757 ipsas
210 722 288 749 venio
302 722 467 756 provincias,
484 730 600 756 quarum
614 721 780 752 Macedonia,
793 729 862 755 quae

65 763 122 786 erat
135 764 211 786 antea
227 759 330 785 munita
346 759 524 794 plurimorum
539 759 730 794 imperatorum
742 766 794 784 non
807 762 863 784 tur—

65 797 154 828 ribus,
172 796 220 823 sed
234 797 362 831 tropaeis,
375 805 444 831 quae
460 796 552 822 multis
564 796 683 823 victoriis
694 800 749 822 erat
761 795 862 821 iamdiu

65 834 266 869 triumphisque
276 838 376 868 pacata.
385 834 424 860 sic
435 842 448 859 a
459 833 589 864 barbaris,
597 833 698 868 quibus
709 841 738 859 es
745 837 863 867 tpropter

65 872 203 898 avaritiam
224 879 276 906 pax
291 875 393 905 erepta,
411 876 536 902 vexatur,
553 875 583 897 ut
598 870 860 901 Thessalonicenses,

65 908 146 944 positi
157 909 185 934 in
196 908 299 944 gremio
309 908 416 943 imperii
428 909 520 939 nostri,
533 908 685 944 relinquere
696 908 826 943 oppidum
837 911 863 933 et

64 954 152 972 arcem
168 946 273 972 munire
288 950 430 981 cogantur:
452 950 482 972 ut
497 947 540 972 via
554 945 601 972 illa
615 950 717 977 nostra,
735 953 805 980 quae
816 953 863 979 per

64 982 247 1010 Macedoniam
258 987 299 1009 est
308 991 396 1018 usque
407 982 440 1009 ad
450 983 654 1018 Hellespontum
666 983 801 1013 militaris,
810 991 862 1009 non

65 1019 154 1047 solum
166 1020 373 1046 excursionibus
380 1020 553 1047 barbarorum
565 1021 600 1047 sit
610 1020 715 1052 infesta,
724 1020 771 1046 sed
783 1020 862 1046 etiam

64 1057 158 1084 castris
179 1058 299 1084 Thraciis
319 1057 443 1084 distincta
463 1067 493 1085 ac
508 1063 605 1085 notata.
646 1059 682 1085 lta
696 1062 790 1094 gentes
805 1065 860 1088 eae,

64 1103 143 1130 quae,
156 1099 186 1121 ut
196 1103 260 1130 pace
266 1099 413 1127 uterentur,
422 1096 476 1122 vim
488 1096 589 1132 argenti
596 1095 864 1130 dederantpraeclaro

65 1137 156 1159 nostro
166 1133 328 1168 imperatori,
337 1137 367 1159 ut
377 1133 521 1160 exhaustas
529 1133 622 1160 domos
633 1133 736 1168 replere
742 1137 860 1168 possent,

65 1178 113 1205 pro
123 1174 211 1205 empta
224 1178 288 1205 pace
298 1169 399 1196 bellum
411 1171 488 1197 nobis
500 1179 582 1206 prope
592 1170 861 1198 iustumintulerunt.

120 1207 164 1234 111.
186 1208 211 1234 5.
227 1208 281 1234 tam
293 1216 355 1234 vero
366 1208 551 1235 exercitusille
562 1213 658 1239 noster,
667 1208 863 1244 superbissimo

65 1244 171 1271 delectu
183 1249 209 1271 et
218 1244 365 1272 durissima
374 1246 572 1280 conquisitione
582 1246 810 1278 collectus,omnis
822 1246 864 1272 in-

66 1282 146 1309 teriit.
177 1282 274 1318 Magno
289 1282 339 1309 hoc
353 1282 414 1309 dico
427 1292 490 1310 cum
506 1283 605 1310 dolore.
637 1283 819 1310 Miserandum
835 1283 862 1309 in

66 1319 176 1346 modum
193 1319 293 1346 milites
308 1320 402 1355 populi
417 1321 528 1347 Romani
544 1321 628 1356 capti,
643 1321 741 1352 necati,
754 1320 861 1351 deserti,

65 1356 191 1392 dissipati
206 1361 282 1389 sunt,
303 1358 420 1389 incuria,
438 1357 521 1389 same,
539 1358 644 1389 morbo,
663 1358 785 1384 vastitate
800 1366 864 1384 con-

65 1394 182 1429 sumpti:
205 1399 247 1426 ut,
263 1394 337 1430 quod
352 1399 393 1421 est
404 1395 636 1431 indignissimum,
648 1395 737 1422 scelus
748 1396 864 1430 impera-

66 1432 131 1458 toris
152 1432 179 1458 in
200 1440 313 1467 poenam
333 1433 466 1459 exercitus
487 1433 636 1468 expetitum
656 1441 715 1459 esse
731 1432 862 1459 vIdeatur.

66 1469 154 1504 Atque
166 1469 233 1496 hanc
250 1469 445 1501 Macedoniam,
458 1470 568 1497 domitis
578 1471 632 1497 iam
643 1470 770 1506 gentibus
782 1470 865 1497 finiti-

67 1506 132 1538 mis,
150 1506 328 1542 Barbariaque
339 1515 500 1542 compressa,
514 1512 633 1543 pacatam
644 1509 731 1543 ipsam
743 1516 790 1542 per
800 1516 829 1534 se
839 1511 866 1534 et

66 1544 195 1579 quietam,
203 1545 278 1571 tenui
289 1545 422 1580 praesidio
428 1550 507 1580 atque
518 1547 616 1582 exigua
628 1546 794 1572 mannetiam
806 1546 865 1572 sine

66 1582 180 1617 imperio
195 1590 242 1617 per
258 1581 371 1618 legatos,
390 1583 497 1609 nomine
508 1583 567 1618 ipso
578 1583 671 1618 populi
681 1583 793 1610 Romani
807 1587 865 1609 tue-

66 1619 176 1646 bamur:
197 1627 266 1654 quae
286 1628 358 1646 nunc
372 1620 506 1646 consulari
522 1621 636 1655 imperio
650 1625 730 1656 atque
745 1620 864 1647 exercitu

66 1657 101 1683 ita
113 1661 207 1683 vexata
218 1661 271 1688 est,
285 1657 331 1683 vix
342 1661 372 1683 ut
382 1666 411 1683 se
422 1658 508 1692 possit
517 1657 645 1684 diuturna
656 1666 720 1693 pace
731 1666 862 1684 recreare:

65 1702 152 1730 quum
163 1694 276 1726 interea,
289 1709 327 1714 —
336 1695 400 1730 quis
416 1699 535 1722 vestrum
547 1695 596 1722 hoc
607 1703 659 1722 non
671 1695 788 1726 audivit,
801 1695 864 1730 quis

65 1731 171 1768 ignorat
181 1731 300 1759 Achaeos
311 1732 447 1768 ingentem
458 1733 600 1768 pecuniam
613 1733 729 1768 pendere
736 1733 765 1759 L.
774 1733 862 1759 Pisoni

65 1768 228 1804 quotannis?
257 1769 372 1805 vectigal
397 1778 427 1796 ac
451 1771 598 1805 portorium
619 1770 863 1806 Dyrrhachinorum

66 1810 151 1834 totum
176 1807 204 1833 in
229 1806 311 1833 huius
336 1807 418 1834 unius
443 1812 587 1843 quaestum
607 1816 666 1835 esse
685 1807 865 1835 conversum?

66 1844 162 1870 urbem
181 1844 384 1880 Byzantiorum,
402 1845 479 1872 vobis
495 1849 575 1881 atque
590 1845 653 1872 huic
668 1846 783 1881 imperio
798 1845 864 1872 fide-

67 1880 208 1913 lissimam,
222 1881 346 1908 hostilem
357 1882 385 1909 in
396 1882 507 1909 modum
518 1891 578 1909 esse
588 1882 729 1910 vexatam?
741 1891 796 1918 quo
807 1882 862 1913 ille,

66 1922 241 1954 posteaquam
258 1919 325 1945 nihil
341 1919 492 1954 exprimere
506 1920 539 1946 ab
554 1920 711 1956 egentibus,
728 1920 796 1947 nihil
808 1919 863 1947 ulla

67 1955 94 1981 vi
115 1964 129 1982 a
149 1956 255 1982 miseris
275 1961 433 1992 extorquere
452 1958 552 1992 potuit,
573 1957 694 1985 cohortes
709 1958 737 1985 in
753 1958 863 1984 hiberna

66 1993 154 2019 misit:
177 1993 219 2019 his
240 1994 406 2028 praeposuit,
429 2002 497 2029 quos
518 1995 623 2029 putavit
638 1994 694 2021 fore
711 1995 865 2031 diligentis-

65 2030 150 2057 simos
161 2029 289 2057 satellites
304 2031 449 2062 scelerum,
464 2032 601 2058 ministros
611 2032 789 2067 cupiditatum
801 2041 864 2059 sua-

67 2075 138 2094 rum.
160 2069 184 2093 6.
200 2066 300 2094 Omitto
310 2068 646 2096 iurisdictioneminlibera
656 2070 763 2096 civitate
774 2074 864 2096 contra

67 2104 140 2141 leges
151 2108 315 2140 senatusque
325 2105 460 2132 consulta:
484 2106 579 2133 caedes
591 2106 723 2142 relinquo,
737 2106 864 2133 libidines

66 2146 217 2178 praetereo,
239 2151 355 2178 quarum
371 2143 577 2170 acerbissimum
592 2148 679 2171 exstat
692 2144 824 2171 indicium
839 2148 866 2170 et

67 2179 100 2206 ad
116 2180 250 2215 insignem
267 2181 422 2206 memoriam
438 2181 628 2216 turpitudinis.
646 2186 672 2208 et
683 2190 766 2216 paene
779 2181 812 2208 ad
823 2182 866 2208 iu-

67 2221 139 2244 stum
151 2217 258 2252 imperii
269 2217 351 2244 nostri
362 2217 469 2250 odium;
485 2218 558 2253 quod
569 2223 672 2246 constat
682 2219 865 2246 nobilissimas

67 2254 186 2290 virgines
202 2263 231 2280 se
246 2255 273 2281 in
285 2259 379 2289 puteos
389 2255 519 2282 abiecisse
529 2260 556 2282 et
566 2260 649 2283 morto
659 2256 807 2283 voluntaria
819 2265 865 2282 ne-

67 2293 211 2318 cessariam
228 2292 423 2327 turpitudinem
438 2292 585 2328 depulisse.
627 2294 680 2320 Nec
692 2294 756 2320 haec
767 2294 866 2320 idcirco

67 2329 173 2361 omitto,
190 2329 263 2365 quod
278 2338 330 2356 non
345 2330 505 2366 gravissima
515 2331 578 2361 sint,
591 2330 639 2357 sed
650 2332 713 2366 quia
725 2340 797 2358 nune
807 2331 866 2357 sino

68 2370 134 2393 teste
144 2366 213 2394 dico.
236 2367 278 2394 IV.
295 2368 382 2402 Ipsam
394 2376 456 2394 vero
467 2367 560 2394 urbem
577 2368 764 2403 Byzantiorum
782 2368 866 2395 luisse

68 2403 269 2431 refertissimam
280 2409 359 2439 atque
364 2405 562 2431 ornatissimam
570 2405 664 2441 signis,
672 2406 735 2440 quis
746 2405 867 2441 ignorat?

69 2449 138 2476 quae
148 2441 187 2468 illi
198 2442 485 2477 exhaustisumptibus
492 2441 625 2477 bellisque
636 2443 771 2473 maximis,
779 2451 865 2478 quum

70 2477 262 2506 Mithridaticos
275 2479 393 2514 impetus
404 2480 662 2515 totumquel‘ontum
673 2484 814 2510 armatum,
827 2479 867 2506 os-

69 2514 261 2543 fervescentem
276 2517 304 2543 in
319 2517 410 2544 Asiam
426 2521 506 2552 atque
521 2522 706 2552 erumpentem
718 2537 724 2548 ,
737 2525 815 2553 aegre
825 2525 867 2543 re-

71 2551 181 2587 pulsum
201 2557 227 2580 et
245 2555 396 2581 cervicibus
415 2554 593 2581 interclusum
613 2554 672 2580 suis
692 2555 864 2585 sustinerent.

72 2593 143 2621 tum,
159 2591 284 2626 inquam,
301 2592 422 2628 Byzantii
438 2596 463 2618 et
478 2596 568 2627 postea
583 2593 660 2627 signa
671 2591 716 2618 illa
727 2591 866 2626 etreliqua

71 2626 148 2653 urbis
174 2634 326 2656 ornamenta
355 2629 524 2656 sanctissime
548 2629 679 2656 custodita
707 2633 863 2656 tenuerunt:

71 2663 96 2689 7.
107 2667 133 2690 te
142 2665 298 2699 imperatore
309 2666 496 2694 infelicissimo
506 2671 533 2693 et
544 2667 706 2698 taeterrimo,
720 2666 866 2693 Caesonine

73 2699 207 2734 Calventi,
222 2702 316 2732 civitas
335 2704 418 2732 libera
436 2709 463 2733 et
477 2704 609 2740 proximis
625 2704 683 2732 suis
699 2704 836 2731 beneficiis
852 2711 866 2730 a

1328 164 1335 188 l
1360 177 1396 182 —-
1417 164 1441 189 3.
1660 163 1709 188 533

913 239 1008 261 senatu
1023 239 1049 261 et
1063 243 1078 261 a
1092 233 1192 270 populo
1208 234 1325 261 Romano
1337 233 1446 260 liberata
1458 233 1496 259 sic
1508 231 1620 267 spoliata
1630 236 1710 267 atque

914 272 1011 299 nudata
1027 277 1079 304 est,
1099 277 1142 303 ut,
1160 272 1212 298 nisi
1229 272 1257 299 C.
1274 271 1404 307 Virgilius
1416 270 1533 306 legatus,
1547 270 1588 295 vir
1598 269 1673 296 sortis
1685 274 1711 295 et

913 311 1054 341 innocens,
1076 309 1278 340 intervenisset,
1301 317 1387 335 unum
1410 308 1518 344 signum
1539 307 1661 342 Byzantii
1677 315 1710 332 ex

914 348 1031 373 maximo
1050 356 1162 373 numero
1182 346 1287 373 nullum
1303 346 1441 372 haberent.
1481 344 1557 377 Quod
1574 344 1665 370 fanum
1682 344 1710 370 in

914 384 1021 415 Achaia,
1035 385 1083 420 qui
1095 384 1168 410 locus
1180 384 1309 410 autlucus
1321 384 1348 410 in
1355 383 1465 410 Graecia
1477 387 1528 409 tota
1536 386 1589 408 tam
1600 386 1710 408 sanctus

915 421 978 453 suit,
996 422 1023 448 in
1039 430 1093 457 quo
1108 421 1195 448 ullum
1211 421 1401 451 simulacrum,
1420 420 1507 446 ullum
1523 423 1711 446 ornamentum

915 459 1051 494 reliquum
1063 458 1116 485 sit‘?
1135 459 1231 485 Emisti
1243 468 1256 485 a
1268 458 1425 485 foedissimo
1434 457 1542 484 tribuno
1553 456 1641 492 plebis
1652 460 1710 482 tum

914 497 941 522 in
956 496 1004 522 illo
1020 496 1159 532 naufragio
1175 496 1257 522 huius
1269 496 1357 527 urbis,
1371 504 1453 530 quam
1465 499 1493 521 tu
1504 494 1588 524 idem,
1602 494 1649 528 qui
1659 501 1712 529 gu-

914 533 1024 560 bernare
1044 533 1188 564 debueras,
1212 538 1356 564 everteras,
1380 538 1450 563 tuni,
1471 533 1582 567 inquam
1591 552 1597 562 ,
1621 531 1711 557 emisti

913 571 1007 607 grandi
1024 571 1151 606 pecunia,
1168 575 1198 597 ut
1212 571 1262 597 tibi
1277 571 1310 596 de
1325 570 1447 605 pecuniis
1466 569 1574 596 creditis
1585 570 1628 595 ius
1639 569 1666 594 in
1679 568 1712 595 li-

914 609 991 635 beros
1007 608 1120 643 populos
1136 612 1225 634 contra
1241 607 1471 634 senatusconsulta
1486 612 1511 633 et
1524 611 1613 633 contra
1625 605 1710 641 legem

913 646 1005 682 generi
1017 647 1056 672 tui
1067 645 1155 672 dicere
1167 645 1270 672 liceret:
1292 645 1320 671 id
1331 650 1452 679 emptum
1464 645 1500 670 ita
1512 644 1668 674 vendidisti,
1682 648 1713 669 ut

914 687 959 709 aut
969 683 1012 709 ius
1024 692 1076 709 non
1087 683 1189 709 diceres
1200 687 1246 708 aut
1256 682 1333 708 bonis
1345 683 1418 709 cives
1425 683 1556 708 Romanos
1568 686 1710 707 everteres.

914 723 938 747 8.
953 720 1073 752 Quorum
1085 729 1134 756 ego
1145 719 1213 746 nihil
1225 728 1305 750 nunc.
1320 724 1407 754 patres
1418 719 1571 753 conscripti,
1585 719 1612 744 in
1624 718 1713 744 homi-

915 766 975 784 nem
986 759 1092 792 ipsum,
1113 757 1146 783 de
1157 757 1293 792 provincia
1304 756 1422 791 disputo.
1453 757 1544 790 Itaque
1555 756 1642 782 omnia
1655 755 1710 786 illa,

913 804 983 830 quae
998 799 1024 821 et
1038 803 1118 829 saepe
1132 794 1247 820 audistis
1263 798 1289 820 et
1303 795 1398 820 tenetis
1414 794 1524 823 animis,
1538 793 1643 819 etiamsi
1660 801 1713 819 non

914 833 1039 863 audiatis,
1052 832 1246 867 praetermitto:
1260 831 1368 857 nihilde
1379 831 1428 857 hac
1439 831 1498 857 eius
1511 830 1621 860 urbana,
1630 838 1712 864 quam

914 870 959 896 ille
970 878 1096 904 praesens
1108 870 1135 896 in
1146 869 1232 895 oculis
1244 869 1340 895 vestris
1353 868 1543 902 mentibusque
1554 867 1656 898 defixit,
1665 876 1714 893 au-

913 907 987 934 dacia
1005 907 1111 942 loquor:
1135 906 1202 933 nihil
1214 906 1248 933 de
1259 906 1397 941 superbia.
1411 905 1479 932 nihil
1490 905 1523 931 de
1535 905 1711 935 contumacia,

914 945 982 972 nihil
1002 944 1036 971 de
1055 944 1212 971 crudelitate
1226 943 1345 979 disputo.
1386 943 1496 970 Lateant
1511 942 1638 968 libidines
1653 942 1714 968 eius

914 982 976 1009 illae
991 982 1185 1013 tenebricosae,
1203 990 1271 1017 quas
1287 981 1372 1008 fronte
1387 985 1413 1007 et
1427 980 1585 1015 supercilio,
1598 988 1650 1006 non
1662 987 1714 1014 pu-

914 1020 977 1046 dore
997 1024 1023 1046 et
1037 1020 1212 1054 temperantia
1231 1018 1400 1054 contegebat:
1422 1018 1455 1044 de
1475 1017 1624 1053 provincia.
1640 1016 1714 1052 quod

914 1058 1015 1093 agitur,
1029 1057 1057 1084 id
1072 1057 1191 1092 disputo.
1222 1057 1291 1083 Huic
1305 1065 1351 1083 vos
1364 1065 1417 1083 non
1428 1054 1622 1082 summittetis‘?
1641 1054 1714 1081 hunc

914 1095 1018 1122 diutius
1034 1103 1140 1121 manere
1155 1093 1313 1129 patiemini?
1332 1094 1423 1125 cuius,
1438 1097 1468 1120 ut
1478 1092 1644 1128 provinciam
1655 1092 1715 1118 teti-

914 1133 962 1169 git,
975 1133 1014 1159 sic
1025 1132 1129 1159 fortuna
1139 1131 1380 1167 cumimprobitate
1391 1131 1509 1162 certavit,
1523 1135 1553 1157 ut
1563 1138 1642 1156 nemo
1653 1138 1716 1164 pos-

914 1175 968 1201 set,
992 1174 1084 1197 utrum
1105 1170 1248 1205 posterior.
1271 1178 1303 1195 an
1325 1168 1457 1195 infelicior
1478 1172 1560 1199 esset,
1584 1167 1714 1194 iudicare.

915 1210 940 1234 9.
955 1208 996 1234 An
1007 1216 1071 1235 vero
1083 1208 1111 1234 in
1123 1207 1201 1243 Syria
1212 1206 1316 1233 diutius
1327 1211 1368 1233 est
1374 1206 1530 1233 Semiramis
1541 1205 1586 1232 illa
1599 1205 1716 1231 retinen-

915 1244 967 1272 da‘?
986 1245 1064 1271 cuius
1088 1245 1138 1271 iter
1157 1245 1185 1271 in
1207 1245 1372 1280 provinciam
1393 1243 1445 1270 fuit
1458 1243 1605 1273 eiusmodi,
1625 1247 1654 1269 ut
1669 1250 1716 1268 rex

915 1283 1107 1309 Ariobarzanes
1118 1282 1258 1309 consulem
1270 1286 1390 1308 vestrum
1402 1281 1435 1308 ad
1446 1281 1554 1308 caedem
1566 1279 1716 1307 faciendam

916 1325 1054 1355 tamquam
1070 1320 1189 1355 aliquem
1205 1320 1334 1346 Thracem
1345 1318 1517 1346 conduceret.
1558 1317 1657 1344 Deinde
1668 1316 1717 1343 ad-

916 1362 1013 1384 ventus
1024 1358 1052 1384 in
1064 1357 1170 1393 Syriam
1185 1358 1291 1392 primus
1307 1357 1443 1392 equitatus
1455 1356 1550 1382 habuit
1560 1355 1713 1381 interitum:

916 1399 976 1430 post
990 1395 1112 1422 concisae
1127 1399 1191 1421 sunt
1205 1395 1322 1430 optimae
1332 1394 1463 1421 cohortes.
1504 1393 1588 1428 Igitur
1599 1392 1626 1418 in
1639 1391 1716 1427 Syria

915 1434 1073 1468 imperatore
1088 1432 1136 1459 illo
1158 1432 1225 1459 nihil
1246 1431 1321 1458 aliud
1336 1436 1424 1458 actum
1441 1435 1494 1462 est,
1512 1430 1565 1456 nisi
1581 1430 1716 1464 pactiones

916 1470 1091 1505 pecuniarum
1116 1478 1179 1496 cum
1199 1470 1334 1505 tyrannis,
1356 1468 1518 1498 decisiones.
1541 1467 1714 1501 direptiones,

917 1508 1066 1539 latrocinia,
1079 1507 1187 1538 caedes,
1200 1515 1287 1542 quum
1302 1506 1390 1541 palam
1402 1505 1495 1541 populi
1506 1505 1618 1531 Romani
1630 1505 1717 1538 impe-

916 1549 998 1576 rator,
1021 1546 1152 1571 instructo
1172 1545 1304 1575 exercitu,
1318 1543 1454 1570 dexteram
1471 1542 1597 1572 tendens.
1617 1550 1669 1568 non
1683 1540 1716 1567 ad

917 1582 1024 1609 laudem
1041 1582 1140 1609 milites
1157 1582 1314 1611 hortaretur,
1328 1581 1376 1607 sed
1387 1581 1476 1607 omnia
1488 1580 1541 1606 sihi
1553 1584 1579 1605 et
1590 1583 1679 1614 empta
1691 1583 1717 1604 et

916 1620 1028 1646 emenda
1047 1628 1107 1646 esse
1127 1618 1263 1646 clamaret.
1296 1619 1327 1645 V.
1352 1620 1392 1644 l0.
1410 1619 1462 1644 Iam
1480 1626 1542 1644 vero
1558 1616 1717 1651 publicanos

916 1658 1028 1684 miseros
1040 1658 1093 1693 (me
1103 1657 1183 1683 etiam
1195 1657 1335 1686 miserum,
1344 1655 1451 1682 illorum
1464 1656 1498 1681 ita
1509 1654 1542 1681 de
1555 1662 1597 1680 me
1609 1654 1718 1680 merito-

917 1704 976 1721 rum
989 1694 1105 1721 miseriis
1116 1703 1146 1721 ac
1157 1693 1269 1729 dolore.)
1280 1692 1389 1720 tradidit
1400 1694 1427 1719 in
1441 1693 1598 1719 servitutem
1611 1691 1717 1718 Iudaeis

916 1737 941 1759 et
952 1732 1038 1768 Syris,
1051 1732 1205 1759 nationibus
1218 1732 1287 1758 natis
1299 1731 1434 1757 servituti.
1475 1730 1573 1756 Statuit
1584 1729 1617 1755 ab
1628 1729 1715 1759 initio,

916 1774 942 1796 et
961 1771 988 1796 in
1004 1779 1036 1797 eo
1050 1769 1245 1805 perseveravit,
1259 1769 1302 1795 ius
1319 1768 1464 1803 publicano
1479 1776 1531 1794 non
1547 1766 1647 1793 dicere:
1671 1774 1718 1800 pa-

915 1808 1016 1834 ctiones
1028 1807 1087 1834 sine
1098 1806 1153 1833 ulla
1165 1806 1263 1833 iniuria
1279 1806 1361 1833 factas
1377 1805 1494 1836 rescidit,
1508 1803 1644 1831 custodias
1655 1812 1718 1829 sus-

916 1845 986 1876 tulit,
1000 1844 1144 1880 vectigales
1156 1844 1256 1871 multos
1268 1843 1492 1878 acstipendiarios
1504 1841 1642 1868 liberavit:
1663 1849 1719 1876 quo

916 1884 943 1909 in
958 1882 1058 1918 oppido
1073 1883 1132 1917 ipse
1146 1886 1218 1908 esset
1232 1886 1278 1908 aut
1292 1890 1347 1917 quo
1362 1881 1478 1910 veniret,
1492 1880 1530 1906 ibi
1542 1878 1717 1914 publicanum

916 1925 962 1947 aut
973 1919 1109 1955 publicani
1122 1928 1231 1946 servum
1243 1923 1314 1945 esset
1327 1919 1420 1945 vetuit.
1461 1917 1531 1950 Quid
1544 1915 1646 1943 multa?
1657 1924 1719 1942 cru-

916 1957 984 1984 delis
1007 1957 1162 1988 haberetur,
1180 1957 1203 1983 si
1222 1958 1250 1983 in
1266 1956 1369 1983 hostem
1386 1956 1475 1982 animo
1492 1954 1587 1981 suisset
1603 1962 1646 1985 eo,
1664 1961 1718 1988 quo

917 1995 968 2022 l'uit
982 1995 1010 2022 in
1020 1995 1094 2022 cives
1106 1995 1238 2021 Romanos
1250 1995 1309 2020 eius
1322 1993 1425 2020 ordinis
1437 1992 1606 2028 praesertim,
1619 1991 1667 2026 qui
1678 1996 1719 2017 est

916 2041 1023 2068 semper
1037 2032 1167 2068 dignitate
1179 2040 1236 2063 sua,
1250 2031 1415 2067 benignitate
1427 2030 1599 2065 magistratus
1611 2033 1718 2055 susten-

917 2074 997 2097 tatus.
1033 2071 1073 2096 it.
1096 2070 1188 2104 Itaque
1203 2069 1315 2100 videtis,
1333 2073 1421 2103 patres
1437 2067 1596 2102 conscripti,
1615 2074 1667 2092 non
1681 2070 1715 2091 te⁴

918 2108 1037 2134 meritate
1048 2106 1241 2141 redemptionis
1252 2110 1298 2133 aut
1311 2106 1408 2141 negotii
1420 2104 1529 2140 gerendi
1541 2104 1656 2134 inscitia.
1670 2102 1717 2129 sed

917 2145 1041 2175 avaritia,
1059 2144 1200 2179 superbia,
1217 2143 1375 2170 crudelitate
1391 2142 1499 2169 Gabinii
1512 2150 1595 2176 paene
1606 2140 1718 2167 afflictos

917 2183 970 2208 iam
986 2186 1066 2216 atque
1077 2190 1185 2207 eversos
1198 2181 1370 2216 publicanos;
1392 2180 1494 2214 quibus
1506 2179 1616 2214 quidem
1630 2187 1677 2204 vos
1689 2179 1716 2203 in

917 2219 959 2246 his
980 2219 1112 2254 angustiis
1132 2219 1226 2244 aerarii
1246 2223 1334 2244 tamen
1354 2216 1522 2243 subveniatis
1538 2224 1646 2242 necesse
1662 2219 1716 2241 cst:

917 2257 966 2283 etsi
978 2257 1031 2282 iam
1043 2255 1136 2282 multis
1148 2264 1199 2281 non
1211 2255 1334 2289 potestis;
1347 2255 1395 2289 qui
1408 2259 1514 2288 propter
1525 2253 1602 2279 illum
1614 2252 1717 2279 hostem

917 2298 1036 2324 senatus.
1050 2293 1268 2319 inimicissimum
1279 2291 1382 2318 ordinis
1393 2291 1525 2326 equestris
1532 2290 1718 2324 bonorumque

917 2331 1053 2360 omnium,
1071 2338 1122 2356 non
1139 2329 1227 2355 solum
1243 2329 1325 2359 bona,
1338 2328 1385 2355 sed
1397 2329 1475 2354 otiam
1489 2328 1654 2353 honestatem
1667 2327 1719 2352 mi-

918 2368 969 2394 seri
986 2366 1209 2402 doperdiderunt;
1231 2375 1300 2401 quos
1316 2374 1368 2392 non
1380 2365 1555 2401 parsimonia,
1569 2373 1621 2390 non
1633 2364 1719 2389 conti-

919 2405 1020 2436 nentia,
1039 2413 1090 2431 non
1106 2404 1207 2434 virtus,
1221 2412 1272 2429 non
1289 2402 1374 2433 lnhor,
1389 2412 1439 2429 non
1451 2401 1578 2436 splendor
1591 2401 1658 2427 tueri
1671 2409 1718 2436 po-

919 2443 970 2469 tuit
993 2446 1082 2468 contra
1107 2441 1182 2467 illius
1204 2440 1338 2467 helluonis
1358 2444 1384 2466 et
1405 2439 1546 2474 praedonis
1567 2438 1716 2464 audaciam.

921 2482 959 2506 12.
977 2478 1067 2511 Quid‘?
1086 2479 1133 2513 qui
1149 2487 1178 2504 se
1189 2478 1269 2504 etiam
1282 2486 1353 2504 nunc
1363 2477 1495 2503 subsidiis
1508 2476 1661 2511 patrimonii
1673 2481 1717 2502 ant

918 2517 1064 2543 amicorum
1078 2515 1235 2542 liberalitato
1246 2520 1405 2545 sustentant.
1415 2514 1462 2541 lios
1475 2514 1560 2549 perire
1568 2513 1718 2548 patiemur?

919 2554 958 2581 An
967 2574 973 2585 ,
990 2554 1013 2580 si
1025 2553 1072 2588 qui
1090 2552 1141 2579 l'rni
1154 2552 1262 2588 publico
1273 2561 1323 2579 non
1337 2553 1422 2587 potuit
1435 2561 1480 2587 per
1493 2551 1596 2578 hostem
1605 2571 1611 2581 ,
1625 2550 1667 2577 hic
1678 2555 1716 2576 te-

917 2592 990 2627 gitur
1011 2591 1067 2626 ipsa
1089 2590 1146 2626 lego
1160 2591 1293 2617 censorin:
1315 2598 1396 2625 quem
1414 2590 1436 2616 is
1454 2589 1504 2615 frui
1518 2588 1654 2617 uonsinit.
1667 2588 1714 2623 qui

918 2633 966 2659 est,
979 2628 1085 2655 etiamsi
1097 2636 1148 2654 non
1160 2627 1317 2662 appellatur,
1333 2627 1424 2657 hostis.
1434 2627 1497 2653 huic
1509 2625 1570 2653 ferri
1581 2625 1714 2653 auxilium

919 2674 970 2693 non
981 2664 1101 2700 oportet?
1120 2665 1238 2692 Retinete
1250 2665 1331 2700 igitur
1343 2665 1369 2691 in
1382 2663 1626 2700 provinciadiutius
1641 2671 1713 2693 eum,

918 2704 966 2739 qui
981 2703 1015 2730 do
1025 2703 1105 2730 sociis
1119 2711 1181 2730 cum
1198 2702 1336 2734 hostibus,
1349 2702 1383 2729 de
1393 2701 1500 2729 civibus
1511 2709 1573 2728 cum
1583 2701 1664 2728 sociis
1676 2699 1715 2726 sa-
