1941 3052
1026 359 1065 383 32.

757 435 790 463 M.
827 434 1004 464 TULLII
1040 433 1324 464 CICERONIS

999 527 1051 547 ΡΙ(
1068 530 1086 548 0

504 601 544 651 C.
699 602 737 651 R
847 602 885 650 A
1000 602 1033 651 Β

1150 600 1585 651 IRIO

838 715 1152 737 PERDUELLIONIS
1176 715 1253 737 Rsso

1017 799 1070 819 AD

764 1122 972 1150 NOTITIA
1006 1123 1326 1150 LITTERARIA.

336 1200 398 1221 Ilaec
407 1199 482 1222 oratio
493 1207 540 1221 urm
549 1200 576 1221 de
592 1199 705 1221 citerani:
720 1200 879 1221 ‹nneulnrihus
895 1200 964 1225 (unni
979 1203 1025 1223 GM.
1039 1208 1063 1230 μ.
1083 1201 1108 1222 t'.
1125 1203 1157 1228 c.)
1173 1208 1216 1222 mm
1231 1204 1264 1222 a!
1280 1200 1378 1228 integra.
1412 1199 1469 1221 Εἰυι
1484 1203 1561 1221 autern
1570 1198 1630 1227 finit
1642 1199 1769 1228 completur
1778 1199 1865 1221 duntur

228 1234 373 1256 bibliothecae
386 1235 663 1264 Vaticanuefrngmeneis
673 1244 687 1256 n
698 1235 820 1256 Niebuhrio
831 1238 915 1263 (1820.)
926 1237 1001 1257 alitia.

282 1387 357 1408 ΑΒΘ.
377 1387 407 1408 Τ.
419 1387 495 1409 Attiuu
505 1387 616 1409 Lnbienun
627 1387 730 1409 tribunus
740 1387 770 1416 pl.
781 1388 807 1410 C.
818 1387 909 1409 Rabirio
921 1388 1022 1416 perduel-

225 1422 296 1443 lio-is
314 1422 396 1443 crimen
416 1423 524 1444 Cicerone
537 1423 628 1444 contule
642 1423 751 1448 intendit,
768 1423 825 1450 qum!
844 1424 868 1444 L.
889 1423 1022 1451 Appuleium

226 1457 369 1479 Snturninum
380 1458 432 1478 trib.
442 1457 473 1485 pl.
483 1465 519 1478 re·
533 1465 601 1479 nuru
616 1458 741 1479 molientem
752 1458 904 1479 interfeci-set
915 1459 939 1480 C.
950 1459 1021 1480 Morio

226 1493 251 1514 L.
262 1492 354 1514 Valeria
368 1500 426 1514 con.
437 1495 494 1519 (ss-¹.
507 1494 532 1514 U.
544 1495 575 1521 c.)
586 1494 672 1515 Coun·
686 1497 736 1515 acta
749 1497 784 1514 ent
792 1494 864 1521 primo
874 1494 930 1521 apud
940 1493 1021 1514 lulium

226 1532 248 1548 et
257 1528 348 1549 Lucium
359 1529 479 1553 enen-res,
495 1529 634 1554 duumviron,
650 1536 679 1550 ex
693 1529 784 1556 antiquo
799 1536 871 1554 niore,
888 1529 925 1549 ned
941 1532 1001 1550 sorte
1011 1535 1023 1549 ι

225 1566 328 1590 praetore
342 1564 418 1588 datos.
433 1570 476 1584 nun
487 1570 499 1584 ι
509 1563 590 1591 populo
601 1571 661 1585 more
671 1567 693 1585 et
702 1564 808 1585 instituto
818 1565 916 1585 Romano
927 1567 1021 1586 cretton.

225 1599 259 1619 Ab
279 1598 315 1619 hi·
332 1599 490 1620 condemn-tu·
508 1599 614 1619 lunii-iu·
632 1603 737 1626 provocat
755 1599 782 1620 ul
800 1599 914 1627 populum-
945 1600 1023 1627 ltaque

225 1640 304 1654 caussa
322 1636 400 1660 pune!
415 1636 464 1654 ncta
481 1634 550 1654 estin
567 1635 649 1662 Campo
663 1634 744 1655 Martio
764 1633 862 1655 comitii·
881 1634 1022 1655 centuriatis.

226 1668 304 1689 Cicero
314 1668 428 1689 Rabirium
439 1669 552 1694 defendit,
569 1670 606 1690 ned
622 1669 646 1689 in
657 1669 780 1690 neniibnrn
789 1668 922 1690 curriculum
933 1672 1022 1690 coactu·

227 1710 239 1723 ι
253 1703 351 1723 Labieno
371 1703 469 1724 tribunn.
499 1705 562 1725 Haud
576 1705 643 1725 dubie
657 1704 728 1730 igitur
741 1711 755 1724 ι
768 1703 851 1731 populu
865 1705 1022 1725 condemnatus

226 1740 293 1762 esset.
305 1737 350 1758 nisi
357 1738 462 1759 Metellus
473 1738 544 1763 Celer,
560 1746 629 1765 augur
639 1743 661 1760 et
671 1742 767 1767 praetor,
781 1746 846 1766 quum
857 1745 869 1759 n
879 1739 1023 1760 multitudine

227 1779 251 1793 ιο
260 1779 304 1793 nun
315 1772 400 1797 nuntii-i,
411 1777 432 1793 et
443 1773 557 1794 Rabirium
567 1774 646 1801 cupide
656 1774 798 1795 condemnari
806 1774 904 1799 videret,
914 1774 1021 1795 vexillum

226 1808 253 1828 de
267 1807 366 1828 laniculo
386 1808 535 1833 detraxisset,
554 1811 578 1829 ut
596 1809 640 1829 inm
659 1809 717 1830 nihil
730 1809 826 1830 sciscere
840 1809 922 1836 populo
936 1809 1022 1830 liceret.

226 1842 332 1863 Cominii·
341 1849 391 1868 ergo
402 1846 454 1863 tuuc
464 1842 554 1868 solutis,
566 1843 677 1865 Labienus
687 1844 796 1865 actionem
805 1844 895 1865 abiecit.
919 1845 967 1866 Huc
976 1851 1022 1865 mo-

226 1877 254 1898 nlu
264 1877 369 1898 Rabirius
381 1881 413 1898 nt
423 1877 538 1899 liberatus.

282 1949 301 1975 Ι.
315 1951 338 1975 ⁴.
356 1945 432 1982 Etsi,
449 1950 580 1984 Quirites,
598 1959 651 1978 non
665 1956 707 1978 est
722 1959 796 1978 meae
806 1951 1019 1984 consuetudinis,

224 1985 301 2012 initio
312 1986 418 2014 dicendi
430 1989 556 2015 rationem
569 1989 691 2020 reddere,
709 1997 763 2024 qua
775 1989 807 2015 de
819 1998 914 2016 caussa
925 1998 1022 2024 quem-

225 2031 278 2058 que
289 2023 431 2051 defendam
439 2047 445 2056 ,
459 2030 605 2061 propterea,
617 2026 691 2061 quod
702 2035 764 2053 cum
775 2026 902 2053 omnibus
913 2027 1020 2053 civibus

224 2061 252 2087 in
268 2069 359 2087 eorum
377 2062 503 2096 periculis
518 2072 624 2098 semper
634 2064 698 2090 satis
709 2064 807 2090 iustam
819 2064 885 2090 mihi
897 2073 1019 2091 caussam

225 2099 433 2126 necessitudinis
444 2109 503 2127 esse
514 2100 594 2127 duxi:
613 2105 701 2128 tamen
711 2101 739 2127 in
751 2101 800 2127 hac
810 2100 965 2128 defensione
977 2110 1021 2128 ca-

225 2135 301 2170 pitis,
321 2135 405 2163 famae
421 2137 643 2174 fortunarumque
658 2139 779 2165 omnium
795 2138 824 2165 C.
842 2139 942 2165 Rabirii
958 2148 1020 2174 pro-

224 2173 346 2207 ponenda
357 2175 423 2201 ratio
433 2175 540 2202 videtur
549 2184 608 2202 esse
619 2175 700 2202 officii
711 2176 773 2206 mei,
787 2180 924 2211 propterea
935 2177 1017 2212 quod,

223 2218 293 2245 quae
313 2211 462 2238 iustissima
482 2213 549 2239 mihi
569 2221 663 2240 caussa
684 2213 716 2239 ad
732 2213 805 2239 hunc
819 2212 1018 2240 defendendum

223 2255 282 2274 esse
293 2248 351 2274 visa
362 2253 414 2281 est,
433 2249 525 2276 eadem
541 2250 618 2277 vobis
633 2250 666 2277 ad
681 2250 877 2277 absolvendum
889 2250 968 2278 debet
978 2252 1020 2278 vi-
1049 2272 1050 2284 ἶ

223 2284 289 2311 deri.
320 2287 345 2312 2.
359 2286 425 2313 Nam
437 2296 479 2314 me
490 2296 576 2323 quum
587 2288 719 2314 amicitiae
730 2292 849 2314 vetustas
857 2309 863 2319 ,
880 2297 966 2323 quum
977 2288 1020 2315 di—

222 2322 311 2357 gnitas
322 2322 454 2356 hominis,
472 2329 529 2351 tum
542 2325 607 2352 ratio
617 2325 805 2356 humanitatis⁷
823 2330 880 2352 tum
892 2334 966 2352 meae
977 2326 1020 2352 vi-

223 2363 263 2385 tae
284 2365 412 2395 perpetua
432 2362 598 2389 consuetudo
618 2362 650 2389 ad
672 2362 701 2389 C.
717 2363 856 2389 Rabirium
872 2362 1019 2390 defcnden-
1048 2365 1050 2398 ᾗ

1048 2402 1049 2408 ’
1069 2399 1192 2434 publicae
1203 2399 1369 2435 temporibus
1381 2399 1535 2435 perfugium
1546 2403 1571 2425 et
1582 2398 1746 2434 praesidium
1757 2397 1863 2425 salutis.

223 2395 288 2422 dum
299 2402 339 2424 est
350 2398 500 2426 adhortata:
522 2404 580 2426 tum
591 2408 667 2431 vero,
685 2404 715 2426 ut
729 2399 758 2426 id
769 2399 967 2426 studiosissime
979 2400 1019 2426 fa-

223 2441 318 2464 cerem,
332 2434 406 2462 salus
417 2436 589 2472 reipublicae,
602 2436 741 2464 consulare
752 2436 880 2468 officium,
894 2437 1019 2464 consula·
1042 2455 1043 2464 1

1042 2477 1043 2484 ¹
1068 2474 1171 2501 catione
1191 2474 1299 2509 capitis,
1322 2473 1408 2500 famae
1427 2473 1650 2508 fortunarumque
1669 2473 1790 2500 omnium
1807 2472 1863 2499 fieri

225 2473 268 2495 tus
279 2470 396 2507 denique
407 2474 478 2508 ipse,
497 2474 564 2501 mihi
579 2483 632 2501 una
644 2474 785 2501 vobiscum
796 2483 858 2501 cum
869 2474 955 2501 salute
966 2475 1019 2501 rei-

224 2506 347 2540 publicae
362 2511 577 2543 commendatus,
593 2512 689 2547 coegit.
729 2511 786 2538 Non
803 2512 874 2538 enim
891 2511 920 2538 C.
937 2512 1018 2538 Rabi-

224 2543 294 2569 rium
305 2545 384 2579 culpa
395 2547 494 2579 delicti.
507 2557 559 2575 non
571 2549 672 2575 invidia
684 2548 766 2579 w'tae,
780 2557 832 2575 non
844 2548 961 2584 denique
972 2557 1019 2575 ve-
1041 2555 1043 2560 ’

225 2584 306 2611 teres,
329 2582 414 2610 iustae
429 2593 578 2621 gravesque
594 2586 751 2612 inimicitiae
766 2586 867 2612 civium
883 2586 910 2612 in
922 2586 1019 2612 discri-
1041 2608 1042 2613 ,

224 2625 286 2658 men
297 2619 391 2653 capitis
403 2627 576 2650 vocaverunt:
594 2623 641 2649 sed
657 2627 686 2649 ut
700 2622 770 2649 illud
784 2631 923 2649 summum
940 2623 1018 2650 auxi-

226 2653 292 2681 lium
304 2656 448 2685 maiestatis
459 2664 539 2695 atque
550 2660 665 2696 imperii,
673 2659 746 2696 quod
756 2659 834 2686 nobis
845 2668 858 2686 a
871 2661 1016 2687 maioribus

1073 1395 1113 1418 est
1124 1390 1260 1423 traditum,
1273 1389 1306 1417 de
1317 1389 1454 1426 republica
1465 1389 1613 1421 tolleretur,
1636 1393 1666 1416 ut
1676 1388 1744 1416 nihil
1756 1389 1867 1425 posthac

1073 1429 1215 1455 auctoritas
1235 1433 1357 1459 senatus,
1379 1427 1447 1455 nihil
1462 1427 1602 1455 consulare
1616 1427 1774 1462 imperium.
1797 1426 1865 1453 nibil

1073 1467 1214 1493 consensio
1228 1466 1358 1493 bonorum
1373 1471 1463 1493 contra
1477 1470 1579 1501 pestem
1594 1473 1624 1491 ac
1639 1465 1784 1500 perniciem
1799 1465 1868 1492 civi-

1073 1504 1134 1530 tatis
1145 1503 1257 1535 valeret.
1271 1503 1369 1530 idcirco
1379 1504 1407 1530 in
1419 1503 1461 1530 his
1472 1503 1552 1530 rebus
1563 1502 1715 1529 evertendis
1726 1503 1808 1529 unius
1819 1501 1867 1528 ho-

1073 1541 1154 1567 minis
1164 1546 1297 1572 senectus,
1310 1540 1451 1567 infirmitas
1462 1540 1632 1576 solitudoque
1643 1544 1739 1566 tentata
1749 1544 1800 1566 est.
1840 1541 1865 1566 3.

1072 1578 1251 1611 Quamobrem
1259 1599 1265 1610 ,
1282 1579 1306 1605 si
1317 1582 1357 1604 est
1367 1578 1430 1605 boni
1441 1577 1559 1605 consulis
1567 1598 1573 1609 ,
1586 1586 1671 1612 quum
1682 1581 1778 1604 cuncta
1789 1577 1867 1603 auxi-

1073 1615 1107 1642 lia
1128 1616 1291 1651 reipublicae
1312 1614 1463 1642 labefactari
1483 1614 1653 1650 convellique
1674 1614 1775 1645 videat,
1798 1613 1866 1640 ferre

1071 1661 1149 1687 opem
1164 1653 1278 1688 patriae,
1295 1661 1450 1679 succurrere
1465 1652 1545 1679 saluti
1560 1651 1729 1686 fortunisque
1743 1660 1867 1678 commu-

1072 1690 1167 1721 nibus,
1184 1689 1326 1725 implorare
1336 1690 1437 1716 civium
1449 1689 1542 1720 fidem,
1559 1697 1637 1715 suam
1652 1688 1765 1715 salutem
1777 1693 1867 1724 poste—

1072 1727 1167 1754 riorem
1179 1727 1264 1754 salute
1275 1727 1411 1754 communi
1422 1726 1533 1758 ducere,
1550 1731 1591 1753 est
1605 1727 1684 1752 etiam
1700 1726 1829 1753 bonorum
1841 1731 1868 1753 et

1073 1764 1180 1791 fortium
1191 1765 1306 1796 civium,
1323 1763 1419 1800 quales
1430 1773 1478 1791 vos
1487 1764 1614 1790 omnibus
1624 1763 1788 1799 reipublicae
1799 1769 1867 1790 tem-

1072 1802 1183 1837 poribus
1203 1802 1360 1832 exstitistis,
1387 1801 1565 1828 intercludere
1589 1809 1682 1828 omnes
1702 1801 1865 1828 seditionum

1072 1840 1142 1870 vias,
1161 1840 1266 1866 munire
1277 1839 1409 1874 praesidia
1420 1838 1597 1874 reipublicae,
1614 1847 1753 1865 summum
1764 1839 1792 1865 in
1803 1847 1867 1865 oon-

1072 1877 1179 1903 sulibus
1190 1877 1348 1912 imperium,
1365 1885 1505 1903 summum
1516 1877 1543 1903 in
1555 1880 1649 1903 senatu
1660 1875 1803 1903 consilium
1815 1884 1867 1911 pu-

1072 1919 1140 1941 tare:
1153 1923 1184 1941 ea
1194 1915 1242 1949 qui
1254 1919 1364 1941 secutus
1375 1914 1423 1945 sit,
1438 1913 1516 1940 laude
1528 1914 1618 1948 potius
1628 1918 1654 1940 et
1664 1913 1772 1944 honore,
1784 1921 1866 1948 quam

1072 1960 1155 1986 poena
1167 1956 1192 1978 et
1202 1951 1337 1987 supplicio
1347 1951 1461 1987 dignum
1471 1951 1600 1978 iudicare.
1640 1952 1665 1978 4.
1686 1950 1866 1983 Quamobrem

1073 1989 1146 2015 labor
1157 1990 1183 2015 in
1195 1989 1245 2016 hoc
1256 1988 1423 2016 defendendo
1434 1989 1576 2024 praecipue
1588 1997 1664 2015 meus
1675 1993 1728 2015 est:
1745 1987 1866 2015 studium

1074 2035 1134 2053 vero
1154 2026 1330 2053 conservandi
1350 2026 1468 2053 hominis
1487 2034 1629 2053 commune
1643 2026 1710 2052 mihi
1725 2025 1866 2052 vobiscum

1071 2072 1130 2090 esse
1141 2063 1260 2090 debebit.
1299 2064 1331 2090 11.
1349 2063 1393 2090 sic
1404 2064 1476 2090 enim
1487 2064 1639 2090 existimare
1650 2063 1762 2093 debetis,
1776 2062 1867 2095 Quiri-

1071 2106 1124 2132 tes,
1142 2106 1201 2136 post
1217 2101 1356 2127 hominum
1372 2101 1527 2128 memoriam
1543 2109 1598 2127 rem
1615 2099 1715 2127 nullam
1728 2101 1864 2131 maiorem,

1071 2139 1157 2174 magis
1173 2138 1365 2173 periculosam,
1387 2139 1473 2174 magis
1488 2138 1521 2164 ab
1536 2138 1663 2165 omnibus
1678 2138 1755 2164 vobis
1775 2138 1867 2172 provi-

1071 2175 1185 2202 dendam
1202 2184 1289 2211 neque
1305 2184 1319 2202 a
1334 2175 1442 2202 tribuno
1457 2175 1544 2211 plebis
1559 2180 1726 2210 susceptam,
1749 2183 1836 2210 neque
1851 2183 1866 2200 a

1049 2235 1051 2238 Α
1069 2212 1179 2240 consule
1190 2212 1340 2244 defensam,
1358 2221 1445 2248 neque
1460 2212 1492 2239 ad
1505 2212 1635 2248 populum
1646 2213 1794 2239 Romanum
1806 2220 1866 2238 esse

1070 2249 1196 2276 delatam.
1226 2251 1323 2287 Agitur
1333 2250 1404 2277 enim
1417 2249 1484 2277 nihil
1495 2250 1569 2277 aliud
1580 2251 1608 2276 in
1619 2249 1668 2276 hac
1678 2258 1772 2276 caussa
1780 2269 1786 2280 ,
1799 2248 1866 2281 Qui-

1069 2288 1147 2319 rites.
1164 2296 1246 2322 quam
1263 2293 1292 2314 ut
1303 2287 1408 2314 nullum
1420 2288 1455 2314 sit
1466 2287 1576 2322 posthac
1586 2288 1614 2314 in
1625 2286 1762 2322 republica
1773 2285 1866 2322 publi-

1069 2333 1131 2351 cum
1143 2325 1286 2351 consilium
1295 2346 1301 2357 ,
1318 2324 1392 2352 nulla
1408 2324 1539 2351 bonorum
1553 2325 1694 2351 consensio
1708 2328 1798 2350 contra
1813 2324 1867 2350 im-

1070 2362 1214 2397 proborum
1226 2362 1343 2389 furorem
1354 2366 1380 2389 et
1391 2361 1528 2388 audaciam
1536 2382 1542 2393 ,
1555 2361 1661 2388 nullum
1674 2361 1801 2388 extremis
1812 2361 1866 2388 rei—

1069 2438 1094 2463 5.
1111 2436 1184 2469 Quae
1195 2446 1281 2472 quum
1293 2437 1328 2463 ita
1339 2437 1406 2468 sint,
1423 2437 1541 2471 primum
1550 2456 1556 2467 ,
1573 2436 1647 2471 quod
1662 2436 1690 2463 in
1701 2440 1772 2462 tanta
1783 2435 1865 2462 dimi-

1069 2520 1177 2538 necesse
1192 2517 1245 2542 est,
1267 2511 1301 2538 ab
1316 2511 1376 2538 Iove
1391 2510 1500 2546 Optimo
1514 2510 1632 2537 Maximo
1645 2511 1795 2545 ceterisque
1809 2509 1863 2536 diis

1068 2548 1226 2583 deabusque
1237 2548 1442 2579 immortalibus,
1455 2556 1571 2583 quorum
1582 2557 1632 2583 ope
1642 2553 1667 2574 et
1678 2547 1780 2574 auxilio
1791 2546 1863 2573 mul-

1068 2590 1095 2612 to
1105 2586 1191 2621 magis
1207 2585 1272 2612 haec
1287 2585 1451 2620 respublica,
1469 2593 1550 2620 quam
1566 2586 1666 2612 ratione
1681 2584 1822 2611 bominum
1836 2588 1863 2610 et

1067 2623 1180 2649 consilio
1189 2623 1363 2658 gubernatur,
1376 2631 1469 2657 pacem
1480 2631 1510 2648 ac
1521 2623 1627 2649 veniam
1639 2626 1707 2658 peto,
1716 2629 1862 2657 precorque

1067 2659 1100 2686 ab
1115 2660 1164 2692 iis,
1180 2664 1210 2686 ut
1224 2660 1384 2687 hodiernum
1399 2659 1471 2686 diem
1486 2664 1512 2686 et
1526 2659 1560 2686 ad
1574 2659 1657 2687 huius
1672 2658 1786 2686 salutem
1797 2667 1861 2685 con-
