1941 3052
225 154 271 179 ΓΗ
793 154 831 178 Η.

221 233 253 250 ne
269 223 404 250 vocalibus
418 231 495 257 nncpe
511 223 646 249 brevitatis
660 230 752 247 caussa
766 221 955 248 contrahebant
969 225 1006 252 ut,

221 262 255 288 ita
268 261 394 289 dicerent,
412 261 490 285 niatu·
505 262 592 287 mmlm,
612 260 663 283 νηί
678 262 811 290 argyrum,
826 259 903 291 μαὺπ’
918 262 941 284 et
956 261 1008 284 cri-

221 300 302 326 nibus,
318 298 382 323 tecti'
395 300 493 330 (rastis.
527 296 596 327 Quid
613 305 673 321 vero
691 295 822 324 licentius.
842 303 922 329 quarn
936 294 1008 329 quod

222 335 359 360 hominurn
388 335 466 359 etiam
494 334 598 359 nninina
621 332 821 361 contrahebant,
845 340 900 366 quo
921 336 1009 357 essent

221 372 338 406 aptiora?
358 380 417 397 num
434 375 461 395 ut
474 372 584 395 duellum
600 369 699 394 lit-llum
714 373 738 394 et
751 371 810 394 daia
824 369 873 398 bis,
886 369 924 394 sic
932 369 1008 394 Due!-
1030 376 1032 406 5

221 411 283 434 tium
297 417 367 438 cum,
383 408 430 442 qui
446 408 543 432 l’ocnos
557 406 640 431 classe
651 406 756 435 devicit,
772 406 879 431 ltettium
889 405 1009 431 nomina·
1030 411 1031 424 ι

868 152 902 178 Μ.
936 152 966 177 T.
1000 150 1272 177 CICERONIS

1059 221 1128 254 Ergo
1143 219 1240 246 ibidem
1253 230 1257 245 :

1098 259 1179 288 Quam
1194 260 1257 282 cora
1270 259 1377 290 tiaeque,
1390 259 1446 290 ρόεί
1460 259 1570 283 carendo
1583 259 1734 291 intettiyuns,

1096 303 1221 327 quamque
1234 296 1360 319 attinendi
1374 296 1459 326 mthm·
1472 296 1616 321 dominatae
1628 298 1700 321 aient.

1061 331 1112 357 Nec
1128 339 1189 356 vero
1203 330 1430 365 reprehenderim:

1096 382 1132 387 —
1157 382 1193 387 —
1219 369 1350 400 Scripnere
1367 369 1415 393 alii
1428 376 1494 399 reim
1519 372 1545 394 et
1557 372 1716 402 arripuerunt
1729 377 1788 394 caan
1803 377 1847 394 ve-

1036 411 1039 443 l
1061 413 1116 431 rius
1140 405 1238 435 senti03
1260 404 1307 430 sed
1325 404 1511 431 consuetudini
1525 406 1636 432 auribus
1650 405 1800 439 indultu-nti
1816 406 1847 432 li-

222 449 416 479 vertint,quum
428 444 577 478 supi-riores
587 442 710 477 appellati
722 447 810 468 essent
821 451 925 477 semper
933 443 1010 468 [hrcl-
1037 465 1039 482 Ι
1061 442 1152 467 beuter
1165 441 1305 476 obsequor.
1341 441 1408 467 laem
1427 451 1531 475 comptu
1548 444 1628 471 habet,
1644 443 1730 478 inquit
1745 443 1847 469 Enniu-

222 485 258 508 lii.
291 483 360 513 Quin
379 483 457 506 ctiam
473 480 550 506 verba
565 488 644 514 saepe
658 479 859 510 contrahuntur,
877 488 927 505 non
943 488 1008 505 usus
1030 476 1031 509 l

220 528 322 548 caussa,
338 518 384 543 scd
399 518 513 543 aurium.
526 516 663 548 Quomodo
676 517 746 542 enim
762 521 847 543 vester
858 518 946 542 six-‘tta
961 518 1009 542 Ata

222 555 304 581 favius
318 559 365 584 est.
383 555 432 580 nisi
449 553 510 587 suga
527 554 626 580 litterae
641 554 781 580 vastioris?
800 562 879 588 quam
896 553 1008 579 litteram
1030 541 1031 566 l

220 594 296 618 ctiam
316 602 329 617 e
348 593 463 617 mamillis
481 596 506 617 et
524 593 625 617 tua-illis
639 595 663 617 ct
678 593 772 616 vexillo
785 596 810 617 ct
822 592 924 624 prixillo
946 599 1009 616 con·
1030 569 1032 630 l

220 629 333 655 suetudo
347 628 452 663 elegans
468 629 552 654 Latini
567 629 696 654 sermonis
711 628 810 654 evellit.
839 629 895 654 ⁴5⁴.
912 628 1010 654 Liben-
1030 635 1032 682 y

221 671 258 692 ter
276 666 353 692 etiam
373 665 522 700 copulando
537 666 614 691 verba
629 666 782 701 iungebant,
800 670 828 691 ut
841 668 913 691 sodes
927 673 974 699 pro
986 667 1010 690 si
1030 691 1032 703 ‚

219 705 309 733 audes,
333 706 370 729 sis
392 711 439 737 pro
459 706 482 729 si
500 706 545 729 vis.
580 704 633 729 lum
652 703 678 729 in
698 711 751 729 uno
769 705 853 735 capsis
867 703 914 728 tria
930 702 1008 728 verba
1030 709 1031 731 ι

219 744 291 766 sunt.
313 741 368 766 Ain·
384 748 431 774 pro
443 743 523 769 aisne,
538 743 644 774 nequire
658 749 704 774 pro
717 749 767 765 non
781 743 861 773 quire,
877 741 952 765 multe
962 747 1009 774 pro

219 779 300 810 maqia
320 778 391 807 vella,
415 779 481 803 nolle
499 786 546 812 pro
563 786 613 803 non
630 779 700 807 velte,
720 779 778 802 dein
796 777 874 803 etiam
893 785 971 811 saepe
985 780 1010 802 et

219 817 280 840 exin
294 822 341 849 pro
354 817 443 840 deinde
461 819 486 840 et
499 817 591 840 exinde
604 814 727 840 dicimus.
760 814 850 846 Quid?
874 813 941 840 illud
957 822 1008 839 non

219 851 271 878 olet
289 851 360 877 unde
377 852 421 881 sit,
449 851 520 886 quod
534 851 632 878 dicitur
645 861 701 878 cum
715 853 774 881 iltis,
791 861 846 877 cum
861 856 948 877 autcm
964 859 1009 876 no-
1037 873 1039 880 Α

219 890 257 914 bis
276 897 326 915 non
345 888 451 920 dicitur,
472 888 518 914 sed
533 888 681 915 nobiseum?
704 889 766 923 quia
781 889 802 914 si
819 889 852 914 ita
866 888 1006 917 diceretur,
1030 898 1039 914 ι,

219 925 361 952 obscenius
378 931 563 952 concurrerent
582 925 690 957 litterae,
711 930 739 952 ut
757 927 835 952 ctiam
855 925 941 956 modo,
958 925 1009 951 nisi

218 967 303 989 autem
320 963 548 998 interposuissem,
569 964 773 989 concurrissent.
807 963 846 989 Ex
861 971 892 989 eo
904 967 945 989 est
958 971 1010 988 mc-

220 1008 276 1026 cum
294 1004 319 1026 et
337 1005 425 1031 tecum,
445 1009 496 1027 non
516 1009 572 1026 cum
585 1009 623 1026 me
636 1005 661 1026 et
675 1009 731 1026 cum
745 1005 775 1030 te,
797 1005 825 1026 ut
838 1005 908 1026 esset
920 1000 1009 1026 simile

219 1036 273 1063 illis
286 1039 458 1068 vobiscum,ac
472 1039 609 1064 nobiscum.
632 1038 722 1064 XLVI.
736 1039 790 1064 ⁴55.
806 1038 892 1072 Atque
903 1038 980 1064 etiam
995 1046 1009 1063 a
1030 1045 1032 1059 r

190 1086 194 1093 ·
218 1074 381 1108 quibusdam
400 1083 458 1102 sero
476 1075 527 1101 iam
546 1075 702 1101 emendatur
715 1075 868 1110 antiquitas,
883 1075 931 1110 qui
946 1075 1009 1101 haec

219 1111 425 1146 reprehendunt.
474 1113 539 1138 Nam
567 1121 615 1147 pro
636 1114 708 1138 deum
731 1117 807 1146 atque
828 1114 956 1138 hominum
978 1114 1009 1145 fi-

218 1151 282 1178 dem,
297 1164 333 1168 —
346 1152 449 1175 deorum
463 1150 546 1176 aiunt.
572 1150 609 1176 Ita
623 1150 710 1181 credo,
724 1149 772 1176 hoc
786 1148 824 1175 illi
841 1149 1006 1176 nesciebant:

219 1195 251 1212 an
273 1186 352 1212 dabat
374 1186 441 1213 hanc
463 1186 596 1213 licentiam
618 1186 801 1213 consuetudo?
832 1187 923 1221 Itaque
937 1187 1007 1213 idem

219 1228 302 1258 poeta,
318 1224 365 1258 qui
380 1224 533 1250 inusitatius
547 1228 724 1250 contraxerat:

256 1276 290 1280 -
315 1276 352 1280 -
374 1264 459 1294 patris
472 1264 528 1291 mei,
543 1270 623 1287 meum
636 1264 740 1295 sactum,
753 1263 839 1295 pudet,

218 1306 265 1332 pro
287 1307 398 1324 meorum
419 1301 558 1332 sactorum:
584 1303 609 1324 et
634 1299 754 1325 Texitur:
780 1301 888 1325 exitium
901 1307 1008 1324 examen
1029 1303 1031 1317 ³

219 1338 296 1368 rapit,
321 1343 369 1370 pro
391 1338 538 1366 exitiorum,
554 1350 591 1355 —
613 1344 664 1362 non
683 1335 747 1362 dicit
762 1337 876 1366 liberum,
889 1339 918 1361 ιιι
928 1335 1009 1370 pleri·
1029 1329 1031 1339 “

217 1380 270 1406 que
289 1371 433 1407 loquimur,
449 1381 534 1407 quum
554 1375 658 1405 cupidos
672 1374 786 1404 liberum,
801 1377 847 1399 aut
860 1375 886 1398 in
901 1374 1008 1398 liberum

218 1411 272 1436 loco
285 1409 409 1441 dicimus,
426 1410 481 1441 sed,
499 1414 527 1436 ut
540 1410 584 1436 isti
599 1409 704 1436 volunt:

256 1447 340 1481 Ne'que
354 1452 423 1473 tuum
437 1456 557 1481 umquam
571 1449 598 1473 in
610 1449 734 1481 yre‘mium
746 1448 857 1473 extollas
871 1448 1009 1473 liberorum

705 1493 739 1510 ea:
753 1487 777 1510 ω’
787 1485 879 1518 yenus!

216 1525 242 1546 et
255 1520 340 1547 idem:

254 1558 369 1591 Namque
382 1559 518 1591 Aesculapi
532 1560 669 1585 liberorum
682 1573 719 1578 —-

217 1595 250 1620 At
263 1594 309 1621 ille
323 1594 388 1622 alter
402 1595 428 1621 in
443 1595 544 1631 Chryse
558 1604 610 1622 non
624 1595 725 1622 solum:

256 1631 335 1663 Cives,
351 1635 453 1666 antiqui
465 1635 544 1659 amici
558 1635 683 1659 maiorum
696 1641 786 1663 meum,
802 1647 839 1652 —

216 1668 288 1704 quod
301 1673 356 1695 erat
368 1670 506 1700 usitatum,
523 1669 570 1696 sed
583 1669 678 1696 durius
692 1670 785 1696 etiam:

253 1721 289 1725 —
303 1708 444 1736 consilium,
456 1709 685 1741 auquriam,ntque
697 1711 785 1733 extum
797 1709 955 1740 interpretes,
970 1721 1008 1725 —

217 1743 343 1778 idemque
356 1743 456 1779 pergit:

255 1781 389 1814 Postquam
399 1782 546 1814 prodiyittm
560 1782 722 1814 horriferum,
736 1783 880 1812 portentum
891 1788 988 1813 pavor:

216 1825 284 1852 quae
302 1826 354 1843 non
367 1826 431 1844 sane
444 1822 507 1844 sunt
521 1818 548 1844 in
562 1818 688 1844 omnibus
703 1817 804 1844 neutris
818 1817 924 1843 usitata.
953 1818 1006 1843 Nec

216 1855 286 1880 enim
301 1854 414 1881 dixerim
430 1859 482 1880 tam
497 1854 610 1881 libenter
623 1863 723 1880 armum
738 1857 874 1880 iudicium:
899 1855 948 1880 etsi
967 1858 1007 1880 est

215 1891 286 1926 apud
300 1891 438 1918 eumdem:

253 1929 355 1954 Nihilne
367 1931 402 1955 ad
416 1933 438 1954 te
451 1931 481 1954 de
494 1930 590 1955 iudicio
603 1937 703 1954 armum
716 1927 831 1955 accidit?

215 1974 296 2000 quam
310 1966 481 1992 contrariam:
505 1966 562 1992 ⁴56.
577 1965 617 2001 (ut
630 1966 764 1992 censoriae
774 1964 879 1992 tabulae
891 1964 1007 2000 loquun-

214 2002 268 2037 tur)
285 2004 395 2036 sabrum,
415 2007 440 2029 et
451 2011 566 2035 procum,
585 2002 670 2029 audeo
687 2003 784 2033 dicere,
804 2011 855 2029 non
873 2004 1007 2035 fabrorum

214 2044 240 2066 et
251 2048 395 2073 procorum.
427 2039 562 2074 Planeque
575 2042 683 2066 duorum
696 2042 811 2066 virorum
825 2042 947 2065 iudicium
961 2044 1006 2066 aut

215 2079 407 2103 triumvirorum
431 2078 581 2110 capitalium
603 2081 648 2103 aut
673 2079 873 2103 decemvirorum
894 2079 1006 2103 stlitibus
1026 2075 1029 2096 ¹

214 2115 361 2140 iudicandis
381 2113 441 2140 dico
460 2122 617 2149 numquam.
652 2114 734 2149 Atqui
747 2114 817 2140 dixit
829 2114 939 2140 Accius:

255 2151 330 2177 Video*
342 2153 460 2184 sepulcra
474 2154 525 2178 duo
537 2154 645 2177 (tuorum
659 2159 801 2184 corporum.

214 2262 280 2297 lig0;
295 2262 343 2288 sed
352 2262 417 2289 alias
428 2263 463 2289 ita
477 2262 579 2297 loquor,
595 2267 625 2289 ut
632 2271 788 2289 concessum
803 2267 850 2293 est,
863 2267 893 2288 ut
903 2262 952 2288 hoc
962 2261 1004 2288 vel

210 2308 260 2332 pro
277 2302 350 2325 deum
367 2299 427 2326 dico
448 2299 490 2326 vel
508 2309 556 2333 pro
573 2303 685 2331 deorum,
701 2299 776 2330 alias,
790 2305 819 2325 ut
833 2307 940 2326 necesse
953 2304 1002 2330 est,

213 2345 297 2371 quum
310 2339 387 2362 trium
396 2339 487 2367 virum,
499 2346 551 2363 non
558 2340 680 2367 virorum,
691 2345 776 2371 quum
783 2339 925 2363 sestertium
932 2345 1005 2362 rium-

213 2383 287 2406 mum,
301 2382 351 2400 non
358 2383 530 2400 nummorum:
544 2373 868 2409 quodinhisconsuetudo
875 2374 946 2400 varia
953 2382 1003 2400 non

213 2415 260 2436 est.
295 2410 398 2437 XLVII.
420 2412 477 2437 ⁴57.
497 2411 577 2443 Quid,
597 2411 670 2446 quod
687 2411 726 2437 sic
741 2410 822 2446 loqui,
838 2419 919 2441 nosse,
935 2413 1005 2436 iadi-

214 2456 283 2473 cosse
297 2452 394 2478 vetant,
410 2451 508 2474 novisse
521 2448 615 2474 iubent
628 2452 654 2474 et
667 2447 840 2474 iudicavisse?
852 2448 930 2483 quasi
941 2455 1004 2474 vero

213 2484 363 2510 nesciamus
377 2485 404 2511 in
418 2485 467 2511 hoc
480 2494 577 2520 genere
591 2490 616 2511 et
630 2485 739 2520 plenum
754 2485 866 2511 verbum
879 2489 949 2510 recte
962 2484 1004 2510 di-

212 2521 236 2546 ci
250 2525 275 2546 et
288 2521 462 2548 imminutum
476 2523 581 2548 usitate.
596 2523 687 2557 Itaque
701 2527 846 2556 utrumque
853 2522 1001 2552 Terentius,

251 2557 311 2587 Eho,
327 2561 353 2584 tii
369 2564 502 2592 comiatum
517 2563 585 2586 tuum
601 2568 651 2585 uon
664 2559 762 2585 noras?
774 2574 811 2578 —
824 2574 861 2578 —

212 2593 273 2619 Post
286 2593 357 2620 idem

412 2647 448 2651 —
473 2633 636 2666 Stilphonem.
651 2636 764 2666 inquam,
779 2632 905 2658 noveras?

211 2667 265 2694 Siet
279 2667 388 2702 plenum
403 2674 451 2699 est,
467 2673 500 2696 sit
513 2670 700 2701 imminutum;
725 2669 785 2696 licet
795 2674 868 2696 utare
877 2673 1000 2703 utroque.

214 2188 349 2223 Idemque,
1026 2146 1036 2208 ll

250 2240 287 2244 —
298 2226 394 2252 Mulier
406 2234 459 2251 una
471 2228 549 2252 duum
563 2228 655 2252 ciram.
677 2224 748 2257 Quid
762 2233 856 2251 verum
870 2226 912 2254 sit,
928 2225 1006 2251 intel—

1060 483 1084 504 ct
1105 479 1133 504 ln
1152 480 1250 511 templu
1268 480 1345 504 isdem
1363 478 1493 513 probavit.
1527 480 1561 505 At
1573 483 1663 505 etatem
1677 484 1732 506 erat
1746 480 1845 506 verius.

1036 516 1039 541 2
1061 524 1107 542 nec
1118 515 1479 550 tamencmtem,utopimius.
1496 515 1782 547 Malesonabatmdem
1797 518 1848 543 im-

1036 548 1039 601 i
1061 557 1191 587 peti-atum
1213 557 1253 579 est
1275 561 1288 578 a
1311 552 1517 583 consuetudine,
1538 558 1566 579 ut
1585 562 1691 588 peccare
1708 554 1847 580 suavitati·

1060 598 1153 616 caussa
1169 590 1266 616 liceret.
1289 590 1320 616 Et
1333 592 1522 623 pomeridianm
1535 592 1676 624 quadriqae
1688 599 1768 626 quam
1777 595 1848 624 pont-

1060 630 1217 653 meridianas
1236 627 1362 653 libentius
1379 627 1492 653 dixerim
1511 632 1537 653 et
1550 629 1689 653 mehercule
1701 636 1782 663 quam
1796 636 1847 654 mo-

1036 661 1039 694 ἶ
1060 666 1180 690 hercules.
1216 665 1271 690 Non
1285 667 1351 690 scire
1372 664 1481 699 quidem
1501 664 1642 691 barbarum
1661 665 1712 691 iam
1728 664 1845 696 videtur;

1060 704 1157 727 nescire
1170 701 1286 727 dulcius.
1313 702 1403 736 Ipsum
1418 705 1555 731 meridiem,
1570 710 1618 727 cur
1633 710 1683 728 non
1697 700 1848 728 medidiem?

1059 738 1146 769 credo.
1162 738 1233 773 quod
1247 743 1302 764 erat
1316 739 1465 765 insuavius.
1493 741 1550 765 ⁴58.
1566 739 1621 765 Una
1636 739 1796 774 praepositio
1807 743 1848 765 est

1030 780 1031 786 ¹
1060 784 1102 801 ns
1125 784 1208 810 eaque
1229 784 1300 802 nunc
1319 780 1421 802 tantum
1435 776 1462 802 in
1476 777 1575 811 accepti
1590 776 1688 802 tabulis
1702 780 1798 807 manet,
1815 784 1847 802 ne

1030 819 1031 838 ῐ
1061 812 1102 838 his
1115 812 1224 847 quidem
1238 813 1372 839 omnium:
1395 813 1422 839 in
1437 813 1540 848 reliquo
1553 822 1673 839 sermone
1688 817 1786 840 mutata
1796 817 1846 839 eat.

1061 850 1126 876 Nam
1145 852 1239 875 amovit
1257 849 1373 876 dicimus
1390 855 1415 876 et
1428 852 1511 884 abeyit
1524 856 1549 877 et
1563 852 1676 881 abstulit,
1693 855 1722 877 ut
1736 852 1787 877 iam
1801 858 1848 877 ne-

1060 887 1137 917 scias,
1153 895 1204 912 one
1219 895 1312 913 verum
1327 887 1361 913 sit
1374 896 1406 913 an
1420 889 1453 913 ab
1465 888 1485 918 ⁸,
1505 897 1537 914 an
1551 889 1603 913 aba.
1636 887 1716 919 Quid,
1732 888 1755 914 si
1768 888 1847 914 etiam

1059 925 1158 957 absuqit
1173 928 1249 958 turpe
1263 924 1352 950 visum
1366 928 1405 950 est
1419 929 1444 950 et
1456 927 1528 958 obser
1541 925 1691 955 noluerunt,
1707 927 1782 958 aufer
1792 933 1848 951 ma-

1061 960 1185 987 luerunt?
1215 969 1284 996 quae
1307 962 1466 996 praepositio
1488 967 1590 996 praeter
1612 962 1675 988 haec
1696 961 1751 988 duo
1767 961 1847 988 verba

1061 998 1135 1024 nullo
1156 997 1208 1025 alio
1225 999 1252 1024 in
1271 998 1352 1025 verbo
1369 999 1508 1033 reperitur.
1543 999 1604 1025 Noti
1620 1004 1694 1025 erant
1711 1003 1737 1025 et
1749 1001 1810 1025 novi
1823 1003 1849 1024 et

1060 1038 1128 1065 nari,
1143 1036 1244 1070 quibus
1257 1044 1342 1070 quum
1357 1045 1380 1062 u«
1393 1037 1518 1071 praeponi
1532 1041 1670 1071 oporteret,
1685 1035 1794 1062 dulcius
1807 1036 1848 1062 vi-

1059 1081 1120 1099 sum
1135 1078 1174 1098 est
1189 1075 1276 1106 innoti,
1292 1076 1386 1106 iynavi,
1402 1076 1488 1106 iynari
1501 1073 1597 1103 dicere,
1612 1082 1693 1108 quam
1708 1078 1737 1099 ut
1751 1073 1848 1099 veritas

1059 1109 1217 1144 postulabat.
1241 1110 1284 1136 Ex
1299 1119 1345 1136 usa
1359 1110 1451 1137 dicunt
1464 1115 1489 1137 et
1502 1119 1515 1136 e
1528 1113 1668 1144 republica,
1682 1109 1754 1146 quod
1768 1110 1796 1136 in
1809 1109 1849 1136 al-

1060 1152 1114 1173 tero
1133 1146 1231 1173 vocalis
1249 1147 1406 1182 excipiebat,
1426 1148 1453 1174 in
1467 1147 1547 1174 altero
1561 1152 1630 1174 esset
1643 1148 1779 1182 asperitas,
1795 1147 1846 1174 nisi

1060 1183 1172 1210 litteram
1191 1184 1363 1211 sustulisses:
1393 1189 1429 1215 ut,
1445 1187 1537 1218 exeyit,
1552 1187 1647 1215 edixit.
1669 1187 1764 1218 refecit,
1777 1189 1848 1211 retu·

1060 1223 1097 1251 Iit,
1113 1224 1232 1247 reddidit.
1253 1221 1379 1248 Adiuncti
1394 1222 1468 1248 verbi
1483 1223 1595 1257 primam
1611 1222 1722 1248 litteram
1737 1229 1849 1256 praepo-

1059 1259 1120 1285 sitio
1138 1259 1343 1285 communicavit
1356 1259 1376 1290 ‘,
1397 1264 1426 1285 ut
1443 1262 1557 1293 suffaqit.
1575 1261 1748 1289 summutavit,
1762 1263 1848 1285 mtu-

1029 1285 1031 1302 ²
1060 1297 1096 1321 m.
1118 1296 1232 1322 xiviu.
1250 1297 1306 1322 ⁴59.
1321 1295 1392 1328 Quid
1406 1297 1432 1323 in
1446 1296 1535 1322 verbis
1549 1295 1666 1323 iunctis?
1688 1304 1770 1331 quam
1783 1296 1848 1322 scite

1060 1335 1224 1366 insipientem.
1240 1341 1292 1359 non
1306 1336 1484 1367 insomnium,-
1498 1336 1621 1367 iniquum,
1633 1341 1684 1360 non
1699 1336 1848 1366 inaeqaum:

1060 1372 1196 1403 tricipitem
1215 1379 1266 1396 non
1290 1373 1447 1404 tricopitem;
1466 1373 1602 1401 concisum,
1618 1379 1670 1397 non
1687 1370 1849 1396 cotteanum!

1059 1407 1099 1433 Ex
1116 1415 1170 1442 quo
1188 1407 1297 1441 quidam
1314 1411 1438 1440 pertisum
1455 1408 1534 1434 etiam
1549 1407 1650 1438 volunt,
1670 1407 1742 1442 quod
1755 1406 1847 1433 eadem

1058 1445 1223 1471 consuetudo
1236 1453 1288 1470 non
1302 1445 1432 1479 probavit.
1466 1444 1536 1477 Quid
1551 1453 1613 1472 vero
1626 1445 1675 1472 hoc
1688 1444 1845 1480 elegantius,

1058 1481 1130 1516 quod
1150 1490 1201 1508 non
1220 1481 1248 1508 fit
1266 1487 1367 1513 natura,
1387 1482 1435 1508 sed
1448 1482 1564 1517 quodam
1578 1481 1720 1509 instituto?
1745 1482 1849 1508 inclitus

1058 1519 1175 1545 dicimus
1193 1519 1267 1545 brevi
1285 1519 1371 1554 prima
1389 1519 1484 1551 littera.
1501 1522 1608 1546 insanus
1619 1519 1755 1554 producta,
1772 1519 1848 1544 inhu—

1058 1565 1149 1582 manus
1162 1556 1246 1587 brevi,
1262 1558 1355 1590 infelix
1369 1556 1456 1592 longa.
1489 1557 1531 1587 Et,
1548 1565 1580 1583 ne
1594 1556 1695 1587 multis,
1707 1556 1809 1591 quibus
1819 1555 1847 1582 in

1059 1593 1148 1619 verbis
1161 1601 1207 1619 eae
1221 1594 1321 1627 primae
1336 1593 1436 1620 litterae
1449 1597 1521 1624 sunt,
1529 1602 1598 1629 quae
1607 1594 1635 1620 in
1644 1596 1758 1626 sapiente
1767 1597 1847 1628 atque

1057 1632 1138 1664 selice,
1157 1630 1285 1665 producte
1299 1630 1397 1657 dicitur
1409 1630 1471 1663 in‘3
1499 1631 1527 1657 in
1539 1631 1634 1657 ceteris
1647 1630 1774 1657 omuibus
1787 1630 1848 1656 bre-

1059 1667 1134 1693 viter⁴
1168 1668 1288 1702 Itemque
1302 1670 1449 1701 composuit,
1465 1671 1600 1698 consuevit,
1616 1670 1771 1701 concrepuit,
1786 1675 1847 1693 ton-

1057 1707 1132 1738 secit:
1145 1704 1255 1731 consule
1269 1705 1416 1733 veritatem,
1431 1704 1618 1740 reprehendet:
1634 1704 1702 1731 refer
1715 1704 1748 1731 ad
1758 1712 1845 1734 aures,

1058 1741 1218 1776 probabunt.
1244 1741 1355 1774 Quaere,
1371 1741 1436 1768 cur?
1454 1743 1490 1768 ita
1504 1750 1532 1768 se
1545 1742 1634 1769 dicent
1648 1743 1744 1768 iuvari.
1765 1740 1847 1768 Volu-

1058 1779 1122 1813 ptati
1136 1783 1224 1805 autem
1235 1779 1340 1805 aurium
1351 1779 1503 1815 morigerari
1514 1779 1594 1806 debet
1602 1780 1694 1806 oratio.
1712 1778 1846 1811 ⁴60.Quin

1058 1824 1106 1851 ego
1129 1816 1195 1850 ipse,
1219 1824 1305 1851 quum
1323 1817 1418 1843 scirem
1436 1817 1471 1843 ita
1488 1817 1601 1842 maiores
1619 1816 1720 1843 locutos
1733 1823 1801 1846 esse,
1817 1820 1847 1842 ut

1058 1861 1201 1888 nusquam,
1217 1854 1268 1880 nisi
1283 1853 1310 1880 in
1324 1853 1418 1884 vocali,
1431 1854 1590 1888 aspiratione
1599 1858 1744 1883 uterentur,
1753 1853 1847 1887 loque-

1057 1890 1105 1917 bar
1127 1891 1174 1921 sic,
1201 1894 1230 1916 ut
1249 1892 1362 1923 pulcros,
1384 1890 1492 1924 Ceteqos,
1512 1893 1643 1924 triurnpos,
1662 1891 1846 1923 Karthaginem

1057 1928 1186 1959 dicerem;
1217 1927 1372 1962 aliquando,
1396 1927 1478 1962 idque
1499 1936 1570 1959 sero,
1598 1928 1718 1954 convicio
1739 1927 1846 1954 aurium

1056 1973 1142 2000 quum
1156 1969 1256 1991 extorta
1270 1965 1336 1991 mihi
1351 1965 1448 1991 veritas
1461 1969 1539 1995 esset,
1561 1973 1640 1991 usum
1659 1964 1785 2000 loquendi
1798 1972 1846 1999 po-

1057 2002 1121 2037 pulo
1142 2002 1274 2031 concessi,
1297 2002 1435 2028 scientiam
1457 2002 1524 2028 mihi
1551 2002 1695 2028 reservavi.
1730 2001 1847 2028 Orcivios

1056 2044 1143 2065 tamen
1161 2043 1187 2065 et
1204 2039 1327 2070 Matones,
1347 2039 1447 2069 Otones,
1469 2039 1612 2072 Caepiones,
1630 2040 1757 2072 sepulcra,
1772 2047 1846 2065 coro-

1055 2085 1111 2106 nas,
1137 2078 1266 2109 lacrymas
1287 2076 1412 2107 dicimus,
1436 2077 1500 2111 quia
1522 2084 1570 2111 per
1590 2077 1696 2102 aurium
1713 2075 1845 2102 iudicium

1056 2122 1162 2148 semper
1183 2113 1253 2140 licet.
1294 2114 1407 2140 Burrum
1430 2122 1536 2148 semper
1555 2113 1672 2144 Ennius,
1697 2121 1844 2148 numquam

1056 2151 1195 2184 Pyrrum,-
1217 2153 1245 2177 ιη’
1253 2153 1427 2185 patefecerunt
1440 2151 1545 2184 Bruges,
1561 2159 1613 2177 non
1627 2151 1744 2183 Phryges,
1758 2150 1845 2185 ipsius

1056 2188 1159 2222 antiqui
1181 2187 1314 2214 declarant
1336 2187 1412 2214 libri:
1439 2196 1487 2214 nec
1504 2188 1575 2214 enim
1590 2187 1717 2214 Graecam
1731 2186 1844 2214 litteram

1055 2225 1226 2256 adhibebant,
1243 2233 1314 2251 nunc
1328 2229 1416 2251 autem
1431 2225 1510 2251 etiam
1523 2224 1605 2257 duas;
1626 2229 1652 2250 et
1664 2232 1750 2259 quum
1764 2225 1845 2258 Phry-

1055 2271 1114 2296 9um
1127 2267 1152 2288 et
1167 2260 1273 2298 [quum]
1292 2263 1434 2295 Phryyibus
1446 2261 1589 2288 dicendum
1603 2266 1680 2292 esset,
1695 2261 1844 2288 absurdum

1055 2304 1110 2326 erat
1131 2305 1177 2325 aut
1199 2304 1301 2326 tantum
1324 2299 1443 2325 barbaris
1464 2299 1572 2325 casibus
1585 2299 1712 2325 Graecam
1730 2298 1843 2325 litteram

1055 2336 1182 2363 adhibere
1195 2341 1242 2363 aut
1255 2341 1325 2363 recto
1338 2344 1402 2362 casu
1415 2335 1504 2363 solum
1517 2335 1616 2362 Graece
1630 2335 1712 2370 loqui,
1721 2340 1808 2362 tamen
1819 2340 1845 2362 et

1056 2374 1165 2407 Phryges
1178 2378 1204 2400 et
1214 2375 1338 2407 Pyrrhum
1347 2373 1453 2399 aurium
1463 2381 1557 2399 caussa
1566 2372 1691 2399 dicimus.
1709 2374 1752 2399 ⁴6⁴
1760 2393 1766 2398 .
1773 2371 1843 2405 Quin

1055 2411 1143 2441 etiam,
1169 2411 1241 2446 quod
1262 2411 1315 2437 iam
1339 2410 1522 2436 subrusticum
1540 2409 1653 2439 videtur,
1673 2409 1738 2436 olim
1755 2414 1843 2436 autem

1055 2447 1173 2482 politius,
1189 2456 1281 2474 eorum
1295 2447 1447 2478 verborum,
1459 2455 1573 2481 quorum
1588 2446 1696 2473 eaedem
1710 2451 1784 2473 erant
1795 2455 1844 2481 po-

1054 2489 1167 2511 stremae
1184 2485 1253 2511 duae
1271 2484 1380 2514 litterae,
1400 2492 1469 2519 quae
1485 2488 1548 2509 sunt
1561 2484 1588 2510 in
1602 2489 1727 2517 optumas,
1741 2489 1844 2518 postre-

1055 2530 1125 2548 mam
1140 2521 1253 2548 litteram
1266 2521 1446 2551 detrahebant,
1462 2521 1514 2546 nisi
1528 2521 1627 2547 vocalis
1641 2520 1840 2556 insequebatur.

1053 2559 1091 2585 na
1113 2567 1165 2585 non
1183 2564 1238 2585 erat
1255 2567 1285 2585 ea
1303 2558 1413 2585 offensio
1429 2558 1457 2584 in
1471 2558 1604 2585 versibus.
1619 2566 1700 2592 quam
1714 2566 1785 2584 nunc
1799 2557 1844 2584 fu—

1052 2596 1131 2631 giunt
1152 2600 1244 2630 poetae
1265 2596 1338 2622 novi.
1371 2595 1408 2621 Ita
1421 2594 1493 2620 enim
1507 2593 1719 2629 loquebantur⁸1
1742 2595 1794 2626 Qm·
1806 2600 1843 2621 est

1053 2634 1161 2658 omnibu'
1173 2635 1302 2666 princeps,
1319 2640 1381 2662 non,
1396 2633 1511 2657 omnibus
1521 2635 1649 2665 princeps.
1664 2636 1703 2658 et:
1725 2632 1781 2658 Vua
1793 2633 1842 2658 uta

1052 2671 1138 2702 diqnu'
1153 2671 1263 2703 locoque,
1279 2677 1340 2700 non,
1355 2671 1454 2702 diynus.
1483 2667 1560 2700 Quod
1571 2669 1595 2695 si
1613 2668 1717 2695 indocta
1729 2676 1843 2696 eonsue-
