1941 3052
196 146 242 170 κῖϋ

197 216 260 240 inwa-
280 220 351 240 aunt.
394 214 458 240 Vida—
479 221 562 242 nunc,
582 221 650 247 qun«-
665 212 718 238 sint
736 213 760 238 in
782 213 872 238 altera.
914 211 986 237 Niliil

196 257 284 278 iii-tum
301 257 339 277 mi
355 261 367 275 a
386 251 509 284 Pompeio
526 255 614 275 nostro
625 250 771 283 supienter,
790 248 857 275 niliil
871 247 983 280 sortitur,

196 289 264 314 addo
277 290 368 314 vuum.
388 287 454 313 niliil
472 287 522 312 nisi
535 291 622 312 contra
635 286 777 312 vonsilium
790 286 986 311 mirum-itatem-

196 335 248 360 que
266 334 360 350 meam.
401 324 500 349 (linitio
517 323 559 348 illu
578 327 678 353 vetera,
696 323 767 357 quod
781 323 861 349 istum
879 323 903 348 in
917 331 986 348 rem-

198 362 332 397 publicam
351 360 394 386 ille
408 360 486 390 aluit,
501 361 588 390 auxit,
607 360 732 391 armavit3
767 359 810 386 ille
824 359 929 392 legibus
941 368 987 393 per

199 400 252 424 vim
277 403 301 424 ct
318 402 406 423 contra
423 398 542 431 auspicia
560 397 676 423 ferendis
692 401 795 428 θυι-1οη
828 396 872 423 ille
884 396 986 422 Galliae

197 436 329 461 ulterioris
351 434 501 465 adiunctor3
535 434 578 460 ille
598 443 692 467 gener,
726 434 770 460 ille
791 435 817 460 in
838 433 987 468 adoptando

198 474 224 498 1¹.
241 472 332 497 Clodio
345 480 442 505 augum
468 471 512 497 ille
525 471 681 497 restitns-ndi
697 472 763 502 mci,
776 480 857 506 quam
871 471 987 497 retinen-

197 510 223 535 ‹li
244 508 401 540 studiosior,
423 508 467 534 illc
478 509 631 543 provinciae
644 513 813 543 propagaton
833 508 878 534 illc
890 508 987 534 absen-

197 548 230 573 tis
244 547 268 572 in
281 546 408 571 omnibus
422 545 539 578 adiutor;
571 545 641 571 idem
654 547 733 571 etiam
749 546 824 572 tertio
835 545 984 575 consulatu.

198 588 338 618 postquam
359 591 417 608 esse
436 582 560 608 defensor
579 582 742 617 reipublicae
761 583 861 617 coepit,
878 587 987 609 eonten-

196 621 248 650 dit,
267 625 295 646 ut
310 620 401 646 ‹let-ein
419 620 519 646 tribuni
536 619 623 654 plebis
643 619 753 650 ferrent,
773 624 801 646 ut
815 620 934 646 absentis
946 628 987 645 ra-

197 659 232 684 tio
254 657 407 689 baberetur,
440 657 511 691 quod
534 657 603 683 idem
621 657 677 692 ipse
693 658 782 683 sanxit
798 657 854 692 lege
870 656 986 691 quadam

196 703 258 724 sua,
278 695 418 729 Marcoque
435 694 558 720 Marcello
574 694 692 724 consuli,
717 694 818 720 finienti
839 694 986 729 provinciis

196 731 292 758 Galliis
304 731 482 757 Kalendarum
494 732 646 758 Martiarum
658 731 740 762 (lieni,
754 731 859 757 restitit.
889 730 987 760 Sed,ut

198 769 261 795 liaeo
272 769 401 799 omittam,
415 768 481 803 quid
495 768 607 799 foedius,
621 769 687 803 quid
700 769 880 803 perturbatius
893 768 941 794 boc
953 767 986 793 ab

196 806 265 833 Urbe
277 805 408 837 discessu,
421 806 479 832 sive
491 806 741 840 potiusturpissima
750 805 830 841 fuga?
844 805 986 838 Quaecon-

196 843 263 869 ditio
274 852 324 869 non
336 843 491 878 accipienda
503 843 657 877 fuitpotius,
670 852 751 878 quam
759 842 932 878 relinquenda
940 851 987 877 pa-

197 880 264 907 tria‘?
284 880 367 906 Malae
377 880 544 906 conditiones
555 885 638 906 erant.
665 881 769 907 Fateor:
786 880 832 906 sed
845 889 907 906 num
920 879 986 914 qnid

198 917 247 944 hoc
255 917 350 952 peius?
371 919 394 944 4.
407 918 439 944 At
450 918 617 952 recuperabit
631 917 836 952 rempublicam.
858 916 988 949 Quando?

192 960 241 983 ,aut
256 954 322 989 quid
334 954 366 980 ad
378 963 435 980 eam
452 963 528 989 spem
543 954 691 989 estparati‘?
717 956 773 981 Non
793 964 855 990 ager
874 955 986 980 Picenus

197 991 332 1018 amissus?
353 1000 403 1018 non
416 991 576 1026 patefactum
589 992 676 1018 iterad
684 991 799 1018 Urbem?
815 991 985 1026 nonpecunia

195 1030 283 1055 omnis
294 1034 319 1055 et
330 1028 577 1064 publicaetprivata
585 1028 857 1056 adversariotradita?
868 1029 987 1063 Denique

195 1065 268 1092 nulla
280 1075 383 1097 caussa,
397 1066 486 1093 nullae
494 1067 572 1097 vires,
585 1066 658 1093 nulla
665 1067 984 1102 sedes,quoconcurrant,

195 1103 242 1138 qui
255 1103 449 1138 rempublicam
461 1103 598 1130 defensam
610 1104 703 1130 velint.
725 1103 822 1139 Apulia
829 1103 929 1129 delecta
936 1107 984 1133 est,

195 1141 354 1167 inanissima
374 1149 435 1175 pars
452 1141 540 1168 ltaliae
556 1146 582 1167 et
601 1141 634 1167 ab
651 1142 751 1176 impetu
768 1141 849 1167 liuius
864 1140 928 1166 belli
945 1148 987 1166 re-

195 1179 357 1204 motissima:
381 1177 444 1213 fuga
460 1183 485 1204 et
496 1179 628 1204 maritima
639 1179 823 1213 opportunitas
835 1178 892 1204 visa
904 1185 986 1212 quae-

195 1215 216 1241 ri
232 1215 427 1249 desperatione.
468 1216 552 1241 Invite
568 1216 626 1250 cepi
642 1215 774 1250 Capuam,
792 1223 843 1241 non
858 1223 912 1250 quo
926 1223 987 1240 rnu-

195 1260 245 1278 nus
257 1252 324 1278 illud
335 1251 501 1287 defugerem,
515 1252 561 1278 sed
573 1253 621 1284 sic,
634 1260 666 1279 ne
677 1261 810 1284 caussam,
823 1253 850 1278 in
861 1260 913 1287 qua
925 1251 987 1278 nul-

195 1289 237 1315 lus
257 1293 327 1315 esset
340 1289 475 1320 ordinum,
493 1289 585 1316 nullus
601 1294 708 1325 apertus
719 1291 884 1324 privatorum
896 1288 983 1315 dolor:

195 1326 325 1353 bonorum
346 1331 434 1353 autem
450 1331 520 1353 esset
549 1326 662 1362 aliquis,
679 1327 727 1353 sed
744 1327 840 1358 hebes,
856 1331 886 1353 ut
903 1325 982 1358 solet;

193 1368 219 1389 et
246 1368 275 1390 ut
289 1364 347 1398 ipse
362 1364 523 1390 sensissem:
545 1364 690 1391 multitudo
706 1369 731 1391 et
745 1364 855 1390 infimus
868 1364 985 1399 quisque

193 1409 343 1435 propensus
355 1401 381 1427 in
394 1400 502 1427 alteram
513 1406 626 1436 partem,
640 1401 718 1428 multi
730 1402 884 1428 mutationis
896 1409 985 1427 rerum

192 1437 296 1472 cupidi.
346 1439 371 1464 5.
398 1438 458 1465 Dixi
479 1439 540 1473 ipsi,
564 1447 606 1465 me
627 1439 696 1465 nihil
717 1444 906 1474 suscepturum
926 1439 985 1464 sine

193 1474 327 1509 praesidio
337 1480 363 1501 et
373 1475 431 1501 sine
443 1476 567 1510 pecunia.
598 1476 690 1511 Itaque
702 1475 784 1502 habui
797 1475 865 1503 nihil
877 1476 986 1502 omnino

193 1513 306 1547 negotii3
329 1512 401 1547 quod
416 1512 449 1539 ab
465 1513 542 1539 initio
558 1512 623 1545 vidi,
641 1513 709 1540 nihil
721 1514 815 1548 quaeri
825 1517 930 1548 praeter
943 1512 986 1539 fu-

192 1557 264 1585 gam.
304 1549 369 1576 Eam
385 1550 408 1575 si
424 1558 495 1576 nunc
506 1559 612 1585 sequor,
626 1550 762 1586 quonam?
781 1550 848 1577 Cum
860 1550 906 1577 illo
918 1558 984 1576 non:

192 1586 226 1613 ad
246 1594 327 1621 quem
343 1595 428 1621 quum
445 1595 532 1613 essem
547 1587 692 1622 profectus,
709 1588 824 1624 cognovi
836 1588 862 1614 in
875 1588 908 1614 iis
920 1587 985 1614 locis

192 1632 251 1650 esse
266 1623 415 1655 Caesarem,
433 1629 463 1651 ut
478 1629 533 1651 tuto
545 1625 684 1651 Luceriam
700 1626 791 1652 venire
803 1634 854 1652 non
866 1633 983 1659 possem.

193 1660 279 1687 Infero
300 1662 366 1687 mari
383 1661 474 1693 nobis,
493 1662 593 1688 incerto
602 1671 694 1693 cursu,
708 1662 797 1689 hieme
808 1662 926 1689 maxima
938 1669 986 1688 na-

192 1697 341 1733 vigandum
362 1703 410 1725 est.
450 1698 506 1734 Age
523 1699 585 1730 iam,
602 1698 765 1731 cumfratre,
783 1708 816 1726 an
827 1698 904 1726 sine?
922 1707 985 1725 cum

192 1734 256 1765 lilio,
274 1740 320 1761 aut
334 1735 485 1770 quomodo?
504 1737 533 1762 In
549 1741 662 1771 utraque
675 1737 748 1763 enim
759 1745 786 1763 re
796 1744 902 1763 summa
912 1735 986 1762 difli-

191 1771 277 1798 cultas
297 1773 356 1803 erit,
374 1781 497 1799 summus
512 1774 596 1800 animi
611 1773 694 1800 dolor.
735 1773 787 1806 Qui
798 1779 886 1801 autem
898 1773 986 1807 impe-

192 1814 234 1835 tus
256 1808 330 1835 illius
350 1810 401 1836 erit
420 1810 448 1836 in
468 1818 516 1836 nos
536 1810 660 1837 absentes
676 1810 849 1846 fortunasque
864 1808 985 1837 nostras?

192 1846 295 1877 Acrior,
315 1854 396 1881 quam
418 1847 445 1873 in
466 1851 627 1880 ceterorum;
654 1848 726 1883 quod
742 1848 847 1882 putabit
862 1848 980 1878 fortasse,

191 1883 218 1909 in
240 1883 318 1909 nobis
335 1883 467 1910 violandis
479 1883 582 1919 aliquid
596 1893 624 1911 se
636 1884 734 1911 habere
749 1885 886 1920 populare.
926 1885 982 1920 Age

191 1920 254 1949 iam,
272 1919 320 1945 has
330 1920 483 1955 compedes,
499 1920 594 1952 fasces,
607 1922 727 1956 inquam,
741 1921 789 1948 hos
802 1921 932 1949 laureatos
944 1922 984 1948 ef-

192 1956 260 1983 ferre
280 1965 314 1983 ex
328 1957 410 1988 Italia⁷
423 1966 505 1992 quam
517 1957 659 1984 molestum
671 1959 723 1985 est!
745 1958 797 1991 Qui
808 1964 896 1986 autem
909 1959 983 1986 locus

191 1994 242 2020 erit
262 1994 339 2020 nobis
355 1999 442 2025 tutus,
464 1996 504 2030 (ut
517 1996 570 2021 iam
586 1995 698 2030 placatis
713 2000 822 2022 utamur
835 1995 983 2033 fluctibus,)

191 2035 333 2065 antequam
350 2031 383 2057 ad
398 2031 476 2058 illum
488 2032 660 2059 venerimus?
680 2032 736 2065 Qua
751 2038 848 2064 autem,
863 2039 907 2061 aut
918 2043 981 2069 qu0,

191 2067 259 2094 nihil
271 2069 383 2094 scimus.
414 2070 439 2095 6.
456 2069 522 2096 Atsi
533 2070 662 2100 restitero,
676 2075 702 2096 et
713 2069 794 2097 fuerit
805 2071 883 2097 nobis
895 2072 921 2098 in
934 2071 983 2097 hac

190 2110 265 2140 parte
286 2105 369 2136 locus,
386 2105 459 2132 idem
475 2105 570 2138 fecero,
587 2107 660 2142 quod
672 2107 699 2133 in
711 2107 811 2134 Cinnae
822 2108 984 2135 dominatio-

191 2150 224 2168 ne
234 2142 386 2177 Philippus,
399 2143 471 2178 quod
482 2144 512 2170 L.
525 2143 645 2175 Flaccus,
659 2144 731 2179 quod
742 2144 773 2177 Q.
786 2145 902 2176 Mucius,
915 2154 983 2181 quo-

190 2187 244 2214 quo
265 2179 343 2205 modo
359 2188 388 2205 ea
399 2189 440 2206 res
453 2180 516 2207 huic
530 2181 641 2215 quidem
652 2181 761 2214 cecidit,
785 2184 833 2217 qui
844 2188 931 2209 tamen
947 2183 982 2210 ita

189 2216 278 2243 dicere
295 2216 409 2248 solebat,
427 2226 469 2249 se,
488 2217 515 2244 id
531 2218 596 2250 fore,
614 2218 714 2250 videre,
731 2219 804 2254 quod
819 2221 980 2252 factumest,

190 2253 238 2280 sed
254 2253 342 2285 malle,
361 2263 441 2289 quam
453 2260 585 2282 armatum
601 2256 634 2282 ad
645 2257 745 2291 patriae
757 2257 861 2283 moenia
871 2257 982 2284 accede-

190 2299 227 2317 re.
267 2290 351 2317 Aliter
375 2292 574 2328 Thrasybulus,
601 2298 626 2319 et
646 2292 756 2320 fortasse
778 2293 887 2320 melius.
927 2294 981 2321 Sed

189 2332 230 2354 est
248 2333 318 2354 certa
338 2328 470 2363 quaedam
493 2329 539 2356 illa
558 2330 641 2356 Mucii
657 2331 723 2357 ratio
738 2335 818 2366 atque
833 2333 978 2358 sententia:

189 2369 229 2391 est
244 2365 289 2391 illa
308 2366 388 2392 etiam
404 2366 580 2403 Thrasybuli3
604 2372 630 2394 et
644 2376 730 2403 quum
749 2368 785 2394 sit
798 2377 909 2395 necesse
923 2377 981 2395 ser—

190 2402 247 2428 vire
267 2404 381 2437 tempori
401 2408 426 2430 et
440 2413 493 2430 non
509 2405 630 2431 amittere
643 2409 763 2440 tempus,
781 2414 867 2440 quum
882 2407 917 2432 sit
932 2405 980 2432 da—

188 2443 255 2465 tum.
296 2439 350 2466 Sed
373 2440 401 2466 in
420 2440 470 2467 hoc
491 2441 550 2476 ipso
570 2441 670 2468 habent
689 2447 776 2468 tamen
793 2442 876 2469 iidem
894 2442 980 2469 fasces

189 2475 349 2503 molestiam.
389 2477 431 2504 Sit
443 2479 515 2504 enim
530 2478 609 2505 nobis
625 2479 742 2510 amicus,
759 2479 832 2514 quod
847 2480 979 2507 incertum

189 2517 241 2538 est:
273 2513 320 2539 sed
335 2514 382 2547 sit;
409 2514 511 2542 deferet
524 2516 704 2550 triumphum.
748 2516 806 2542 Non
824 2518 979 2552 acciperene

188 2549 370 2582 periculosum
390 2552 438 2582 sit,
460 2561 493 2578 an
509 2553 628 2587 accipere
648 2552 814 2579 invidiosum
829 2553 863 2580 ad
878 2553 980 2581 bonos?

188 2584 210 2611 Ο
221 2593 287 2626 rem,
295 2587 394 2621 inquis,
403 2588 542 2615 difficilem
553 2594 579 2616 et
589 2589 822 2624 inexplicabilem!
838 2591 920 2626 Atqui
930 2599 980 2617 ex-

188 2621 313 2656 plicanda
324 2628 373 2649 est.
394 2624 445 2656 Qui
459 2626 600 2653 enimvfleri
611 2626 715 2661 potest‘?
733 2627 772 2654 Ac
785 2635 817 2653 ne
831 2636 871 2654 me
883 2628 979 2654 existi-

189 2659 270 2685 maris
286 2659 318 2685 ad
333 2662 495 2689 manendum
511 2672 570 2691 esse
585 2664 796 2699 propensiorem,
813 2664 886 2700 quod
900 2664 978 2700 plura

768 141 1246 168 97.M.T.C11,·Eitsixis

1039 212 1064 237 in
1089 220 1146 237 eam
1162 217 1263 245 partem
1281 211 1360 237 verba
1377 210 1497 238 fecerim:
1523 217 1608 247 potest
1624 212 1693 242 fieri,
1711 212 1782 247 quod
1800 213 1828 239 fit

1040 249 1064 273 in
1082 247 1174 274 inulti-0
1185 249 1398 283 quaestionibus,
1421 254 1449 275 ut
1460 258 1501 275 res
1513 250 1650 275 verbosior
1662 250 1725 275 baec
1737 250 1825 278 fuerit,

1040 285 1082 310 illa
1105 286 1200 311 verior.
1239 286 1427 317 Quamobrem,
1451 292 1479 312 ut
1499 287 1658 313 maximade
1678 296 1718 313 re.
1742 295 1828 321 aequo

1039 323 1127 347 animo
1152 321 1326 353 ‹li-liberanti,
1355 323 1388 348 ita
1415 323 1481 349 milii
1502 323 1549 349 des
1569 324 1712 350 consilium
1736 323 1826 350 velim.

1040 359 1121 384 Navis
1133 364 1157 384 et
1170 359 1290 385 infinit-ta
1303 364 1342 385 est
1354 365 1442 394 parata
1455 360 1532 386 uobis
1542 361 1718 387 etBrundinii,
1741 362 1765 386 7.
1774 360 1827 386 Sed

1039 404 1099 421 ecce
1120 396 1216 426 nuntii,
1239 396 1372 422 scribente
1389 405 1430 422 me
1443 397 1506 422 liat-c
1523 398 1578 431 ipsa
1590 404 1667 424 noctu
1681 400 1706 424 in
1718 398 1825 426 Calc-no.

1038 441 1098 458 ecce
1121 433 1230 462 litterae,
1245 434 1383 459 Caesarem
1395 434 1428 459 ad
1439 434 1594 464 Corfinium,
1609 435 1752 461 Domitium
1764 435 1828 461 Cor·

1039 471 1095 496 tinii
1117 478 1178 496 cum
1194 470 1270 496 firmo
1289 471 1408 496 exercitu
1424 476 1449 497 et
1465 480 1584 506 pugnare
1595 473 1729 506 cupiente.
1770 472 1827 498 Non

1039 511 1103 541 puto
1123 508 1201 533 ctiam
1224 508 1272 533 lioc
1288 508 1405 534 Gnaeum
1422 514 1541 534 nostrum
1557 517 1779 537 commissurum,
1800 513 1829 535 ut

1039 545 1182 570 Domitium
1198 545 1344 579 relinquat:
1360 545 1589 571 etsiBrundisium
1603 546 1754 580 Scipionem
1765 554 1827 572 cum

1038 581 1192 607 cohortibus
1204 581 1310 607 duabus
1323 583 1503 617 praemiserat.
1519 582 1649 618 legionem
1659 583 1754 609 Fausto
1765 591 1828 609 con-

1038 619 1163 653 scriptam
1189 619 1214 645 in
1226 619 1346 645 Siciliam
1357 620 1410 645 sibi
1422 619 1524 654 placere
1536 629 1549 645 a
1561 619 1670 646 consule
1681 619 1752 649 duci,
1761 621 1827 646 scri-

1038 661 1126 690 pserat
1146 656 1178 681 ad
1199 656 1333 682 consules.
1382 656 1434 682 Sed
1451 662 1527 691 turpe
1547 657 1689 683 Domitium
1706 657 1828 683 deserere

1038 693 1096 723 erit,
1112 693 1297 728 implorantem
1309 694 1368 719 eius
1379 694 1522 720 auxilium.
1555 694 1601 720 Est
1611 694 1742 728 quaedam
1755 702 1826 729 spes.

1038 730 1105 756 milii
1131 730 1240 765 quidem
1267 739 1318 756 non
1339 739 1448 766 magna,
1475 731 1522 757 sed
1544 732 1570 757 in
1591 731 1634 757 his
1656 730 1720 757 locis
1742 731 1826 761 firma.

1038 767 1176 793 Afranium
1194 769 1219 794 in
1237 768 1362 794 Pirenaeo
1377 777 1438 794 curn
1454 768 1585 795 Trebonio
1601 776 1748 803 pugnasse.
1767 767 1828 802 pul—

1038 813 1098 830 sum
1114 805 1290 835 Trebonium,
1313 806 1392 831 etiam
1406 806 1519 832 Fabium
1531 810 1606 832 tuum
1624 807 1750 832 transisse
1765 813 1826 831 cum

1037 842 1206 874 coliortil›us;
1229 851 1334 868 summa
1355 848 1457 873 autem,
1480 843 1619 869 Afranium
1639 851 1701 868 cum
1723 843 1828 878 magnis

1037 879 1123 913 copiis
1143 879 1295 906 adventare.
1337 880 1364 906 ld
1380 880 1403 906 si
1419 885 1472 909 est,
1492 880 1517 906 in
1530 879 1602 906 ltalia
1615 879 1725 906 fortasse
1737 887 1828 906 mane-

1037 915 1120 942 bitur.
1161 916 1216 951 Ego
1231 922 1329 946 autem,
1347 925 1432 951 quum
1444 922 1514 943 esset
1529 918 1659 943 incertum
1673 918 1722 943 iter
1732 917 1828 943 Caesa-

1038 953 1083 983 ris,
1097 953 1169 988 quod
1185 953 1225 979 vel
1241 953 1273 979 ad
1285 954 1412 988 Capuam,
1427 954 1468 980 vel
1483 953 1515 980 ad
1529 955 1666 980 Luceriam
1679 954 1765 980 iturus
1777 962 1828 988 pu·

1038 990 1151 1021 tabatur,
1170 991 1278 1025 Leptam
1295 991 1327 1017 ad
1345 992 1499 1026 Pompeium
1513 993 1574 1018 misi
1585 991 1734 1018 etlitteras:
1759 992 1826 1025 ipse,

1038 1036 1070 1053 ne
1091 1036 1144 1062 quo
1166 1028 1324 1058 inciderem,
1347 1030 1443 1055 reverti
1463 1029 1592 1055 Formias.
1637 1029 1705 1054 llaec
1721 1033 1744 1054 te
1759 1029 1828 1054 scire

1037 1063 1120 1095 volui,
1129 1065 1280 1100 scripsique
1292 1065 1422 1092 sedatiore
1434 1067 1532 1095 animo,
1541 1074 1621 1100 quam
1633 1065 1828 1100 proximescri-

1037 1109 1152 1136 pseram,
1165 1101 1270 1128 nullum
1284 1111 1375 1129 meum
1388 1102 1520 1129 iudicium
1533 1102 1769 1138 interponens,sed
1780 1110 1828 1129 ex-

1037 1147 1148 1174 quirens
1159 1144 1246 1166 tuum.

1089 1208 1128 1229 [V.
1156 1211 1186 1232 (ln
1196 1210 1304 1231 Formiano,
1314 1210 1413 1231 Marcello,
1423 1210 1504 1228 Lentulo
1514 1217 1560 1228 ων,
1572 1211 1626 1231 705.)

1223 1252 1389 1280 CICERO
1418 1252 1585 1280 ATTICO
1613 1252 1641 1280 S.

1094 1291 1117 1316 1.
1139 1284 1292 1326 Dionysius
1307 1290 1419 1325 quidem
1431 1295 1493 1317 tuus
1509 1291 1612 1325 potius,
1631 1298 1712 1325 quam
1728 1295 1826 1321 noster,

1036 1327 1114 1353 cuius
1125 1334 1174 1362 ego
1184 1336 1269 1363 quum
1281 1329 1346 1354 satis
1358 1336 1515 1364 cognossem
1526 1336 1622 1357 mores,
1636 1333 1680 1354 tuo
1687 1333 1773 1354 tamen
1779 1335 1829 1362 po-

1036 1364 1090 1390 tius
1106 1364 1209 1391 stabam
1222 1365 1335 1396 iudicio,
1353 1373 1434 1400 quam
1447 1373 1518 1395 meo,
1536 1374 1569 1391 ne
1580 1365 1618 1391 tui
1630 1364 1740 1400 quidem
1753 1365 1828 1391 testi-

1037 1402 1135 1432 monii.
1154 1402 1226 1437 quod
1242 1403 1267 1428 ei
1282 1410 1361 1436 saepe
1376 1401 1448 1437 apud
1460 1410 1502 1428 me
1513 1401 1638 1432 dederas,
1656 1402 1767 1432 veritus,
1781 1409 1829 1428 su-

1036 1438 1151 1473 perbum
1161 1447 1190 1465 se
1201 1439 1325 1474 praebuit
1337 1440 1363 1466 in
1375 1439 1489 1469 fortuna,
1500 1447 1582 1474 quarn
1594 1439 1700 1474 putavit
1710 1444 1827 1466 nostram

1037 1476 1104 1502 fore:
1125 1476 1204 1503 cuius
1220 1476 1340 1503 fortunae
1356 1485 1417 1507 nos,
1434 1481 1566 1511 quantum
1582 1476 1700 1503 humano
1714 1475 1829 1503 consilio

1036 1512 1106 1539 effici
1118 1514 1226 1548 poterit,
1247 1519 1350 1540 motum
1364 1514 1463 1540 ratione
1475 1513 1590 1548 quadam
1602 1513 1826 1549 gabei-nubimus.

1036 1550 1086 1577 Cui
1102 1550 1150 1585 qui
1168 1555 1257 1578 noster
1271 1551 1368 1581 honos,
1386 1550 1458 1586 quod
1473 1551 1650 1586 obsequium,
1667 1559 1736 1586 quae
1747 1551 1827 1577 etiam

1036 1587 1069 1614 ad
1094 1592 1195 1614 ceteros
1219 1589 1365 1623 contempti
1389 1587 1531 1614 cuiusdam
1552 1588 1670 1614 hominis
1690 1595 1828 1614 commen-

1035 1625 1108 1651 datio
1123 1624 1228 1651 defuit‘?
1256 1630 1286 1652 ut
1300 1633 1390 1651 meum
1403 1625 1535 1651 iudicium
1546 1624 1706 1659 reprehendi
1717 1633 1731 1651 a
1741 1624 1828 1657 Quin-

1036 1666 1061 1688 to
1077 1661 1169 1693 fratre,
1186 1661 1323 1698 vulgoque
1338 1662 1371 1688 ab
1382 1662 1509 1689 omnibus
1521 1661 1642 1693 mallem,
1655 1670 1736 1697 quam
1748 1660 1826 1688 illum

1036 1707 1088 1725 non
1104 1698 1196 1725 efferre
1214 1698 1355 1730 laudibus,
1381 1699 1578 1734 Ciceronesque
1594 1703 1698 1725 nostros
1709 1706 1827 1733 meopo-

1035 1736 1089 1762 tius
1105 1734 1193 1763 labore
1208 1736 1364 1767 subdoceri,
1377 1744 1458 1771 quam
1473 1744 1516 1762 me
1527 1735 1610 1762 alium
1622 1736 1656 1762 iis
1667 1736 1825 1772 magistrum

1035 1780 1173 1808 quaerere.
1214 1773 1254 1799 Ad
1267 1781 1350 1808 quem
1364 1782 1414 1809 ego
1424 1781 1491 1808 quas
1504 1772 1617 1803 litteras,
1634 1772 1673 1799 dii
1689 1773 1827 1800 immorta-

1035 1810 1088 1840 les,
1109 1810 1247 1836 miseram!
1269 1815 1400 1845 quantum
1412 1809 1722 1846 bonorissignificantes!
1739 1818 1827 1845 quan-

1035 1851 1092 1873 tum
1103 1847 1215 1873 amoris!
1246 1847 1437 1874 Dicaearchum
1449 1847 1616 1877 mehercule,
1633 1852 1679 1873 aut
1689 1847 1827 1874 Aristoxe—

1034 1892 1100 1910 num
1111 1883 1215 1911 diceres
1221 1885 1328 1915 arcessi,
1337 1893 1389 1911 non
1397 1885 1532 1911 hominem
1538 1885 1660 1910 omnium
1667 1883 1826 1919 loquacissi-

1035 1929 1110 1947 mum
1121 1926 1146 1947 et
1157 1922 1269 1948 minime
1279 1927 1371 1956 aptum
1382 1921 1416 1948 ad
1426 1921 1588 1948 docendum.
1614 1922 1639 1947 2.
1655 1920 1708 1948 Sed
1719 1926 1759 1948 est
1769 1929 1826 1948 me—

1034 1959 1117 1985 moria
1133 1958 1212 1985 bona.
1252 1959 1293 1985 Me
1304 1959 1375 1985 dicet
1385 1967 1444 1985 esse
1455 1958 1575 1985 meliore.
1613 1957 1720 1990 Quibus
1730 1957 1826 1985 litteris

1035 1996 1070 2022 ita
1091 1995 1241 2030 respondit,
1258 2001 1289 2023 ut
1302 2004 1352 2032 ego
1363 1997 1478 2027 nemini,
1491 1996 1571 2022 euius
1585 2003 1708 2022 caussam
1720 2003 1772 2022 non
1783 2003 1826 2022 re-

1034 2033 1161 2067 ciperem,
1183 2033 1301 2068 (semper
1325 2033 1411 2064 enim,
1433 2036 1457 2059 si
1478 2037 1579 2066 potero;
1606 2035 1630 2059 si
1640 2037 1699 2059 ante
1708 2037 1826 2066 suscepta

1034 2078 1126 2096 caussa
1136 2079 1187 2097 non
1197 2070 1347 2105 impediar-s)
1359 2085 1396 2090 —
1407 2078 1555 2105 numquam
1566 2078 1611 2096 reo
1620 2070 1758 2104 cuiquam,
1771 2074 1824 2096 tam

1034 2106 1145 2138 humili,
1168 2112 1222 2134 tam
1237 2107 1360 2138 sordido,
1381 2112 1436 2134 tam
1451 2107 1570 2137 nocenti,
1588 2111 1642 2133 tam
1657 2106 1757 2137 alieno,
1769 2111 1824 2133 tam

1033 2145 1153 2179 praecise
1164 2145 1272 2180 negavi,
1295 2153 1377 2180 quam
1388 2144 1434 2171 hic
1445 2144 1523 2170 mihi.
1554 2143 1635 2170 Plane
1646 2144 1706 2170 sine
1715 2143 1769 2170 ulla
1775 2151 1824 2170 ex-

1032 2182 1154 2216 ceptione
1169 2181 1309 2216 praecidit.
1350 2181 1424 2208 Nihil
1439 2182 1553 2217 cognovi
1564 2181 1708 2217 ingratius;
1731 2181 1759 2206 in
1769 2189 1824 2215 quo

1032 2219 1099 2245 vitio
1113 2218 1182 2245 nihil
1199 2218 1263 2245 mali
1277 2227 1329 2246 non
1345 2220 1424 2245 inest.
1465 2218 1519 2245 Sed
1529 2218 1562 2244 de
1574 2218 1624 2244 hoe
1634 2218 1716 2244 nimis
1727 2217 1822 2244 multa.

1032 2257 1057 2282 3.
1075 2256 1132 2291 Ego
1147 2264 1244 2282 navem
1257 2256 1364 2291 paravi:
1396 2260 1455 2282 tuas
1471 2255 1572 2282 litteras
1583 2260 1671 2281 tamen
1681 2259 1820 2289 exspecto,

1032 2297 1061 2319 ut
1071 2294 1168 2324 sciam,
1182 2293 1249 2328 quid
1260 2292 1439 2328 respondeant
1448 2292 1638 2319 consultationi
1648 2299 1733 2318 meae.
1759 2290 1824 2318 Sul-

1032 2338 1110 2356 mone
1125 2329 1155 2357 C.
1171 2330 1275 2356 Attium
1290 2330 1432 2366 Pelignum
1448 2330 1586 2365 aperuisse
1597 2329 1710 2355 Antonio
1720 2334 1820 2363 portas,

1030 2375 1116 2402 quum
1136 2372 1227 2394 essent
1245 2367 1366 2394 cohortes
1384 2368 1520 2402 quinque,
1541 2365 1573 2398 Q.
1594 2366 1747 2392 Lucretium
1758 2365 1823 2392 inde

1030 2403 1157 2440 effugisse
1186 2405 1253 2437 seis3
1277 2404 1396 2432 Cnaeum
1415 2404 1454 2430 ire
1476 2402 1651 2430 Brundisium
1670 2401 1819 2430 desertum.

1030 2441 1155 2468 Confecta
1168 2450 1211 2468 res
1223 2446 1273 2468 est.

1083 2511 1110 2532 V.
1126 2513 1155 2535 (ln
1164 2513 1275 2535 Formi-no,
1284 2512 1385 2532 Marcello,
1394 2511 1474 2530 Lentulo
1484 2516 1530 2528 coss.
1542 2511 1586 2527 705.

1216 2553 1382 2582 CICERO
1413 2551 1580 2580 ATTICO
1600 2552 1629 2578 S.

1087 2593 1110 2618 l.
1132 2586 1229 2624 Quum
1249 2597 1309 2618 ante
1331 2591 1417 2617 lucem
1431 2598 1488 2617 riu.
1506 2589 1566 2616 Kal.
1583 2589 1683 2615 litteras
1698 2588 1731 2615 ad
1746 2594 1771 2615 te
1785 2588 1822 2615 de

1028 2629 1155 2664 Dionysio
1175 2628 1325 2659 dedissem,
1343 2628 1449 2662 vesperi
1464 2627 1499 2654 ad
1515 2635 1562 2653 nos
1577 2626 1671 2653 eodem
1687 2626 1730 2652 die
1745 2626 1820 2652 venit

1029 2666 1087 2700 ipse
1096 2665 1250 2701 Dionysius,
1263 2665 1417 2692 auctoritate
1429 2669 1472 2691 tua
1482 2669 1629 2700 permotus.
1645 2668 1674 2691 ut
1683 2663 1818 2699 suspicor.
