1941 3052
16 2468 17 2471 ι
53 2453 224 2478 eti-nonomine.
256 2460 525 2483 (Cat-:nrt-111.1.·=1=·‹10..›„

53 2581 62 2608 i
82 2590 142 2610 sum
157 2584 242 2611 multo
257 2586 353 2621 magis.

12 2644 19 2650 ,
53 2619 171 2684 aspidum
181 2621 248 2656 quid
258 2628 345 2656 potest
355 2623 429 2650 boni.
456 2624 491 2650 De
503 2624 645 2651 Aufidiano
657 2626 764 2651 nomine
777 2625 845 2652 nihil

10 2670 20 2687 -,
107 2665 136 2684 or
147 2666 185 2684 or.

290 124 620 151 EPISTOLARUM
650 124 704 150 AD
733 123 963 150 DIVERSOS
995 124 1076 150 LIB.
1106 124 1186 150 XVI.
1217 124 1277 150 ΕΡ.
1304 126 1388 149 12—-
1410 125 1448 149 2¹.

51 197 79 224 hi
95 196 172 223 Statii
188 195 301 221 fidelitas
317 200 357 221 est
371 199 458 221 tantae
470 194 612 229 voluptati:
640 195 734 230 quanti
743 203 802 221 esse
813 195 840 220 in

51 236 100 261 isto
115 233 180 260 haec
190 232 283 259 eadem
294 232 363 259 bona
374 232 484 262 debent.
503 232 602 258 additis
614 232 722 263 litteris,
739 241 841 258 sermo-

51 271 144 301 nibus,
158 270 335 300 humanitate,
348 278 417 304 quae
429 274 492 296 sunt
503 270 545 295 his
558 270 624 304 ipsis
635 269 783 296 commodis
794 278 842 304 po-

50 308 128 335 tiora!
155 308 222 333 Amo
234 312 258 333 te
268 307 394 333 omnibus
407 307 533 342 equidem
546 307 672 333 maximis
683 307 716 333 de
726 307 839 337 caussis.

51 354 145 372 verum
156 345 235 371 etiam
247 349 355 379 propter
368 344 449 375 hanc,
468 344 509 370 vel
521 344 593 379 quod
606 344 673 370 mihi
684 345 737 375 sic,
755 348 784 370 ut
795 343 843 369 de-

51 383 148 413 buisti⁷
165 382 305 408 nuntiasti.
345 382 380 407 Te
397 386 480 408 totum
493 382 520 407 in
533 382 627 408 litteris
641 381 707 408 vidi.
748 381 842 408 Sabini

50 420 142 455 pueris
153 424 178 446 et
188 419 300 454 promisi
310 420 409 450 omnia,
423 424 448 445 et
459 419 564 445 faciam.

105 514 180 535 xvn.
197 513 274 534 ARG.
291 513 397 534 Tironem
413 511 672 540 reprehendit.fideli!er
687 512 790 533 adverbio
801 519 843 532 non

52 552 110 571 recte
119 557 190 574 usum,
203 552 232 574 et,
243 552 268 569 ut.
277 548 401 568 valetudini
411 549 500 573 serviat,
513 549 620 569 admonet.

281 586 368 607 (Caesare
378 586 412 602 III.
420 586 493 608 Lepido
504 592 550 603 coss.
562 587 615 607 708.)

204 629 239 655 Μ.
261 629 292 655 Τ.
313 628 343 655 C.
366 629 393 655 S.
415 629 444 654 P.
466 629 496 654 D.
518 628 688 655 TIRONI.

106 671 209 705 Video.
227 674 294 709 quid
310 683 386 710 agas:
410 679 469 700 tuas
486 683 594 709 quoque
610 673 736 708 epistolas
748 673 790 699 vis
802 681 844 699 re-

53 712 116 738 ferri
128 712 155 738 in
165 711 313 738 volumina.
354 711 407 737 Sed
418 711 485 737 heus
498 716 535 741 tu,
549 712 596 745 qui
608 711 693 737 unvair
704 719 763 736 esse
771 719 844 736 meo-

52 758 112 776 rum
128 749 289 783 scriptorum
304 748 388 778 soles,
406 748 478 774 unde
494 748 562 774 illud
578 753 631 774 tam
647 748 757 783 ἄκυρον,
774 750 841 773 vale-

53 789 136 813 tudini
146 788 254 819 fideliter
266 785 444 812 inserviendo?
467 785 542 811 Unde
553 786 579 811 in
592 786 673 811 istum
685 785 772 811 locum
783 788 845 818 fide-

53 826 111 849 liter
131 822 222 849 venit?
251 823 295 849 cui
315 823 398 849 verbo
416 823 585 849 domicilium
606 827 646 849 est
660 823 800 858 proprium
817 823 844 848 in

52 860 154 891 officio,
172 860 346 896 migrationes
358 860 385 886 in
397 860 515 886 alienum
527 860 636 886 multae.
682 861 748 886 Nam
761 865 785 886 et
796 860 845 886 do—

51 898 144 929 ctrina,
158 902 184 924 et
194 897 299 928 domus,
307 902 333 924 et
342 907 384 923 ars
395 902 421 924 et
431 906 494 933 ager
504 898 583 924 etiam
595 897 681 923 fidelis
688 897 843 932 dicipotest,

52 939 82 962 ut
104 935 147 966 sit,
169 934 303 969 quomodo
324 935 506 970 Theophrasto
522 935 609 970 placet
625 935 776 961 verecunda
792 940 846 961 tra—

53 971 125 999 latio.
170 972 222 998 Sed
243 972 308 999 haec
328 981 426 999 coram.
472 973 621 999 Demetrius
642 973 716 999 venit
736 972 769 998 ad
792 981 842 1003 me,

52 1018 106 1045 quo
117 1009 228 1044 quidem
238 1010 378 1036 comitatu!
399 1010 644 1045 'Ammpltqffmsatis
651 1011 714 1036 scis.
737 1011 775 1036 Tu
783 1019 845 1036 eum

53 1046 180 1073 videlicet
195 1056 247 1073 non
263 1047 374 1082 potuisti
390 1047 492 1074 videre.
533 1047 597 1074 Cras
611 1047 709 1080 aderit3
737 1047 845 1074 videbis

53 1084 145 1120 igitur.
186 1085 253 1112 Nam
264 1093 313 1120 ego
325 1084 388 1111 hinc
399 1085 526 1120 perendie
538 1094 614 1111 mane
629 1086 726 1120 cogito.
767 1084 846 1111 Vale-

52 1121 117 1148 tudo
128 1126 173 1148 tua
184 1130 226 1148 me
236 1121 315 1149 valde
326 1122 464 1149 sollicitat:
488 1122 535 1148 sed
543 1123 653 1154 inservi⁷
662 1127 687 1148 et
699 1122 738 1148 fac
745 1123 844 1149 omnia.

52 1159 121 1185 Tum
137 1163 161 1185 te
176 1167 283 1186 mecum
299 1168 366 1191 esse,
384 1164 441 1186 tum
457 1160 526 1186 mihi
541 1160 756 1186 cumulatissime
767 1160 847 1186 satis-

53 1195 139 1222 facere
159 1201 260 1231 putato.
300 1197 400 1232 Cuspio
421 1197 493 1232 quod
513 1206 621 1232 operam
641 1197 755 1228 dedisti,
778 1197 846 1223 mihi

53 1238 159 1268 gratum
170 1238 220 1260 est.
259 1234 342 1261 Valde
353 1235 426 1261 enim
437 1235 496 1261 eius
507 1243 602 1261 caussa
614 1234 684 1261 volo.
725 1234 799 1261 Vale.

106 1324 190 1344 xvtlt.
209 1324 226 1344 Α
234 1324 285 1345 RG.
305 1325 338 1345 De
351 1325 446 1346 curanda
457 1325 551 1346 Tironis
561 1325 698 1346 valetudine:
714 1326 772 1346 etde
782 1326 847 1346 rebus

53 1358 182 1385 quibusdam
194 1359 329 1380 domesticis.
361 1362 448 1385 (Cae->mv
460 1362 490 1379 tv.
502 1369 539 1379 cos.
550 1369 565 1380 s.
576 1363 619 1380 coll.
632 1364 688 1386 70¹3.)

178 1404 373 1431 TULLIUS
391 1405 419 1431 S.
441 1405 470 1431 P.
492 1406 522 1431 D.
550 1405 720 1433 TIRONI.

111 1451 134 1476 l.
148 1445 227 1481 Quid
240 1450 340 1486 igitur‘?
360 1460 412 1477 non
423 1451 463 1477 sic
473 1451 593 1486 oportet?
606 1452 740 1487 Equidem
751 1461 847 1478 censeo

52 1487 106 1514 sic:
137 1487 292 1514 addendum
312 1488 392 1514 etiam
412 1498 467 1515 suo.
508 1489 568 1519 Sed.
587 1490 610 1515 si
625 1489 725 1524 placet,
743 1489 847 1516 invidia

52 1524 166 1551 vitetur:
198 1534 280 1560 quam
296 1525 407 1560 quidem
424 1534 473 1561 ego
487 1535 566 1560 saepe
582 1527 741 1561 contempsi.
785 1527 846 1553 Tibi

53 1561 208 1597 διαφόρησιν
223 1562 327 1598 gaudeo
343 1562 487 1597 profuisse.
528 1564 556 1589 Si
573 1573 636 1590 vero
650 1565 730 1590 etiam
742 1565 847 1590 Tuscu-

53 1597 160 1631 lanum,
178 1599 217 1626 dii
232 1600 309 1626 bonil
336 1605 436 1635 quanto
451 1601 519 1626 mihi
537 1601 605 1627 illud
620 1603 671 1628 erit
686 1601 844 1628 amabilius!

52 1635 114 1667 Sed,
132 1637 155 1663 si
168 1646 209 1663 me
221 1645 308 1663 amas:
331 1638 404 1672 quod
415 1638 525 1673 quidem
538 1643 583 1664 aut
594 1638 660 1664 sacis
671 1644 717 1665 aut
728 1639 846 1674 perbelle

53 1673 175 1705 simulas,
192 1674 265 1709 quod
282 1679 369 1701 tamen
381 1675 407 1701 in
420 1675 529 1701 modum
541 1676 674 1710 procedit:
697 1676 744 1702 sed
757 1681 786 1702 ut
795 1681 844 1707 est,

53 1710 164 1746 indulge
180 1711 329 1738 valetudini
345 1717 414 1744 tuae,
432 1713 475 1739 cui
492 1713 603 1748 quidem
623 1718 650 1740 tu
666 1713 763 1745 adhuc,
781 1714 846 1740 dum

54 1748 370 1780 mihideservis.servisti
381 1759 432 1776 non
444 1751 519 1776 satis.
541 1751 578 1776 Ea
584 1751 784 1786 quidpostulet,
794 1760 846 1778 non

52 1785 173 1820 ignoras:
195 1787 284 1820 πέψιν,
296 1786 417 1818 ἀκοπίιιν,
428 1789 572 1823 περίπατον
583 1788 846 1824 σύμμετροναέρψιν,

53 1822 174 1850 εὐλυσίαν
193 1824 295 1854 κοιλίας.
339 1825 391 1851 Fac
406 1824 494 1851 bellus
511 1831 653 1852 revertare.
694 1827 752 1853 Non
767 1826 846 1853 modo

52 1863 90 1890 te,
122 1859 170 1886 sed
199 1861 279 1887 etiam
304 1861 487 1888 Tusculanum
513 1868 634 1889 nostrum
659 1862 721 1898 plus
747 1872 844 1890 amem.

51 1897 78 1922 2.
104 1896 250 1923 Paredrum
267 1899 363 1930 excita,
380 1904 410 1925 ut
426 1899 532 1926 hortum
549 1901 606 1934 ipse
621 1900 762 1928 conducat.
803 1901 846 1927 Sic

51 1932 174 1960 olitorem
195 1935 286 1969 ipsum
306 1936 500 1963 commovebis
546 1937 639 1964 Salaco
661 1938 846 1972 nequissimus

52 1970 117 1997 H-S
138 1979 179 1997 cit>
195 1971 283 2003 dabat.
303 1972 377 1999 nullo
392 1974 482 2008 aprico
499 1974 587 2005 horto,
606 1974 680 2001 nullo
695 1976 844 2005 emissario,

52 2007 127 2034 nulla
140 2009 263 2040 maceria.
276 2009 349 2036 nulla
361 2019 431 2037 casa.
464 2011 513 2037 Iste
525 2020 572 2037 nos
584 2016 654 2037 tanta
667 2012 787 2046 impensa
799 2013 847 2038 de-

52 2044 155 2072 rideat?
175 2045 280 2072 Calface
292 2047 438 2077 hominem.
453 2053 481 2074 ut
491 2057 540 2083 ego
553 2049 714 2075 Mothonem.
756 2050 846 2084 ltaque

52 2082 147 2109 abutor
158 2084 274 2110 coronis.
315 2086 339 2110 3.
352 2085 387 2110 De
400 2085 497 2111 Crabra
509 2085 575 2120 quid
587 2090 689 2121 agatur,
713 2087 763 2113 etsi
775 2096 847 2113 nunc

51 2120 164 2155 quidem
180 2121 259 2147 etiam
276 2121 391 2148 nimium
407 2127 447 2148 est
462 2131 556 2157 aquae,
574 2128 661 2149 tamen
674 2123 755 2150 velim
766 2125 845 2150 scire.

51 2156 225 2193 Horologium
240 2159 343 2185 mittam
357 2164 383 2186 et
400 2159 491 2190 liin-os,
509 2160 532 2186 si
544 2161 594 2186 erit
605 2160 714 2187 sudum.
755 2161 806 2187 Sed
819 2166 846 2188 tu

52 2193 175 2221 nullosne
197 2199 284 2222 tecum
307 2196 430 2223 libellos‘?
449 2206 482 2222 an
505 2198 601 2232 pangis
622 2197 725 2233 aliquid
743 2199 848 2233 Sopho-

52 2230 159 2258 cleum‘?
179 2232 230 2259 Fac
244 2242 312 2267 opus
324 2239 458 2268 appareat.
480 2234 512 2260 A.
526 2235 662 2269 Ligurius,
675 2236 796 2262 Caesaris
808 2236 847 2262 fa-

52 2268 175 2301 miliaris,
193 2275 315 2296 mortuus
332 2276 380 2301 cst,
399 2271 486 2297 bonus
502 2271 582 2297 homo
597 2277 623 2298 et
638 2273 716 2299 nobis
731 2274 844 2300 amicus.

52 2304 88 2332 ‘re
103 2307 210 2341 quando
227 2313 425 2343 exspectemus,
440 2308 479 2335 fac
492 2313 520 2335 ut
531 2309 625 2336 sciam.
666 2310 770 2337 Curate
782 2310 847 2337 dili-

52 2348 153 2379 genter.
193 2344 267 2372 Vale.

104 2421 170 2442 ΧΙΧ.
189 2422 267 2443 ARG.
286 2424 320 2444 De
334 2423 448 2444 mittendis
464 2423 556 2448 litteriu,
567 2424 594 2443 «le
609 2424 730 2449 nen-nnio,
744 2425 771 2445 de
786 2425 845 2445 Ana-

545 2463 581 2478 ΤΗΝ
591 2463 598 2481 )

207 2502 243 2529 Μ.
265 2503 295 2529 Τ.
317 2503 346 2530 C.
369 2503 396 2530 S.
419 2504 447 2530 Ρ.
470 2504 498 2530 t).
521 2504 691 2531 TittONi.

110 2541 248 2582 Exspecto
277 2552 336 2575 tuas
367 2548 467 2576 litteras
497 2549 529 2575 dc
562 2549 654 2576 multis
685 2550 779 2582 rebus,
822 2555 845 2577 to

396 2587 558 2613 Demetrium
575 2587 656 2613 redde
673 2593 802 2617 nostrum.
821 2593 847 2615 et

226 2658 285 2687 Scio
296 2660 346 2687 tibi
357 2669 436 2688 curae
448 2670 516 2688 esse.
558 2661 610 2688 Sed
622 2662 732 2690 confice.
767 2663 808 2695 Et,
821 2663 846 2690 si

1635 125 1683 151 793

892 194 926 220 ob
947 203 1005 220 eam
1021 203 1077 220 rem
1092 195 1213 226 moraris,
1232 195 1333 229 accipio
1348 203 1484 225 caussam;
1507 195 1531 220 si
1547 194 1574 220 id
1593 199 1616 220 te
1632 203 1684 221 non

893 236 972 262 tenet,
987 232 1091 258 advola.
1123 233 1236 258 Litteras
1248 237 1306 258 tuas
1317 231 1395 258 valde
1406 236 1541 266 exspecto.
1572 231 1647 258 Vale.

920 301 973 320 XX.
994 301 1068 321 ARG.
1087 302 1119 321 De
1133 308 1184 321 curn
1198 301 1341 323 valetudinis.
1356 301 1383 320 «le
1398 301 1554 328 componendis
1568 300 1644 321 libris:
1660 301 1686 321 de

894 334 981 358 olitore,
992 335 1018 354 de
1028 334 1150 359 gladiatore
1160 335 1268 354 Kalendis
1279 335 1404 361 spectando.

1118 372 1332 394 <ema-<1itLepiao
1344 378 1389 388 en«.
1400 372 1455 393 ros.)

1047 415 1083 440 M.
1105 415 1135 440 T.
1157 414 1186 441 C.
1208 415 1234 440 S.
1256 415 1285 441 P.
1308 416 1336 441 D.
1359 415 1528 441 TIRONI.

949 451 1093 486 Sollicitat,
1111 456 1146 481 ita
1162 456 1262 486 vivam,
1280 465 1322 482 me
1333 461 1386 487 tua,
1408 457 1445 482 mi
1461 456 1530 485 Tiro,
1545 455 1684 481 valetudo:

895 493 942 519 sed
962 493 1079 523 conlido,
1097 493 1120 518 si
1136 492 1318 527 diligentiam,
1337 502 1417 528 quam
1435 493 1588 523 instituisti.
1610 493 1688 519 adhi-

896 530 996 561 bueris,
1010 531 1062 556 cito
1073 535 1096 556 te
1109 530 1215 556 firmum
1224 530 1288 557 fore.
1312 531 1549 565 Libroscompone,
1559 530 1684 560 indicem.

895 576 981 602 quum
997 567 1144 593 Metrodoro
1161 567 1278 598 lubebit.
1300 568 1408 603 quando
1426 569 1485 594 eins
1500 568 1629 594 arbitratu
1646 568 1688 593 vi-

897 605 1015 631 vendum
1036 609 1085 631 est.
1130 604 1197 630 Cum
1217 604 1323 636 olitore‚
1347 610 1376 632 ut
1396 605 1512 631 videtur.
1553 605 1592 630 Tu
1612 610 1688 639 potes

897 642 1024 668 Kalendis
1036 646 1155 676 spectare
1165 642 1335 677 gladiatores,
1353 642 1482 677 postridie
1495 642 1594 668 redire:
1618 647 1643 668 et
1654 643 1687 668 ita

895 688 1001 705 censeo.
1041 679 1150 709 Verum,
1164 684 1193 705 ut
1203 679 1349 706 videbitur.
1385 680 1498 710 Curate,
1512 680 1535 705 si
1548 688 1590 705 me
1603 688 1686 706 amas.

896 717 1049 752 diligenter.
1088 716 1162 743 Vale.

949 786 1015 806 XXI.
1032 787 1049 806 A
1058 786 1108 805 RG.
1125 786 1190 806 Suum
1202 785 1292 805 virtutis
1303 785 1398 806 studium
1411 785 1488 806 Cicero
1499 785 1558 805 filius
1569 785 1688 810 significat:

897 821 923 841 de
932 821 1023 848 praedio
1034 824 1105 848 empto
1116 820 1246 845 gratulatur.
1275 823 1369 843 (Admau,
1380 823 1463 840 Ani-mio
1473 829 1510 839 cos.
1522 824 1576 842 710.)

955 905 977 930 l.
1009 898 1106 935 Quum
1132 903 1304 929 vehementer
1331 903 1484 929 tabellarios
1508 907 1691 937 exspectarem

897 941 1031 976 quotidie,
1053 941 1198 976 aliquando
1218 945 1350 967 venerunt
1369 946 1428 975 post
1448 940 1521 966 diem
1544 949 1579 966 vi.
1602 945 1627 967 et
1643 948 1689 966 M..

897 987 979 1014 quam
990 988 1003 1005 a
1015 979 1093 1005 vobis
1104 978 1297 1004 discesserant:
1320 986 1436 1013 quorum
1448 978 1516 1004 mihi
1528 977 1579 1003 fuit
1590 977 1692 1004 adven-

898 1021 940 1043 tus
959 1016 1157 1051 optatissimus.
1199 1017 1265 1042 Nam
1284 1024 1369 1050 quum
1391 1016 1537 1041 maximam
1558 1015 1691 1049 cepissem

898 1053 1026 1080 laetitiam
1037 1063 1071 1080 ex
1086 1053 1277 1080 humanissimi
1292 1058 1318 1079 et
1329 1054 1462 1079 carissimi
1474 1053 1557 1088 patris
1568 1052 1690 1087 epistola,

898 1096 955 1117 tum
971 1100 1034 1117 vero
1049 1091 1263 1117 iucundissimae
1278 1096 1338 1117 tuae
1355 1090 1456 1116 litterae
1470 1090 1611 1116 cumulum
1624 1089 1692 1115 mihi

897 1129 992 1164 gaudii
1012 1129 1167 1155 attulerunt.
1218 1129 1309 1163 Itaque
1329 1136 1371 1154 me
1391 1129 1443 1154 iam
1459 1137 1510 1154 non
1528 1127 1690 1162 poenitebat,

899 1166 1127 1201 intercapedinem
1147 1166 1285 1192 scribendi
1305 1165 1414 1192 secisse:
1442 1165 1489 1191 sed
1506 1166 1595 1200 potius
1612 1164 1693 1191 laeta-

899 1203 955 1230 bar.
997 1204 1124 1230 Fructum
1145 1204 1217 1230 enim
1238 1212 1366 1239 magnum
1383 1203 1557 1229 humanitatis
1573 1207 1633 1228 tuae
1649 1211 1693 1228 ca-

898 1241 1007 1276 piebam
1021 1250 1055 1268 ex
1065 1241 1172 1267 silentio
1184 1250 1303 1267 mearum
1318 1241 1474 1267 litterarum.
1516 1240 1693 1266 Vehementer

899 1279 982 1314 igitur
993 1279 1106 1314 gaudeo,
1116 1283 1139 1304 te
1152 1287 1238 1304 meam
1250 1279 1308 1304 sine
1319 1278 1486 1304 dubitatione
1498 1277 1634 1312 accepisse
1645 1285 1693 1303 ex—

899 1317 1075 1343 cusationem.
1115 1318 1140 1342 ⁴2.
1163 1316 1257 1342 Gratos
1278 1315 1327 1342 tibi
1343 1320 1499 1350 optatosque
1515 1324 1583 1345 csse,
1601 1313 1693 1349 quide

900 1362 942 1379 me
963 1362 1084 1380 rumores
1102 1353 1260 1384 afferuntur,
1283 1361 1334 1379 non
1350 1353 1458 1383 dubito,
1482 1353 1519 1378 mi
1535 1351 1693 1377 dulcissime

899 1391 973 1417 Tiro:
1005 1391 1200 1425 praestaboque
1216 1395 1240 1417 et
1256 1391 1350 1420 enitar.
1370 1395 1397 1416 ut
1416 1391 1442 1416 in
1459 1390 1518 1416 dies
1534 1389 1620 1424 magis
1636 1397 1694 1415 ma-

898 1429 996 1464 gisque
1009 1428 1072 1454 haec
1085 1437 1196 1454 nascens
1208 1428 1240 1453 de
1252 1436 1293 1453 mc
1306 1427 1459 1462 duplicetur
1469 1428 1571 1462 opinio.
1607 1426 1694 1458 Quare

898 1465 971 1501 quod
991 1465 1141 1500 polliceris,
1160 1470 1184 1491 tc
1200 1465 1399 1491 buccinatorem
1416 1464 1470 1491 fore
1485 1464 1694 1490 existimationis

900 1512 983 1534 meae,
998 1503 1074 1529 firmo
1086 1503 1113 1529 id
1125 1504 1310 1538 constantique
1323 1503 1412 1528 animo
1427 1501 1508 1528 facias
1522 1502 1592 1528 licet.
1624 1502 1695 1527 Tan-

899 1545 956 1567 tum
972 1541 1044 1566 enim
1061 1540 1129 1566 mihi
1145 1540 1264 1567 dolorem
1279 1541 1483 1574 cruciatumque
1495 1539 1641 1565 attulerunt
1652 1547 1694 1564 er-

899 1582 953 1604 rata
969 1578 1062 1604 aetatis
1079 1586 1162 1609 meae,
1181 1583 1209 1604 ut
1227 1586 1278 1604 non
1294 1577 1381 1603 solum
1398 1578 1504 1603 animus
1516 1585 1530 1602 a
1543 1576 1628 1607 sactis,
1646 1575 1695 1601 sed

898 1624 977 1642 aures
993 1624 1101 1650 quoquc
1112 1625 1125 1641 a
1137 1615 1388 1641 commemoratione
1401 1614 1568 1641 abhorreant.
1610 1613 1694 1640 Cuius

899 1658 923 1679 te
939 1652 1132 1679 sollicitudinis
1147 1658 1172 1679 et
1187 1652 1286 1679 doloris
1303 1653 1461 1687 participem
1482 1651 1580 1682 fuisso,
1601 1655 1694 1677 notum

898 1690 1121 1725 exploratumque
1133 1695 1173 1717 est
1184 1690 1266 1716 mihi:
1290 1699 1338 1716 nec
1350 1690 1376 1715 id
1389 1691 1498 1716 mirum.
1531 1690 1598 1715 Nam
1609 1696 1695 1723 quum

898 1729 988 1754 omnia
1009 1737 1067 1754 mea
1085 1736 1179 1754 caussa
1197 1727 1280 1754 velles
1297 1727 1364 1753 mihi
1381 1736 1519 1757 successa,
1543 1731 1599 1752 tum
1614 1726 1695 1752 etiam

899 1770 953 1792 tua.
994 1765 1104 1792 Socium
1119 1766 1191 1791 enim
1207 1770 1230 1791 te
1243 1774 1363 1791 meorum
1375 1764 1577 1791 commodorum
1588 1771 1696 1797 semper

898 1811 957 1829 esse
970 1803 1054 1829 volui.
1081 1805 1104 1830 3,
1127 1802 1204 1835 Quod
1217 1803 1300 1838 igitur
1310 1807 1365 1828 tum
1378 1812 1412 1829 ex
1424 1811 1465 1828 me
1477 1801 1598 1832 doluisti,
1613 1808 1693 1830 nunc,

899 1846 928 1867 ut
939 1840 1093 1875 duplicetur
1105 1845 1181 1867 tuum
1193 1849 1226 1867 ex
1238 1849 1279 1866 me
1291 1840 1432 1875 gaudium,
1446 1839 1595 1874 praestabo.
1632 1838 1696 1864 Cra-

899 1879 973 1913 tippo
986 1887 1037 1909 mc,
1055 1879 1131 1909 scito,
1146 1887 1197 1904 non
1209 1883 1237 1904 ιιι
1249 1877 1426 1912 discipulum,
1439 1877 1486 1903 sed
1499 1882 1527 1903 ut
1539 1876 1625 1902 tilium
1637 1884 1696 1901 esse

898 1916 1163 1942 coniunctissimum.
1206 1916 1272 1942 Nam
1288 1924 1373 1950 quum
1389 1915 1468 1941 audio
1481 1914 1558 1940 illum
1571 1913 1694 1943 libenter,

899 1958 956 1980 tum
970 1954 1050 1980 etiam
1062 1954 1198 1988 propriam
1210 1954 1270 1979 eius
1281 1953 1441 1979 suavitatem
1455 1952 1627 1978 vehementer
1639 1959 1695 1977 am—

899 1990 1009 2026 plector.
1051 1991 1117 2017 Sum
1134 1995 1200 2017 totos
1212 1991 1271 2017 dies
1282 1999 1344 2017 cum
1357 1999 1396 2021 eo,
1411 1990 1551 2024 noctisque
1562 1996 1696 2023 saepenu-

899 2037 972 2055 mero
987 2033 1099 2063 partem.
1140 2029 1227 2054 Exoro
1238 2029 1320 2059 enim=
1339 2033 1367 2054 ut
1379 2036 1484 2053 mecum
1499 2035 1581 2061 quam
1592 2026 1696 2060 saepis-

898 2066 966 2092 sime
991 2070 1093 2092 coenet.
1139 2066 1192 2091 liae
1214 2065 1363 2092 introducta
1384 2064 1594 2094 consuetudine,
1616 2071 1695 2097 saepe

900 2103 1080 2129 inscientibus
1099 2103 1177 2129 nobis
1189 2108 1213 2129 et
1224 2103 1401 2129 caenantibus
1413 2102 1518 2137 obrepit
1534 2101 1695 2135 sublataque

898 2140 1040 2166 severitate
1062 2140 1249 2175 philosophiae
1275 2140 1472 2166 humanissime
1493 2139 1635 2165 nobiscum
1657 2138 1696 2163 io-

898 2182 983 2203 catur.
1023 2178 1110 2209 Quare
1126 2177 1159 2203 da
1171 2186 1288 2212 operam.
1307 2182 1335 2203 ut
1347 2177 1418 2203 liunc
1431 2176 1519 2207 talem,
1534 2181 1586 2202 tam
1600 2176 1695 2201 iucun-

898 2214 973 2245 dum,
996 2219 1048 2241 tam
1065 2214 1241 2240 excellentem
1260 2215 1348 2240 virum
1366 2214 1458 2239 videas
1469 2222 1551 2248 quam
1564 2213 1692 2248 primum.

899 2253 922 2278 t.
946 2251 1090 2286 Numquid
1103 2260 1151 2286 ego
1163 2252 1195 2277 de
1208 2252 1308 2277 Bruttio
1319 2250 1426 2277 dicam?
1445 2260 1526 2286 quem
1543 2250 1616 2276 nullo
1628 2255 1695 2275 tem-

899 2298 961 2324 pore
978 2298 992 2315 ιι
1009 2298 1050 2315 me
1068 2290 1152 2323 patior
1168 2288 1320 2314 discedere:
1343 2289 1422 2314 cuius
1433 2297 1518 2322 quum
1535 2287 1605 2322 frugi
1618 2295 1694 2312 sevc-

900 2335 981 2361 raque
1001 2331 1041 2352 est
1062 2327 1130 2356 vita,
1154 2331 1210 2352 tum
1231 2326 1310 2351 ctiam
1335 2325 1530 2351 iucundissima
1550 2325 1692 2350 convictio.

899 2364 956 2390 Non
968 2368 1008 2390 cst
1019 2364 1091 2389 enim
1100 2364 1238 2389 seiunctus
1247 2364 1320 2389 iocus
1333 2372 1346 2388 a
1358 2376 1371 2396 q
1380 2363 1494 2398 11112171'13
1507 2361 1694 2396 etquotidiana

899 2401 1040 2435 συζιμήιηι.
1082 2401 1147 2426 lluic
1163 2410 1213 2436 ego
1230 2400 1316 2426 locum
1335 2401 1360 2425 in
1378 2400 1500 2434 proximo
1515 2398 1643 2427 conduxi.
1658 2403 1692 2427 ct.

900 2443 927 2464 ut
943 2447 1064 2472 possum.
1082 2447 1115 2464 ex
1133 2439 1199 2464 meis
1216 2438 1349 2471 angustiis
1363 2437 1435 2462 illius
1447 2441 1567 2462 sustento
1580 2436 1694 2461 tenuita-

899 2480 962 2501 tem.
1003 2477 1027 2502 5.
1044 2476 1179 2502 Praeterea
1191 2475 1362 2501 declamitare
1374 2475 1474 2500 Graece
1486 2473 1557 2508 apud
1569 2474 1693 2500 Cassium

899 2513 1017 2545 institui·,
1051 2513 1142 2539 Latine
1163 2518 1251 2539 autem
1264 2512 1334 2547 apud
1349 2513 1478 2538 Bruttium
1491 2511 1610 2537 exerceri
1623 2510 1692 2537 volo.

899 2550 960 2576 Utor
978 2549 1158 2576 familiaribus
1172 2556 1197 2576 et
1212 2550 1378 2585 quotidianis
1394 2548 1607 2577 convictoribus.
1625 2557 1693 2583 quos

898 2596 990 2613 secum
1003 2587 1138 2623 Mitylenis
1148 2589 1291 2622 Cratippus
1303 2587 1425 2616 adduxit,
1441 2586 1597 2612 hominibus
1610 2591 1634 2612 et
1645 2585 1693 2611 ‹lo-

897 2625 948 2651 ctis
963 2629 989 2651 et
1005 2624 1044 2651 illi
1061 2625 1270 2660 probatissimis.
1312 2624 1425 2650 Multum
1442 2625 1514 2650 enim
1531 2632 1636 2649 mecum
1653 2628 1694 2649 est

898 2662 1044 2698 Epicrates.
1058 2663 1184 2699 princeps
1196 2662 1412 2693 Atheniensium.
1428 2666 1454 2688 et
1466 2661 1597 2688 Leonides
1608 2666 1633 2687 et
1645 2660 1693 2687 ho-

1442 2711 1488 2735 100
