1941 3052
314 138 404 166 PRO
435 138 567 165 DOMO
599 138 689 165 SUA
721 138 778 165 AD
809 138 1248 165 PONTIFICES.CAP.

55 220 116 238 nere
127 210 208 242 iuris,
220 208 292 245 quod
303 210 330 235 in
342 209 438 240 sacris,
454 209 527 244 quod
538 210 565 236 in
577 209 719 244 auspiciis,
737 208 809 244 quod
821 209 847 235 in

56 249 161 285 legibus
172 248 215 279 sit,
229 252 253 273 te
264 246 402 273 tribunum
414 246 501 281 plebis
513 256 564 273 non
576 246 668 272 fuisse.
702 247 789 281 Atque
799 255 848 282 ego

54 286 104 313 hoc
124 290 209 312 totum
230 292 282 310 non
303 284 361 310 sine
379 292 474 310 caussa
498 284 630 319 relinquo.
670 284 753 310 Video
776 284 847 309 enim

53 322 184 359 quosdam
195 322 358 349 clarissimos
370 322 449 352 viros,
464 322 599 356 principes
609 321 733 352 civitatis,
747 320 848 355 aliquot

54 360 119 388 locis
130 360 276 390 iudicasse,
292 363 317 385 te
328 367 389 384 cum
401 358 479 393 plebe
490 359 547 385 iure
558 367 634 394 agere
646 359 777 393 potuisse:
800 358 847 392 qui

54 398 134 425 etiam
145 397 178 423 de
188 397 313 431 meipso,
331 404 417 430 quum
432 400 477 422 tua
493 397 628 431 rogatione
643 395 736 421 sunere
752 395 847 421 elatam

54 434 249 470 rempublicam
261 442 321 459 esse
332 433 462 464 dicerent,
481 437 567 459 tamen
580 433 605 459 id
619 432 714 464 sunus,
731 433 780 458 etsi
797 432 848 458 mi-

54 481 143 499 serum
155 477 235 507 atque
247 470 372 497 acerbum
385 470 553 501 fuisset,iu1-e
565 470 695 496 indictum
707 478 766 495 esse
776 469 849 495 dice-

55 510 126 536 bant.
142 509 218 541 Quod
229 509 261 535 de
273 516 315 534 me
326 508 378 534 civi
390 516 419 534 ac
430 507 463 533 de
474 507 610 542 republica
621 507 689 532 bene
701 507 794 532 merito
806 511 848 532 tu-

54 547 141 578 lisses,
155 546 291 573 funestum
304 545 386 571 sunus
399 549 422 571 te
434 544 565 571 indixisse
576 544 753 578 reipublicae:
775 543 847 578 quod

53 584 137 611 salvis
149 584 277 619 auspiciis
290 582 412 613 tulisses:
421 583 479 608 iure
490 582 577 617 egisse
588 581 720 607 dicebant.
761 580 847 612 Quare

54 621 157 653 licebit,
175 626 204 648 ut
219 621 326 655 opinor.
344 619 434 650 nobis,
451 627 496 645 eas
511 619 627 645 actiones
639 626 691 644 non
703 617 845 648 infirmare,

52 659 154 694 quibus
174 659 213 685 illi
235 657 383 684 actionibus
398 657 573 683 constitutum
589 656 753 682 tribunatum
770 659 846 681 tuum

53 696 301 731 comprobaverunt.

109 735 150 760 43.
172 733 265 760 Fueris
280 739 343 758 sane
359 730 483 757 tribunus
501 729 588 765 plebis
604 734 656 756 tam
668 730 726 756 iure
738 737 767 755 ac
778 728 844 764 lege,
867 750 869 758 ,

52 779 134 806 quam
146 770 198 797 fuit
208 770 251 796 hic
261 770 319 804 ipse
330 767 435 799 Rullus,
450 768 490 794 vir
501 767 626 794 omnibus
638 767 719 793 rebus
730 766 848 792 clarissi-

52 817 114 834 mus
135 812 214 843 atque
234 805 432 841 amplissimus:
455 813 509 839 quo
523 805 594 836 iure,
617 813 672 839 quo
686 812 770 834 more,
793 812 847 838 quo
867 831 868 839 ἵ

52 844 175 880 exemplo
191 844 276 879 legem
292 843 449 870 nominatim
464 842 497 868 de
512 842 597 876 capite
612 842 679 868 civis
701 841 847 867 indemnati
867 843 868 846 ’

53 882 156 910 tulisti?
184 882 265 909 XVII.
287 881 382 907 Vetant
394 879 465 915 leges
477 884 607 910 sacratae,
620 883 709 905 vetant
719 887 757 904 xu
770 878 848 904 tabu-

53 919 101 951 lae,
111 919 182 956 leges
194 919 279 954 privis
290 917 303 931 *
314 917 470 944 hominibus
482 917 605 953 irrogari.-
619 916 646 942 id
657 920 697 943 est
708 916 779 942 enim
792 916 847 950 pri-

51 957 192 993 vilegium.
233 957 316 982 Nemo
327 963 456 990 umquam
468 954 542 980 tulit:
565 954 632 980 nihil
647 958 687 980 est
697 953 844 984 crudelius,

52 995 119 1022 nibil
132 994 317 1029 perniciosius,
332 992 399 1018 nihil
410 991 483 1027 quod
495 992 585 1018 minus
597 991 662 1017 haec
672 991 766 1017 civitas
779 990 846 1016 serre

51 1033 145 1067 possit.
185 1030 390 1065 Proscriptionis
405 1029 587 1056 miserrimum
603 1037 699 1055 nomen
715 1028 798 1058 illud,
821 1032 846 1054 et

51 1070 138 1096 omnis
150 1069 278 1095 acerbitas
292 1067 396 1094 Sullani
413 1067 553 1101 temporis,
576 1066 642 1101 quid
659 1066 750 1096 habet,
773 1065 846 1100 quod

51 1107 167 1133 maxime
183 1106 218 1133 sit
232 1106 337 1141 insigne
352 1104 385 1130 ad
400 1104 555 1130 memoriam
577 1102 761 1130 crudelitatis?
780 1103 846 1137 Opi-

51 1152 108 1176 nor,
121 1152 233 1179 poenam
244 1144 272 1170 in
283 1144 355 1170 cives
367 1142 497 1168 Romanos
510 1141 665 1168 nominatim
677 1141 735 1167 sine
746 1140 846 1166 iudicio

50 1182 232 1208 constitutam.
264 1181 306 1207 44.
328 1181 401 1206 Hanc
412 1188 458 1206 vos
471 1179 565 1214 igitur,
580 1179 731 1213 pontifices,
746 1178 846 1204 iudicio

51 1223 130 1254 atque
145 1219 297 1245 auctoritate
314 1222 400 1244 vestra
416 1217 524 1243 tribuno
534 1216 620 1251 plebis
632 1220 787 1251 potestatem
798 1215 846 1241 da-

50 1256 128 1287 bitis,
147 1260 176 1283 ut
187 1256 350 1291 proscribere
362 1255 455 1290 possit,
468 1263 537 1289 quos
549 1253 631 1280 velit?
652 1262 751 1288 quaero
762 1253 842 1283 enim,

50 1293 118 1329 quid
128 1294 163 1320 sit
173 1293 247 1319 aliud
259 1293 433 1328 proscribere.
455 1299 803 1321 VEL111s‚1UBEATts,Ur
817 1299 844 1316 ιι.

50 1340 173 1358 TULLIUS
187 1340 214 1357 IN
228 1339 368 1357 CtvtTATE
382 1337 416 1355 NE
431 1338 488 1359 StT,
509 1337 642 1358 BONAQUE
658 1336 726 1354 Eius
739 1337 773 1354 UT
787 1335 845 1353 MEA

50 1378 122 1395 srur.
162 1368 199 1394 Ita
212 1368 282 1394 enim
295 1367 364 1397 fecit,
378 1366 428 1393 etsi
440 1366 499 1392 aliis
511 1366 600 1392 verbis
612 1365 682 1391 tulit.
723 1365 776 1391 Hoc
788 1364 846 1399 ple-

50 1406 194 1432 beiscitum
206 1404 263 1431 est?
274 1405 337 1431 haec
350 1403 409 1431 lex?
421 1403 484 1429 hacc
496 1403 595 1438 rogatio
605 1402 662 1429 est?
673 1402 722 1429 hoc
733 1411 779 1428 vos
791 1402 845 1437 pati

51 1442 180 1478 potestis?
200 1443 250 1469 hoc
265 1442 332 1469 serre
346 1438 453 1472 civitas,
471 1445 501 1467 ut
515 1440 616 1476 singuli
636 1440 709 1466 cives
729 1439 845 1475 singulis

51 1480 192 1507 versiculis
203 1488 217 1506 e
231 1480 338 1506 civitate
354 1477 497 1506 tollantur?
516 1478 649 1513 Equidem
666 1478 718 1504 iam
736 1477 846 1511 pertun-

49 1523 108 1545 ctus
120 1526 196 1544 sum:
219 1517 321 1543 nullam
334 1517 398 1548 vim,
412 1515 518 1542 nullum
530 1516 661 1550 impetum
674 1519 776 1541 metuo:
799 1523 846 1540 ex-

50 1555 122 1591 plevi
138 1555 240 1581 animos
256 1554 423 1581 invidorum:
446 1553 548 1588 placavi
569 1553 628 1579 odia
645 1553 843 1587 improborum:

50 1593 167 1619 saturavi
182 1593 261 1619 etiam
278 1592 416 1627 perfidiam
432 1595 457 1616 et
472 1590 560 1616 scelus
573 1589 752 1625 proditorum:
769 1590 846 1615 deni-

48 1638 102 1665 que
113 1629 145 1656 de
156 1638 214 1656 mea
224 1637 405 1664 caussa‚quae
418 1628 558 1654 videbatur
571 1627 682 1662 perditis
694 1627 800 1653 civibus
812 1626 844 1653 ad

48 1667 179 1694 invidiam
191 1675 249 1693 esse
261 1667 407 1702 proposita,
421 1666 473 1692 iam
485 1674 578 1692 omncs
590 1665 682 1695 urbes,
699 1673 791 1691 omnes
803 1673 846 1690 or-

49 1705 135 1737 dines,
148 1713 241 1731 omnes
252 1704 289 1731 dii
301 1708 380 1739 atque
392 1704 514 1730 homines
525 1702 721 1729 iudicaverunt.
745 1703 785 1728 45.
795 1702 846 1728 Vo-

50 1742 225 1777 bismetipsis,
239 1742 387 1777 pontifices,
401 1746 426 1767 et
437 1741 532 1767 vestris
546 1740 635 1766 liberis
647 1740 796 1775 ceterisque
807 1740 845 1766 ci-

49 1779 129 1806 vibus
145 1788 193 1815 pro
208 1783 294 1806 vestra
306 1779 460 1805 auctoritate
472 1782 496 1804 et
507 1778 636 1812 sapientia
648 1777 787 1804 consulere
798 1777 846 1804 de-

48 1816 128 1843 betis.
155 1817 231 1848 Nam,
244 1825 330 1852 quum
342 1821 395 1843 tam
407 1816 539 1842 moderata
553 1815 649 1841 iudicia
662 1814 755 1850 populi
766 1815 820 1841 sint
831 1824 844 1841 a

48 1854 195 1881 maioribus
215 1855 370 1885 constituta,
394 1854 520 1888 primum,
544 1857 573 1879 ut
594 1861 626 1878 ne
647 1860 730 1887 poena
751 1853 844 1887 capitis

48 1900 110 1918 cum
126 1891 238 1927 pecunia
253 1892 443 1927 coniungatur:
461 1890 571 1921 deinde,
591 1898 636 1921 ne,
658 1890 709 1916 uisi
726 1891 844 1924 prodicta

48 1928 100 1960 dic,
109 1929 171 1964 quis
182 1933 331 1955 accusetur:
346 1933 375 1954 ut
385 1933 423 1954 ter
433 1933 492 1954 ante
501 1929 673 1964 magistratus
683 1929 845 1960 accusemn-

47 1966 170 1993 tei-missa
181 1965 233 1997 die,
242 1974 322 2001 quam
335 1965 461 1992 mulctam
474 1966 572 2001 irroget
582 1969 627 1991 aut
639 1966 750 1992 iudicet:
764 1975 845 2001 quar-

47 2007 73 2030 ta
85 2003 120 2029 sit
130 2003 262 2029 accusatio
274 2003 373 2029 trinum
386 2003 537 2029 nundinum
550 2003 666 2037 prodicta
677 2003 729 2034 die,
738 2011 789 2037 qua
801 2004 844 2030 die

47 2040 179 2067 iudicium
191 2040 227 2066 sit
238 2039 373 2066 futurum:
395 2049 480 2075 quum
498 2040 580 2066 multa
596 2040 674 2066 ctiam
691 2040 722 2066 ad
739 2041 845 2075 placan-

47 2077 113 2104 dum
125 2082 205 2112 atque
217 2077 248 2103 ad
260 2078 468 2104 misericordiam
481 2078 533 2103 reis
548 2086 672 2103 concessa
684 2078 751 2104 siut:
768 2078 845 2105 ‹lein-

48 2114 82 2142 de
97 2114 240 2142 exorabilis
256 2114 388 2149 populus,
412 2114 496 2140 facilis
512 2115 664 2150 sulii-rigatio
680 2123 726 2150 pro
742 2115 842 2142 salute:

47 2152 165 2188 denique
180 2152 260 2178 etiam
275 2153 298 2178 si
313 2161 367 2187 qua
379 2160 420 2178 res
432 2151 509 2178 illum
521 2152 592 2178 diem
605 2156 649 2178 aut
659 2153 788 2187 auspiciis
799 2158 845 2180 aut

48 2190 220 2217 excusatione
235 2189 358 2221 sustulit,
382 2193 433 2216 tota
448 2198 541 2215 caussa
556 2189 741 2224 iudiciumque
752 2190 844 2217 subla-

47 2231 106 2254 tum
121 2231 175 2254 est:
193 2242 230 2247 -
245 2227 337 2254 XVlll.
352 2227 393 2253 156.
412 2226 475 2252 baec
485 2235 570 2261 quum
582 2227 617 2253 itu
628 2227 720 2253 sintin
737 2236 778 2258 re,
797 2228 842 2254 ubi

48 2264 148 2291 crimen
160 2268 208 2295 est,
222 2264 269 2291 ubi
281 2268 429 2296 accusator,
445 2263 490 2289 ubi
503 2268 597 2290 testes:
614 2264 680 2299 quid
693 2265 841 2300 indignius,

47 2309 143 2337 quam,
156 2302 202 2337 qui
216 2310 302 2337 neque
313 2301 407 2328 adesse
418 2301 452 2327 sit
464 2301 566 2332 iussus,
580 2309 667 2336 neque
678 2303 783 2333 citatus,
798 2311 844 2328 ue-

47 2346 101 2375 que
111 2343 265 2370 accusatus,
279 2339 311 2365 de
322 2339 381 2365 cius
392 2339 490 2373 capite,
510 2338 614 2370 tiberis,
633 2338 746 2365 fortunis
756 2340 844 2366 omni-

49 2375 101 2403 bus
115 2376 274 2408 conductos,
295 2376 418 2407 sicarios,
441 2380 549 2411 egentes
565 2381 590 2402 et
611 2376 728 2410 perditos
749 2377 844 2403 suffra-

47 2413 123 2449 gium
136 2413 211 2445 ferre,
225 2418 250 2440 et
261 2422 318 2440 eam
332 2413 415 2449 legem
429 2413 540 2447 putare?
550 2413 591 2444 At,
604 2413 626 2439 si
640 2413 688 2439 hoc
699 2414 731 2440 de
744 2423 785 2440 me
798 2423 844 2448 po-

47 2450 111 2483 tuit,
124 2459 205 2486 quem
217 2451 310 2482 honos,
323 2460 404 2486 quem
416 2451 542 2486 dignitas,
555 2458 635 2485 quem
647 2459 750 2482 caussa,
763 2460 843 2486 quem

48 2487 199 2523 respublica
211 2488 343 2520 tuebatur,
357 2489 435 2515 cuius
447 2488 563 2522 denique
575 2488 687 2522 pecunia
700 2497 750 2515 nou
763 2497 844 2523 cxpe-

48 2524 165 2557 tebatur.
188 2525 232 2552 cui
249 2525 315 2552 nihil
332 2526 422 2552 oberat
434 2530 536 2560 praeter
546 2525 746 2551 conversionem
759 2530 843 2552 status

47 2565 74 2588 et
93 2561 291 2589 inclinationem
313 2563 497 2590 communium
515 2567 679 2597 temporum:
703 2563 769 2598 quid
786 2568 844 2589 tan-

48 2597 108 2625 dem
125 2598 246 2626 futurum
262 2604 302 2627 est
317 2601 364 2631 iis,
377 2609 501 2635 ,quorum
518 2600 570 2626 vitu
586 2605 684 2626 remota
700 2600 733 2626 ab
746 2600 843 2627 bonore

48 2635 171 2671 populari
182 2641 208 2663 et
218 2637 251 2663 ab
263 2637 311 2664 hac
322 2637 420 2664 illustri
431 2637 515 2673 gratia
531 2642 582 2668 est,
607 2638 735 2673 pecuniae
754 2643 841 2664 autem

49 2676 134 2701 tautae
144 2678 216 2706 sunt,
229 2678 259 2702 ut
269 2683 313 2702 eas
325 2676 440 2702 nimium
452 2674 539 2706 multi,
547 2679 665 2712 egentes,
678 2675 840 2711 sumptuosi,

873 1590 874 1597 ¹
897 1592 948 1622 rei,
966 1596 990 1617 tc
1005 1591 1163 1625 deprecante
1177 1591 1382 1617 damnabantur.

1284 140 1313 164 43
1334 153 1370 157 —-
1392 140 1433 164 ΞΟ.
1642 139 1686 164 481

900 209 1003 235 nobiles
1014 209 1220 244 concupiscant?
1241 210 1352 236 47.Date
1363 208 1431 235 hanc
1443 207 1550 234 tribuno
1562 207 1648 243 plebis
1661 208 1694 235 li-

899 247 1026 277 centiam,
1050 251 1075 272 et
1089 247 1230 273 intuemini
1246 246 1394 281 paullisper
1405 246 1501 272 animis
1513 246 1691 276 iuventutem,

899 288 924 310 et
935 292 979 310 eos
991 284 1121 315 maxime,
1136 285 1183 319 qui
1196 284 1336 310 imminere
1347 284 1399 309 iam
1411 282 1557 318 cupiditate
1570 282 1694 309 videntur

899 321 926 347 in
948 321 1117 347 tribuniciam
1139 326 1309 356 potestatem:
1330 321 1450 357 collegia,
1473 320 1579 346 medius
1601 320 1691 351 fidius,

900 358 1068 384 tribunorum
1081 358 1167 393 plebis
1179 363 1230 384 tota
1245 359 1422 393 reperientur,
1441 358 1490 384 hoc
1505 358 1564 384 iure
1580 357 1692 388 firmato,

899 404 968 430 quae
988 400 1080 422 coeant
1100 395 1132 421 de
1154 396 1293 422 hominum
1315 395 1589 430 locupletissimorum
1605 395 1691 426 bonis,

899 432 997 467 praeda
1009 433 1164 467 praesertim
1177 433 1299 467 populari
1311 437 1336 459 et
1347 441 1394 467 spe
1407 432 1555 468 largitionis
1567 431 1662 458 oblata.

953 470 986 496 At
1006 470 1073 504 quid
1093 469 1154 496 tulit
1170 470 1260 506 legum
1275 471 1388 504 scriptor
1404 471 1506 504 peritus
1522 474 1547 496 et
1561 469 1696 496 callidus?

900 516 1201 538 VEL1T15‚tUt³EATts,
1222 517 1256 534 ur
1270 517 1297 534 u.
1316 517 1421 534 τυιιιο
1435 516 1511 537 Aona
1525 516 1558 532 Er
1572 516 1632 533 xcxi
1648 516 1694 532 is-

899 543 1105 570 rnnnicarcn‘?
1116 544 1237 574 Crudele,
1251 544 1392 575 nefarium,
1407 553 1439 570 ne
1450 545 1477 570 in
1488 544 1695 570 sceleratissimo

899 581 1009 616 quidem
1021 582 1073 607 civi
1085 582 1142 607 sine
1154 581 1253 607 iudicio
1265 581 1418 608 ferundum.
1461 582 1517 607 Non
1529 581 1598 612 tulit,
1612 586 1641 607 ut
1653 582 1695 608 in-

900 618 1051 644 terdicatur.
1083 618 1154 650 Quid
1165 618 1246 654 ergo?
1256 628 1289 645 ur
1303 628 1460 645 1N'fE1tD1C1
1469 628 1505 645 est
1519 628 1571 644 str.
1603 618 1624 645 O
1635 627 1694 645 coe-

899 664 973 686 num,
987 664 1002 682 o
1014 660 1174 690 portentum,
1188 664 1203 682 ο
1214 656 1316 682 scelus!
1339 657 1410 682 Hanc
1425 656 1472 682 tibi
1487 656 1572 691 legem
1585 656 1694 682 Clodius

899 693 1019 727 scripsit,
1042 694 1206 727 spurciorem
1224 693 1314 728 lingua
1331 692 1397 719 sua‘?
1418 698 1447 719 ut
1461 693 1631 719 interdictum
1648 694 1692 724 sit,

898 730 942 756 cui
954 739 1005 756 non
1017 730 1052 756 sit
1063 730 1253 756 interdictum?
1264 730 1342 757 Sexte
1355 735 1451 761 noster,
1461 730 1527 756 bona
1535 731 1625 756 venia:
1639 730 1691 761 dic,

899 768 1025 802 quoniam
1046 768 1098 793 iam
1114 767 1269 793 dialecticus
1285 776 1326 798 es,
1350 772 1374 793 et
1390 768 1439 794 hoc
1454 776 1561 802 quoque
1584 767 1692 803 liguris:

899 804 971 839 quod
984 804 1080 831 factum
1094 813 1146 831 non
1157 809 1210 836 est,
1228 810 1258 831 ut
1268 806 1302 831 sit
1314 805 1412 831 sactum
1421 826 1426 835 ,
1445 804 1506 830 ferri
1518 804 1549 830 ad
1563 805 1694 839 populum

899 846 945 868 aut
965 842 1055 868 verbis
1077 841 1140 868 ullis
1155 843 1253 868 sanciri
1270 847 1315 868 aut
1331 842 1465 877 suffragiis
1481 842 1630 868 confirmari
1647 851 1695 876 po-

900 878 967 905 test?
996 880 1037 905 48.
1060 880 1113 905 Hoc
1125 884 1152 906 tu
1164 880 1305 914 scriptore,
1319 880 1368 906 hoc
1379 879 1538 909 consiliario,
1553 879 1602 905 hoc
1614 880 1695 906 mini-

898 921 965 948 stro,
979 917 1099 943 omnium
1112 925 1164 943 non
1175 917 1304 952 bipedum
1317 917 1413 948 solum,
1427 916 1474 942 sed
1485 917 1563 942 etiam
1575 916 1695 951 quadru-

898 954 998 989 pedum
1009 955 1208 989 impurissimo,
1221 955 1416 989 rempublicam
1428 953 1587 989 perdidisti?
1608 962 1694 989 neque

898 996 926 1018 tu
938 1000 995 1018 eras
1007 996 1059 1018 tam
1071 1000 1177 1023 excors,
1192 997 1299 1027 tamque
1310 992 1428 1023 demens,
1444 996 1473 1018 ut
1484 992 1608 1021 nescires,
1623 991 1695 1018 hunc

897 1029 1020 1056 Clodium
1032 1038 1099 1060 esse,
1108 1030 1156 1064 qui
1167 1034 1255 1056 contra
1268 1029 1340 1065 leges
1352 1029 1460 1055 faceret:
1474 1028 1548 1059 alios,
1562 1030 1609 1063 qui
1622 1028 1695 1064 leges

897 1067 1012 1093 scribere
1024 1066 1152 1093 solerent:
1164 1067 1211 1093 sed
1223 1075 1310 1102 neque
1322 1076 1422 1097 corum,
1437 1075 1523 1101 neque
1535 1071 1692 1097 ceterorum,

897 1104 925 1130 in
936 1104 1037 1138 quibus
1049 1109 1119 1130 esset
1130 1104 1234 1139 aliquid
1246 1104 1399 1135 modestiae,
1412 1105 1573 1138 cuiusquam
1587 1104 1634 1129 tibi
1648 1112 1696 1138 po-

897 1141 977 1168 test'as
990 1141 1053 1168 suit:
1067 1150 1154 1176 neque
1166 1146 1194 1168 tu
1207 1142 1298 1177 legum
1310 1142 1486 1177 scriptoribus
1499 1141 1593 1167 iisdem
1606 1141 1696 1175 potui-

897 1180 930 1205 sti
943 1180 990 1209 uti,
999 1179 1099 1214 quibus
1110 1180 1200 1210 ceteri,
1210 1188 1296 1214 neque
1308 1188 1417 1214 operum
1430 1179 1593 1205 architectis:
1607 1187 1694 1213 neque

898 1216 1050 1251 pontificem
1071 1216 1211 1248 adhibere,
1234 1226 1315 1252 quem
1337 1217 1434 1243 velles:
1457 1221 1592 1251 postremo
1613 1224 1645 1242 ne
1667 1217 1693 1242 in

898 1254 1009 1288 praedae
1020 1254 1130 1289 quidem
1143 1255 1267 1280 societate
1279 1255 1429 1289 mancipem
1441 1258 1487 1280 aut
1498 1253 1637 1288 praedem,
1651 1262 1695 1279 so-

897 1291 969 1318 cium
981 1296 1053 1317 extra
1066 1296 1171 1318 tuorum
1187 1291 1365 1327 gladiatorum
1382 1300 1538 1321 numerum,
1557 1295 1603 1317 aut
1618 1290 1695 1317 deni-

866 1328 868 1337 ⁴
897 1337 950 1363 que
965 1329 1084 1364 suffragii
1102 1328 1210 1355 latorem
1226 1330 1253 1355 in
1269 1330 1318 1356 ista
1335 1334 1379 1356 tua
1396 1329 1587 1364 proscriptione
1599 1337 1694 1363 quem-

897 1375 987 1401 quam,
1002 1367 1053 1392 nisi
1066 1366 1152 1392 furem
1164 1371 1209 1393 aut
1220 1367 1356 1398 sicarium,
1371 1367 1485 1401 reperire
1497 1366 1617 1400 potuisti,

952 1404 1026 1430 XIX.
1037 1405 1076 1430 49.
1090 1404 1180 1438 ltaque
1191 1412 1276 1439 quum
1289 1409 1316 1430 tu
1328 1404 1423 1431 florens
1435 1412 1464 1430 ac
1475 1408 1568 1438 potens
1580 1411 1627 1437 per
1638 1411 1694 1429 mc-

897 1441 972 1467 dium
991 1439 1126 1478 [cohortis]
1143 1441 1280 1476 popularis
1297 1442 1434 1468 volitarcs:
1458 1441 1536 1467 amici
1548 1440 1587 1466 illi
1603 1440 1650 1470 tui,
1669 1445 1693 1466 tc

896 1488 950 1505 uno
966 1479 1051 1504 amico
1066 1479 1127 1504 tecti
1143 1483 1168 1505 et
1183 1479 1266 1509 beati,
1283 1479 1330 1514 qui
1345 1488 1372 1505 se
1385 1478 1483 1513 populo
1494 1478 1691 1508 commiserant,

896 1517 931 1543 ita
944 1516 1153 1551 repellebantur,
1168 1520 1197 1542 ut
1207 1517 1286 1542 etiam
1299 1516 1444 1543 Palatinam
1457 1520 1528 1542 tuam
1542 1515 1691 1550 perderent.

897 1554 948 1586 Qui
960 1554 986 1580 in
999 1553 1129 1579 iudicium
1143 1558 1282 1584 venerant,
1305 1554 1362 1580 sive
1374 1559 1539 1580 accusatores
1551 1557 1625 1578 erant
1635 1553 1694 1579 sive

1424 1591 1542 1625 Denique
1557 1590 1635 1616 etiam
1648 1589 1694 1616 ille

898 1629 1015 1655 novitius
1027 1629 1123 1663 Ligur,
1143 1628 1244 1655 venalis
1260 1630 1387 1664 ascriptor
1403 1633 1427 1654 ct
1442 1628 1607 1662 subscriptor
1619 1632 1691 1657 tuus,

897 1675 982 1701 quum
995 1666 1030 1692 M.
1044 1666 1155 1700 Papirii,
1170 1667 1211 1692 sui
1225 1665 1322 1692 fratris.
1336 1671 1405 1693 esset
1418 1670 1574 1692 testamento
1585 1669 1610 1690 et
1621 1664 1694 1690 iudi-

896 1704 937 1730 cio
953 1703 1133 1738 improbatus,
1157 1708 1267 1729 mortem
1283 1704 1340 1730 eius
1353 1712 1381 1729 se
1394 1703 1461 1729 velle
1474 1703 1597 1737 persequi
1610 1701 1692 1728 dixit:

897 1750 993 1768 nomen
1010 1740 1071 1767 Sex.
1090 1741 1217 1775 Propertii
1233 1741 1338 1767 detulit.
1379 1741 1510 1767 Accusare
1526 1739 1626 1765 alienae
1647 1739 1694 1765 ‹la-

897 1778 1041 1805 mnationis
1053 1778 1216 1813 scelerisque
1227 1779 1326 1809 socios,
1350 1783 1457 1813 propter
1472 1777 1621 1803 calumniae
1638 1785 1693 1802 me-

897 1821 968 1847 tum,
983 1825 1034 1842 non
1046 1820 1085 1842 cst
1097 1824 1189 1842 ausus.
1231 1817 1273 1842 50.
1296 1817 1331 1842 De
1343 1816 1390 1842 bac
1402 1816 1484 1851 igitur
1497 1815 1554 1850 lege
1565 1814 1691 1845 dicimus,

897 1862 965 1890 quae
977 1854 1034 1880 iure
1046 1857 1134 1888 rogata
1151 1853 1286 1880 videatur:
1309 1854 1387 1879 cuius
1402 1861 1483 1888 quam
1500 1853 1616 1887 quisquc
1633 1860 1694 1886 par-

897 1896 949 1918 tem
961 1891 1060 1927 tetigit,
1074 1891 1172 1926 digito,
1186 1899 1262 1922 voce,
1277 1890 1386 1926 pracda,
1400 1890 1539 1925 sutl‘rugio:
1561 1898 1694 1924 quocum-

896 1938 948 1965 que
961 1930 1042 1960 venit,
1056 1928 1212 1963 repudiatus
1223 1929 1416 1963 convictusque
1427 1927 1560 1954 discessit.

950 1966 1034 1998 Quid,
1053 1967 1075 1992 si
1092 1966 1125 1992 iis
1142 1966 1232 1992 verbis
1248 1967 1346 2001 scripta
1363 1971 1401 1992 cst
1414 1967 1462 1992 ista
1475 1964 1646 2000 proscriptio,
1665 1968 1694 1990 ut

897 2013 925 2031 se
940 2005 998 2039 ipsa
1015 2002 1163 2030 dissolvat?
1185 2008 1225 2030 est
1241 2004 1326 2035 euim,
1350 2013 1425 2034 ouon
1444 2013 1469 2029 u.
1486 2011 1607 2029 τιίιιυ5
1622 2011 1692 2027 FAL-

896 2051 951 2068 sun
965 2050 1272 2068 semroscousuaruu
1288 2050 1463 2067 ιιετυιιῑιιιτ.
1487 2040 1514 2066 Si
1527 2040 1609 2075 igitur
1621 2043 1693 2065 retu-

898 2079 927 2105 lit
939 2079 1035 2105 l'alsum
1048 2078 1326 2109 scnatusconsultmn,
1346 2083 1401 2104 tum
1418 2083 1456 2104 est
1469 2078 1583 2112 rogatio:
1606 2077 1628 2102 si
1641 2084 1692 2102 uon

897 2117 995 2147 retulit,
1010 2116 1083 2142 nulla
1095 2121 1144 2142 cst.
1167 2115 1271 2142 Satisne
1284 2116 1330 2141 tibi
1343 2115 1448 2141 videtur
1459 2124 1472 2140 a
1485 2119 1577 2140 senatu
1591 2114 1693 2139 iudica-

896 2158 952 2180 tum
961 2174 967 2184 ,
985 2162 1028 2180 me
1045 2162 1095 2179 non
1113 2153 1191 2179 modo
1207 2162 1258 2180 uon
1270 2153 1427 2179 ementitum
1439 2161 1498 2177 csse
1510 2152 1692 2177 auctoritatem

895 2192 953 2217 eius
969 2191 1084 2221 ordinis,
1107 2190 1154 2216 sed
1169 2191 1248 2216 etiam
1265 2199 1349 2216 unum
1366 2195 1424 2224 post
1440 2189 1536 2215 Urbem
1559 2188 1692 2214 conditam

895 2228 1102 2264 diligentissime
1113 2228 1216 2254 senatui
1230 2227 1369 2262 paruisse?
1380 2229 1449 2259 Quot
1460 2226 1545 2252 modis
1556 2226 1644 2255 docco,
1656 2225 1693 2251 lc-

895 2274 955 2301 gctn
978 2265 1064 2295 istam,
1087 2273 1168 2299 quatu
1191 2274 1277 2292 vocas.
1300 2274 1350 2291 uon
1367 2273 1425 2290 csse
1443 2263 1547 2299 legem?
1565 2262 1644 2294 Quid,
1668 2263 1691 2288 si

895 2303 974 2329 etiam
986 2302 1110 2337 pluribus
1121 2302 1154 2328 de
1165 2302 1245 2328 rebus
1257 2310 1309 2328 uno
1319 2303 1412 2327 sortitu
1425 2299 1558 2327 retulisti?
1569 2305 1692 2326 tumcnuc

895 2339 1040 2369 arbitraris,
1065 2339 1100 2368 id,
1122 2339 1194 2373 quod
1207 2340 1241 2365 M.
1256 2339 1357 2365 Drusus
1370 2339 1395 2365 iu
1410 2338 1514 2373 legibus
1526 2338 1584 2363 suis
1596 2337 1693 2371 pleris-

895 2386 960 2412 que,
975 2377 1060 2402 bouus
1073 2376 1117 2402 illc
1131 2376 1183 2407 vir,
1199 2377 1233 2402 M.
1247 2376 1377 2407 Scaurus,
1391 2380 1415 2401 et
1429 2376 1456 2401 l..
1471 2376 1582 2400 crassus
1593 2383 1692 2400 consu-

897 2415 958 2440 laris
970 2422 1021 2440 non
1033 2413 1208 2444 obtinuerint,
1228 2413 1254 2439 id
1267 2418 1290 2439 tc
1302 2422 1392 2448 posse,
1410 2413 1530 2438 oninium
1544 2411 1691 2438 facinorum

895 2456 920 2478 et
936 2456 1089 2486 stuprorum
1105 2451 1226 2477 oninium
1240 2451 1362 2476 Diu-umis
1379 2455 1403 2476 ct
1415 2450 1514 2476 Clodiis
1526 2449 1688 2477 auctoribus,

895 2488 1032 2515 obtinere?
1052 2489 1094 2514 5¹.
1111 2488 1206 2514 ‘l'ulisti
1219 2488 1318 2518 deme,
1333 2497 1364 2514 ue
1376 2488 1515 2521 reciperer,
1530 2496 1581 2512 nou
1595 2491 1622 2512 ut
1633 2487 1691 2512 cxi-

895 2535 964 2552 rcm:
985 2534 1065 2561 quem
1083 2530 1110 2551 tu
1127 2526 1184 2560 ipse
1201 2534 1252 2552 nou
1266 2530 1368 2560 putcrus
1379 2525 1467 2551 dict-rc
1479 2533 1529 2550 uon
1543 2523 1620 2550 licere
1631 2532 1691 2549 csso

896 2564 1003 2589 Romae.
1044 2563 1106 2589 XX.
1129 2563 1198 2595 Quid
1210 2563 1281 2589 euim
1294 2562 1414 2588 diceres?
1430 2560 1607 2588 Damnatum?
1620 2566 1690 2587 certo

896 2610 957 2626 nou.
984 2600 1155 2635 Expulsum?
1169 2601 1216 2635 qui
1231 2600 1322 2626 licuit?
1332 2600 1384 2626 Sed
1397 2605 1484 2626 tamen
1498 2608 1529 2625 uc
1541 2599 1567 2625 ul
1579 2598 1689 2633 quidem

894 2642 934 2664 cst
954 2638 1094 2673 scriptum,
1117 2643 1145 2664 ut
1166 2638 1281 2664 exirem:
1304 2646 1386 2672 poena
1407 2642 1455 2667 est,
1478 2637 1524 2671 qui
1546 2636 1688 2671 receperit:

894 2684 974 2711 quam
986 2683 1079 2702 omues
1091 2675 1280 2712 neglexerunt:
1297 2675 1391 2702 eiectio
1403 2682 1537 2710 nusquam
1549 2678 1597 2700 est.
1639 2673 1690 2699 Ye-

1448 2724 1478 2747 til
