1941 3052
430 152 519 179 PRO
552 153 581 178 T.
616 152 771 179 ANNIO
803 152 1003 179 MILONE.
1044 153 1141 179 CAP.
1177 155 1326 180 22—28.

61 232 102 250 res
115 224 151 250 tui
163 222 331 254 dictitarunt,
344 223 368 249 si
379 222 444 250 haec
455 232 536 255 arma,
549 224 574 250 si
589 223 752 258 Capitolinae
763 223 856 250 cohor-

61 266 113 292 tes,
130 269 153 287 si
170 260 312 292 excubiae,
326 261 349 286 si
361 260 478 296 vigiliae,
492 261 515 287 si
525 260 626 287 delecta
638 262 775 292 iuventus,
787 269 857 296 quae

61 304 137 325 tuum
152 306 250 332 corpus
265 297 430 332 domumque
444 298 573 330 custodit,
586 303 676 325 contra
687 298 795 325 Milonis
806 299 858 324 im-

60 339 152 371 petum
168 339 267 361 armata
282 339 336 366 est,
350 339 429 370 atque
440 335 485 361 illa
497 336 585 362 omnia
597 336 625 362 in
637 336 708 362 hunc
718 344 804 362 unum
816 336 858 362 in-

60 373 160 403 stituta,
175 377 272 407 parata,
285 373 386 399 intenta
399 376 476 399 sunt:
498 381 594 409 magna
605 373 688 400 inhoc
698 377 768 400 certe
780 373 821 399 vis
831 376 858 399 et

61 409 226 437 incredibilis
237 410 352 440 animus,
366 414 392 436 et
401 418 454 436 non
465 411 546 437 unius
558 411 609 436 viri
621 411 692 436 vires
702 415 782 445 atque
792 418 856 444 opes

61 447 226 478 iudicantur,
244 447 267 473 si
277 447 388 482 quidem
401 448 428 474 in
442 447 515 474 hunc
526 456 611 474 unum
622 452 648 474 et
660 447 857 482 praestantissi-

61 493 122 512 mus
132 484 189 511 dux
199 484 300 511 electus
311 489 337 511 et
347 489 399 511 tota
410 485 561 519 respublica
572 490 671 511 armata
683 489 732 511 est.
753 486 794 511 68.
804 483 857 510 Sed

60 522 123 557 quis
134 530 186 548 non
197 521 323 558 intelligit
333 530 426 549 omnes
437 522 486 548 tibi
497 522 660 557 reipublicae
666 526 754 557 partes
765 530 856 557 aegras

60 563 87 588 et
106 558 234 590 labantes,
258 563 287 586 ut
306 568 351 586 eas
367 559 409 586 his
425 560 506 586 armis
520 568 626 586 sanares
638 564 664 586 et
676 559 854 590 confirmares,

60 604 120 623 esse
139 596 315 623 commissas?
334 596 411 629 Quod
431 597 455 623 si
475 596 568 623 Miloni
583 597 658 623 locus
676 596 754 623 datus
769 600 854 628 esset;

60 634 200 669 probasset
215 634 332 669 profecto
347 634 395 660 tibi
407 634 468 668 ipsi,
481 635 616 660 neminem
628 642 756 668 umquam
769 633 857 660 homi-

62 680 122 698 nem
141 671 242 698 homini
257 672 383 698 cariorem
400 671 492 702 fuisse,
505 680 587 706 quam
599 675 624 697 te
635 671 697 702 sibi,
710 670 816 697 nullum
828 679 857 696 se

62 717 192 744 umquam
212 708 363 744 periculum
383 717 431 743 pro
451 713 497 735 tua
510 709 640 744 dignitate
655 708 772 744 fugisse:
794 716 856 734 cum

61 745 109 773 illa
128 747 186 781 ipsa
207 747 356 773 taeterrima
376 750 450 780 peste
469 746 628 780 saepissime
648 754 695 780 pro
710 750 755 772 tua
770 744 855 780 gloria

61 783 245 810 contendisse:
276 783 440 810 tribunatum
465 791 547 809 suum
571 783 604 809 ad
623 783 737 809 salutem
758 791 854 813 meam,

61 829 130 856 quae
146 821 194 847 tibi
204 821 340 847 carissima
351 819 456 850 fuisset,
469 820 589 846 consiliis
602 821 654 847 tuis
665 820 854 856 gubernatum,

62 866 92 885 se
107 866 120 884 a
136 862 161 884 te
176 862 266 892 postea
282 857 423 884 defensum
440 857 467 884 in
483 857 602 892 periculo
611 858 720 892 capitis,
734 857 856 883 adiutum

61 895 89 923 in
100 895 226 930 petitione
242 899 392 929 praeturae,
405 894 473 921 duos
484 903 514 921 se
524 895 622 922 habere
632 903 738 930 semper
748 895 857 920 amicis-

61 933 145 959 simos
156 940 286 967 sperasse,
300 936 325 959 te
336 937 380 959 tuo
392 932 529 964 beneficio,
543 941 585 958 me
596 941 655 959 suo.
686 932 760 964 Quae
770 933 793 958 si
805 940 857 958 non

61 970 193 1005 probaret,
210 970 234 996 si
250 970 299 996 tibi
314 970 350 996 ita
364 970 472 1004 penitus
487 970 648 997 inhaesisset
661 970 711 996 ista
727 970 855 1004 suspicio,

62 1006 137 1034 nullo
147 1011 177 1034 ut
187 1007 266 1033 evelli
278 1007 356 1034 modo
367 1012 466 1042 posset,
474 1007 620 1042 sidenique
631 1007 704 1034 ltalia
716 1015 730 1033 a
741 1007 854 1037 delectu,

61 1044 130 1072 Urbs
140 1045 174 1071 ab
185 1045 340 1076 armis,sine
351 1044 458 1071 Milonis
469 1044 544 1071 clade
555 1053 704 1080 numquam
715 1049 785 1071 esset
795 1053 858 1071 con-

61 1083 198 1118 quietura:
223 1090 272 1108 nae
286 1082 336 1108 iste
352 1082 424 1108 haud
439 1082 565 1109 dubitans
581 1083 707 1109 cessisset
718 1082 809 1116 patria,
823 1082 855 1113 is,

60 1119 109 1155 qui
124 1120 160 1146 ita
175 1124 253 1146 natus
269 1123 321 1150 est,
340 1124 365 1146 et
380 1120 416 1146 ita
426 1121 579 1153 consuevit;
602 1124 635 1151 te,
652 1120 756 1156 Magne,
769 1124 856 1147 tamen

61 1161 245 1188 antestaretur,
258 1157 331 1192 quod
341 1166 414 1184 nunc
424 1158 504 1184 etiam
515 1157 587 1184 facit.
613 1158 710 1185 XXVI.
724 1160 765 1184 69.
779 1157 855 1189 Vide,

62 1203 144 1230 quam
166 1195 202 1222 sit
221 1195 293 1222 varia
313 1195 383 1222 vitae
402 1195 656 1231 commutabilisque
677 1196 751 1227 ratio,
775 1204 856 1230 quam

62 1240 128 1269 vaga
153 1232 336 1268 volubilisque
361 1232 479 1265 fortuna,
504 1238 619 1268 quantae
639 1232 808 1259 infidelitates
830 1233 857 1259 in

63 1270 201 1301 amicitiis,
218 1278 300 1305 quam
316 1270 348 1296 ad
361 1274 466 1305 tempus
478 1276 553 1305 aptae
564 1270 758 1302 simulationes,
771 1279 858 1305 quan-

62 1311 103 1334 tae
118 1308 145 1334 in
161 1307 288 1342 periculis
303 1307 382 1343 fugae
398 1309 590 1342 proximorum,
604 1313 719 1343 quantae
730 1307 859 1334 timidita-

62 1349 111 1372 tes.
142 1345 207 1375 Erit,
226 1345 275 1371 erit
289 1344 357 1371 illud
368 1344 484 1380 profecto
497 1350 613 1380 tempus,
625 1350 651 1372 et
662 1345 799 1372 illucescet
809 1344 859 1371 ali-

61 1382 170 1417 quando
183 1381 229 1408 ille
239 1382 306 1413 dies,
318 1391 404 1418 quum
416 1387 444 1409 tu
455 1382 628 1415 salutaribus,
641 1387 671 1409 ut
681 1391 768 1418 sper0,
777 1382 858 1409 rebus

62 1419 125 1450 tuis,
138 1419 186 1446 sed
197 1419 308 1446 sortasse
318 1424 392 1446 motu
403 1419 494 1455 aliquo
504 1421 689 1447 communium
697 1425 856 1455 temporum,

61 1456 119 1492 (qui
133 1465 215 1492 quam
230 1458 322 1484 crebro
337 1457 451 1488 accidat,
468 1458 571 1493 experti
585 1459 653 1484 scire
667 1457 819 1492 debemus)
834 1461 860 1483 et

62 1494 220 1521 amicissimi
251 1494 462 1521 benevolentiam
471 1516 477 1526 ,
507 1499 533 1522 et
561 1495 715 1531 gravissimi
742 1495 858 1521 hominis

62 1531 142 1558 fidem
150 1552 156 1562 ,
170 1536 195 1558 et
205 1533 286 1558 unius
297 1537 358 1567 post
369 1532 490 1559 homines
502 1537 577 1559 natos
589 1532 728 1559 fortissimi
741 1533 791 1558 viri
802 1541 859 1558 ma-

61 1569 231 1605 gnitudinem
254 1570 337 1596 animi
357 1569 503 1596 desideres.
541 1571 575 1596 70
607 1570 777 1605 Quamquam
796 1570 859 1605 quis

63 1606 112 1633 hoc
122 1606 219 1638 credat,
233 1606 282 1633 Cn.
294 1607 460 1642 Pompeium,
475 1607 542 1634 iuris
552 1607 668 1642 publici,
681 1607 764 1634 moris
776 1607 860 1633 maio-

62 1652 136 1675 rum,
155 1644 193 1670 rei
203 1644 320 1680 denique
331 1644 455 1680 publicae
466 1645 671 1679 peritissimum,
684 1653 770 1680 quum
781 1653 860 1671 sena-

63 1685 106 1708 tus
125 1681 150 1708 ei
166 1682 342 1713 commiserit,
361 1686 390 1709 ut
405 1682 516 1713 videret,
534 1691 568 1709 aa
587 1692 658 1714 Qum
676 1691 859 1709 RESFUBMCA

63 1727 172 1746 nerunt
180 1728 193 1745 s
201 1728 246 1746 N'rt
260 1728 332 1746 cara
341 1729 408 1746 ner:
423 1727 478 1755 quo
490 1719 753 1747 unoversiculosatis
763 1719 858 1746 armati

62 1763 168 1791 semper
188 1756 313 1783 consules
334 1756 455 1788 suerunt,
476 1758 556 1784 etiam
577 1757 660 1784 nullis
675 1758 758 1784 armis
773 1757 856 1784 datis:

63 1792 134 1820 hunc
149 1795 281 1826 exercitu,
296 1794 367 1821 hunc
379 1794 483 1821 delectu
494 1795 563 1827 dato,
575 1795 708 1822 iudicium
719 1799 859 1830 exspecta-

62 1834 151 1858 turum
167 1830 250 1858 fuisse
262 1832 288 1858 in
299 1832 357 1858 eius
368 1832 487 1858 consiliis
500 1833 677 1864 vindicandis,
690 1833 738 1868 qui
750 1833 776 1859 vi
787 1832 859 1859 iudi-

61 1868 101 1895 cia
113 1868 171 1904 ipsa
182 1868 303 1895 tolleret?
317 1869 387 1896 Satis
398 1869 546 1896 iudicatum
557 1875 598 1897 est
608 1879 622 1896 a
634 1871 768 1905 Pompeio,
781 1870 855 1901 satis,

63 1904 130 1933 falso
144 1906 194 1932 ista
209 1905 323 1933 conferri
338 1907 365 1933 in
380 1906 521 1934 Milonem:
544 1908 591 1943 qui
607 1907 695 1943 legem
706 1907 779 1939 tulit,
793 1916 856 1943 qua,

63 1947 93 1969 ut
112 1951 161 1979 ego
175 1944 274 1975 sentio,
291 1943 417 1970 Milonem
432 1944 535 1971 absolvi
550 1953 564 1971 a
581 1945 657 1971 vobis
671 1949 816 1980 oporteret,
829 1948 860 1971 ut

61 1987 155 2006 omnes
169 1980 342 2012 confitentur,
356 1980 455 2008 liceret.
476 1982 504 2008 7⁴
513 2003 519 2008 .
531 1981 610 2014 Quod
621 1991 683 2009 vero
693 1983 721 2009 in
733 1983 779 2009 illo
791 1982 856 2013 loco,

62 2021 142 2052 atque
157 2017 212 2044 illis
228 2018 398 2052 publicorum
411 2019 604 2053 praesidiorum
615 2020 700 2055 copiis
711 2019 859 2046 circumsu-

61 2062 110 2081 sus
121 2054 209 2081 sedet:
225 2055 290 2081 satis
301 2055 424 2086 declarat,
433 2064 462 2082 se
473 2065 524 2083 non
535 2057 764 2084 terroreminl'erre
771 2057 856 2088 vobis,

61 2091 139 2127 (quid
158 2093 231 2118 enim
244 2092 291 2119 illo
305 2093 395 2120 minus
411 2093 539 2129 dignum,
555 2103 637 2129 quam
651 2103 758 2130 cogere,
771 2099 802 2122 ut
811 2103 859 2121 vos

62 2136 125 2156 eum
145 2129 338 2161 condemnetis,
362 2131 390 2157 in
409 2139 491 2166 quem
512 2131 723 2158 animadvertere
744 2133 816 2167 ipse,
834 2136 860 2158 et

63 2174 136 2193 more
147 2167 279 2193 maiorum
290 2171 316 2193 et
326 2176 376 2194 suo
387 2168 453 2199 iure,
463 2168 579 2203 posset‘?)
590 2169 637 2196 sed
644 2169 777 2204 praesidio
788 2178 857 2200 esse,

62 2207 93 2230 ut
102 2204 269 2240 intelligatis,
276 2209 366 2231 contra
373 2205 524 2232 hesternam
534 2207 688 2233 concionem
699 2207 773 2234 illam
781 2207 860 2234 licero

63 2241 149 2272 vobis,
161 2242 234 2276 quod
244 2242 374 2273 sentiatis,
388 2242 470 2269 libere
481 2243 608 2270 iudicare.

117 2278 226 2306 xxvu.
247 2280 290 2306 72.
308 2280 361 2306 Nec
373 2288 435 2306 vero
446 2288 498 2311 me,
511 2281 623 2313 iudices,
636 2280 794 2308 Clodianum
807 2282 860 2309 cri-

64 2323 125 2342 men
139 2321 242 2343 movet:
265 2325 313 2343 nec
324 2321 377 2343 tam
390 2326 451 2344 sum
462 2317 574 2344 demens
585 2323 693 2354 tamque
706 2320 787 2346 vestri
798 2328 860 2346 sen-

64 2360 112 2379 sus
126 2353 236 2389 ignarus
252 2359 331 2389 atque
346 2363 456 2389 expers,
473 2359 502 2381 ut
513 2355 639 2387 nesciam,
652 2356 720 2391 quid
731 2356 764 2383 de
775 2361 860 2383 morto

64 2388 150 2417 Clodii
167 2391 297 2418 sentiatis.
337 2392 374 2418 De
393 2401 460 2427 qua,
482 2393 504 2418 si
524 2393 576 2419 iam
593 2393 690 2420 nollem
706 2394 741 2420 ita
756 2393 859 2420 diluere

64 2427 174 2459 crimen,
187 2433 218 2455 ut
227 2428 305 2460 dilui,
320 2433 408 2456 tamen
421 2430 531 2464 impune
543 2430 634 2457 Miloni
647 2430 733 2465 palam
745 2430 859 2457 clamare

65 2467 144 2499 atque
155 2466 262 2492 mentiri
277 2466 392 2502 gloriose
406 2467 508 2494 liceret:
530 2467 625 2498 occidi,
638 2467 732 2499 occidi,
746 2477 797 2494 non
810 2468 857 2503 Sp.

66 2500 204 2534 Maelium,
221 2504 269 2538 qui
280 2512 383 2531 annona
395 2504 507 2530 levanda
518 2505 682 2540 iacturisque
694 2506 730 2532 rei
743 2505 859 2532 familia-

66 2537 117 2569 ris,
131 2540 193 2574 quia
208 2541 289 2567 nimis
303 2541 427 2576 amplecti
443 2541 549 2576 plebem
561 2543 717 2577 putabatur,
731 2543 757 2569 in
769 2543 860 2578 suspi-

65 2574 169 2602 cionem
179 2577 273 2604 incidit
283 2579 358 2615 regni
368 2579 520 2615 appetendi,
534 2589 586 2606 non
594 2580 633 2606 Ti.
642 2580 803 2612 Gracchum,
811 2581 859 2616 qui

67 2611 182 2655 collegae
196 2615 380 2651 magistratum
396 2625 444 2652 per
458 2617 616 2643 seditionem
628 2617 779 2653 abrogavit,
791 2626 859 2653 quo-

68 2657 127 2676 rum
141 2650 320 2680 interfectores
333 2654 515 2689 impleverunt
529 2655 620 2681 orbem
633 2659 761 2681 terrarum
774 2655 860 2682 nomi-

66 2686 110 2714 nis
124 2687 169 2714 sui
183 2687 280 2724 gloria,
296 2691 344 2718 sed
355 2700 431 2724 eum,
443 2692 563 2729 (auderet
573 2693 644 2720 enim
655 2692 756 2724 dicere,
772 2701 859 2730 quum

1655 157 1704 182 583

909 224 1020 258 patriam
1032 223 1151 259 periculo
1161 223 1460 259 suoliberasset,)cuius
1470 224 1615 252 nefandum
1626 226 1704 252 adul-

909 262 1006 287 terium
1027 261 1054 287 in
1069 261 1257 296 pulvinaribus
1273 262 1450 288 sanctissimis
1467 262 1650 289 nobilissimae
1666 263 1705 290 se-

909 299 996 324 minae
1014 298 1286 333 comprehenderunt,
1318 300 1360 326 73.
1383 308 1459 330 eum,
1477 300 1554 326 cuius
1571 300 1705 335 supplicio

909 340 1018 362 senatus
1032 335 1166 362 sollennes
1182 336 1325 371 religiones
1337 336 1482 371 expiandas
1493 345 1572 372 saepe
1583 339 1702 370 censuit;

909 381 985 404 eum,
1008 381 1089 408 quern
1109 382 1171 399 cum
1187 382 1275 400 sorore
1290 382 1416 409 germana
1432 373 1563 401 nefarium
1579 379 1703 410 stuprum

909 409 1004 436 fecisse
1025 411 1054 436 L.
1072 410 1202 436 Lucullus
1219 411 1322 437 iuratus
1338 420 1367 438 se
1381 412 1586 447 quaestionibus
1605 412 1704 439 habitis

909 447 977 473 dixit
997 448 1173 481 comperisse,
1197 457 1274 479 eum,
1297 449 1344 483 qui
1364 450 1465 480 civem,
1487 458 1568 484 quem
1584 454 1702 481 senatus,

908 493 990 519 quem
1002 485 1120 519 populus
1130 485 1276 516 Romanus,
1289 494 1371 521 quem
1382 495 1474 513 omnes
1485 492 1577 522 gentes
1584 487 1663 514 Urbis
1675 496 1705 514 ac

909 522 977 548 vitae
1005 522 1106 548 civium
1136 527 1348 549 conservatorem
1378 524 1539 555 iudicarant,
1566 533 1705 551 servorum

908 559 989 585 armis
1010 559 1211 592 exterminavit,
1233 569 1309 591 eum,
1331 561 1379 596 qui
1395 570 1475 597 regna
1491 562 1577 593 dedit,
1595 562 1702 593 ademit,

908 596 999 622 orbem
1011 597 1322 632 terrarum,quibuscum
1333 598 1426 629 voluit,
1441 600 1553 633 partitus
1565 604 1618 632 est,
1631 608 1703 630 eum,

909 634 970 668 qui,
984 633 1109 668 plurimis
1121 634 1248 661 caedibus
1259 635 1286 661 in
1299 634 1354 662 foro
1367 635 1450 666 factis,
1465 636 1595 672 singulari
1608 638 1705 663 virtute

909 676 933 697 et
944 671 1027 706 gloria
1038 672 1124 697 civem
1136 671 1247 698 domum
1258 673 1283 698 vi
1295 674 1406 699 etarmis
1418 674 1560 708 compulit,
1577 683 1648 704 eum,
1661 675 1706 700 cui

910 708 978 734 nihil
992 717 1120 743 umquam
1131 709 1206 735 nefas
1212 709 1317 736 fuitnec
1328 710 1355 736 in
1364 710 1478 737 facinore
1489 720 1536 737 nec
1544 712 1570 737 in
1578 711 1703 743 libidine,

908 754 984 776 eum,
1001 746 1049 780 qui
1064 746 1156 772 aedem
1173 747 1357 782 Nympharum
1369 748 1496 778 incendit,
1510 753 1539 774 ut
1550 749 1706 775 memoriam

909 782 1045 817 publicam
1070 783 1246 814 recensionis,
1272 784 1372 810 tabulis
1393 785 1510 819 publicis
1533 786 1703 820 impressam,

909 820 1104 856 exstingueret,
1120 822 1163 847 74.
1175 829 1237 847 eum
1248 821 1373 857 denique,
1387 823 1431 848 cui
1443 823 1494 848 iam
1507 823 1579 848 nulla
1588 823 1629 849 lex
1641 828 1704 853 crat,

909 857 1016 884 nullum
1036 857 1116 884 civile
1134 858 1191 889 ius,
1210 858 1279 885 nulli
1294 860 1496 893 possessionum
1514 861 1632 890 termini,
1658 861 1707 895 qui

910 903 962 921 non
977 895 1112 921 calumnia
1127 895 1230 927 litium,
1247 904 1299 922 non
1315 897 1424 923 iniustis
1440 897 1567 924 vindiciis
1578 906 1607 923 ac
1619 906 1707 924 sacra-

910 933 1006 958 mentis
1018 932 1119 959 alienos
1130 932 1237 963 fundos,
1250 933 1298 959 sed
1309 934 1413 964 castris,
1426 936 1554 966 exercitu,
1567 935 1653 970 signis
1666 936 1707 961 in—

909 969 1026 996 ferendis
1044 970 1163 1005 petebat:
1185 971 1233 1005 qui
1252 980 1305 997 non
1320 971 1408 998 solum
1420 972 1555 1003 Etruscos,
1569 972 1623 1007 (eos
1635 973 1705 999 enim

909 1007 1016 1041 penitus
1037 1008 1253 1043 contempserat,)
1273 1008 1321 1035 sed
1341 1009 1413 1035 hunc
1430 1010 1458 1036 P.
1476 1010 1599 1041 Varium,
1618 1011 1705 1036 virum

909 1044 1086 1071 fortissimum
1102 1050 1183 1080 atque
1193 1046 1325 1080 optimum
1336 1047 1432 1078 civem,
1446 1047 1562 1073 iudicem
1575 1052 1705 1075 nostrum.

909 1081 1007 1117 pellere
1023 1083 1255 1118 possessionibus,
1269 1084 1363 1117 armis,
1377 1085 1526 1121 castrisque
1536 1092 1646 1113 conatus
1656 1091 1705 1117 est,

908 1120 956 1155 qui
976 1129 1038 1147 cum
1060 1121 1210 1148 architectis
1230 1127 1255 1148 et
1274 1122 1445 1158 decempedis
1466 1124 1544 1150 villas
1561 1124 1707 1150 multorum

909 1158 1054 1193 hortosque
1072 1159 1242 1195 peragrabat,
1264 1161 1312 1195 qui
1328 1161 1445 1188 laniculo
1461 1166 1486 1188 et
1501 1161 1616 1196 Alpibus
1632 1170 1707 1196 spem

909 1196 1109 1230 possessionum
1122 1197 1275 1224 terminarat
1285 1206 1409 1225 suarum:
1423 1200 1479 1234 qui,
1488 1208 1573 1234 quum
1580 1199 1708 1234 abequite

909 1234 1027 1260 Romano
1043 1233 1186 1269 splendido
1201 1239 1227 1261 et
1242 1234 1303 1261 forti
1315 1236 1380 1267 viro,
1395 1237 1429 1262 M.
1443 1237 1579 1268 Pacconio,
1594 1245 1645 1263 non
1658 1237 1709 1262 irn-

909 1275 1052 1305 petrasset,
1071 1276 1099 1298 ut
1114 1271 1231 1298 insulam
1243 1272 1270 1299 in
1283 1272 1341 1299 lacu
1352 1273 1438 1300 Prelio
1449 1274 1584 1304 venderet,
1600 1278 1708 1308 repente

911 1308 1036 1335 lintribus
1053 1309 1079 1335 in
1091 1317 1149 1335 eam
1160 1309 1278 1336 insulam
1290 1311 1436 1341 materiem.
1449 1312 1558 1341 calcem,
1572 1316 1707 1338 caemente

910 1347 1709 1384 atquearmaconvexitdominoquetransripaniinspectante

910 1391 962 1409 non
980 1383 1115 1410 dubitavit
1125 1384 1277 1411 aedilicium
1290 1390 1427 1412 exstruere
1439 1387 1466 1412 in
1478 1386 1578 1417 alieno;
1601 1387 1644 1412 75.
1659 1386 1708 1420 qui

910 1420 974 1446 huic
994 1421 1024 1447 T.
1045 1420 1185 1452 Furfanio,
1207 1422 1250 1448 cui
1273 1423 1343 1448 virol
1369 1423 1407 1449 dii
1428 1423 1606 1450 immortales!
1632 1423 1709 1458 (quid

910 1457 982 1484 enim
997 1466 1047 1494 ego
1061 1458 1095 1484 de
1106 1458 1265 1485 muliercula
1277 1459 1401 1486 Scantia?
1420 1461 1486 1496 quid
1497 1461 1530 1487 de
1541 1461 1709 1487 adolescente

910 1495 1013 1530 Aponio
1024 1495 1129 1522 dicam‘?
1143 1505 1259 1531 qnorum
1272 1498 1379 1532 utrique
1390 1503 1500 1524 mortem
1513 1499 1707 1527 estminitatus,

911 1533 963 1559 nisi
983 1533 1035 1559 sibi
1052 1533 1188 1560 hortorum
1203 1536 1374 1569 possessione
1389 1535 1541 1571 cess-isson)
1562 1536 1610 1562 sed
1625 1544 1709 1562 ausus

911 1574 952 1597 est
966 1569 1092 1597 Furfanio
1106 1570 1207 1602 dicere,
1225 1572 1248 1598 si
1259 1572 1312 1598 sibi
1325 1573 1474 1607 pecuniam,
1488 1577 1615 1608 quantam
1627 1581 1711 1608 popo-

911 1612 1009 1639 scerat,
1022 1616 1074 1634 non
1085 1608 1217 1637 dedisset,
1231 1614 1367 1636 mortuum
1380 1619 1408 1636 se
1420 1611 1446 1636 in
1458 1611 1567 1637 domum
1580 1612 1639 1637 eius
1650 1610 1710 1637 illa·

912 1649 1002 1672 turum
1010 1654 1073 1680 ,qua
1084 1646 1186 1672 invidia
1198 1646 1261 1673 huic
1272 1652 1342 1674 esset
1353 1648 1397 1674 tali
1410 1649 1466 1674 viro
1477 1647 1707 1684 conflagrandum;

910 1683 958 1717 qui
970 1683 1088 1718 Appium
1100 1683 1217 1714 fratrem,
1226 1684 1361 1711 hominem
1374 1686 1440 1712 mihi
1451 1686 1623 1712 coniunctum
1635 1685 1710 1712 fidis·

911 1721 979 1746 sima
999 1721 1096 1756 gratia,
1119 1721 1257 1748 absentem
1272 1722 1305 1748 de
1321 1724 1490 1757 possessione
1506 1722 1581 1749 fundi
1598 1723 1707 1749 deiecit:

911 1758 959 1793 qui
976 1759 1103 1793 parietem
1119 1759 1159 1785 sic
1175 1767 1222 1794 per
1236 1760 1403 1787 vestibulum
1419 1761 1518 1787 sororis
1530 1761 1709 1787 instituitdu—

910 1804 982 1827 cere,
999 1796 1039 1822 sic
1054 1804 1131 1831 agere
1146 1796 1328 1828 fundamenta.
1342 1803 1372 1824 ut
1382 1806 1497 1824 sororem
1511 1806 1562 1824 non
1575 1798 1653 1824 modo
1664 1806 1710 1823 ve-

910 1833 1011 1860 stibulo
1023 1834 1147 1868 privaret,
1162 1834 1210 1861 sed
1221 1836 1293 1861 omni
1305 1835 1379 1862 aditu
1391 1840 1416 1862 ct
1429 1836 1530 1862 limine.

966 1871 1087 1898 XXVlll.
1094 1871 1309 1907 75.Quamquam
1318 1873 1381 1899 haec
1387 1873 1496 1908 quidem
1505 1874 1556 1899 iam
1564 1872 1710 1899 tolerabilia

910 1908 1080 1940 videbantur,
1093 1910 1142 1936 etsi
1149 1910 1327 1945 aequaliterin
1334 1911 1538 1946 rempublicam,
1547 1911 1573 1936 in
1581 1911 1708 1945 privatos,

911 1946 938 1972 in
951 1946 1122 1983 longinquos,
1131 1947 1158 1973 in
1168 1948 1380 1983 propinquos,in
1392 1948 1502 1979 alienos,
1511 1949 1539 1975 in
1550 1956 1614 1974 suos
1625 1949 1711 1974 irrue-

910 1983 967 2016 bat,
983 1984 1030 2010 sed
1043 1985 1271 2020 nescioquomodo
1282 1986 1334 2012 iam
1346 1994 1397 2012 usu
1409 1986 1708 2020 obdurueratetpercal-

911 2020 996 2048 luerat
1009 2022 1126 2049 civitatis
1139 2023 1306 2049 incredibilis
1318 2024 1454 2058 patientia.
1488 2023 1563 2056 Quae
1576 2031 1638 2049 vero
1648 2023 1710 2049 ade-

911 2059 1027 2086 rantium
1034 2059 1264 2094 etimpendebant,
1273 2069 1389 2095 quonam
1402 2060 1480 2087 modo
1490 2060 1710 2095 euauulepouere

912 2097 1068 2132 potuissetis
1084 2101 1130 2123 aut
1144 2097 1231 2123 l'erre‘?
1251 2098 1397 2132 imperium
1415 2098 1460 2124 ille
1479 2099 1502 2124 si
1520 2103 1614 2124 nactus
1628 2103 1707 2124 essct.

911 2135 1004 2161 omitto
1014 2135 1110 2165 socios,
1123 2139 1226 2161 exteras
1239 2136 1368 2165 nationes,
1383 2144 1467 2171 rogos,
1478 2135 1637 2166 tetrarcham
1651 2140 1710 2161 vota

911 2172 983 2198 enim
996 2171 1125 2202 faceretis,
1140 2176 1169 2198 ut
1179 2172 1206 2198 in
1218 2180 1263 2198 eos
1274 2181 1302 2198 se
1314 2173 1403 2208 potius
1416 2173 1579 2203 immitteret,
1589 2181 1670 2207 quarn
1683 2173 1709 2198 in

913 2214 1013 2235 vestras
1029 2209 1226 2243 possessiones,
1246 2214 1332 2236 vestra
1349 2215 1430 2240 tecta,
1448 2215 1550 2236 vestras
1566 2210 1707 2244 pecunias-

912 2247 1039 2281 pecunias
1050 2245 1128 2272 dico?
1147 2254 1161 2272 a
1175 2246 1279 2277 liberis,
1293 2256 1307 2272 a
1321 2247 1420 2277 liberis,
1435 2247 1541 2274 medius
1553 2247 1647 2277 lidius,
1661 2252 1686 2272 et
1697 2256 1709 2272 a

911 2283 1073 2319 coniugibus
1089 2283 1186 2309 vestris
1202 2292 1349 2318 numquam
1366 2284 1411 2310 illo
1423 2284 1561 2310 effrenatas
1573 2293 1636 2310 sirus
1649 2283 1711 2309 libi-

911 2320 987 2347 dines
1006 2320 1181 2347 cohibuisset.
1215 2321 1290 2356 Fingi
1308 2321 1372 2347 haec
1387 2322 1500 2356 putatis,
1518 2330 1587 2356 quno
1604 2320 1712 2355 patent?

912 2358 989 2388 baec.
1006 2366 1076 2392 quae
1092 2362 1151 2383 notn
1167 2362 1231 2383 sunt
1245 2358 1391 2384 omnibus?
1409 2367 1479 2394 quuo
1493 2358 1635 2385 tenentur?
1654 2366 1711 2384 sor-

888 2389 891 2422 Ι
912 2403 1006 2421 vorum
1022 2395 1157 2422 exercitus
1173 2394 1250 2421 illum
1264 2395 1290 2421 in
1305 2395 1374 2422 Urbe
1385 2397 1600 2430 conscripturum
1614 2395 1707 2424 fuisse.

912 2440 958 2467 per
968 2440 1036 2467 quos
1049 2436 1128 2458 totum
1139 2432 1344 2467 rempublicam,
1358 2434 1577 2468 rcsqucprivatns
1588 2434 1709 2460 omnium

912 2469 1076 2504 possideret?
1099 2470 1142 2495 77.
1163 2469 1356 2501 Quamobrem,
1380 2471 1402 2496 si
1423 2475 1564 2497 cruentum
1588 2470 1709 2506 gladium

912 2512 1004 2533 tenens
1024 2506 1149 2533 clumnret
1169 2507 1199 2533 Τ.
1222 2507 1339 2534 Annius:
1366 2507 1475 2537 Adeste,
1497 2516 1611 2543 quaeso,
1629 2513 1709 2543 atque

911 2544 1001 2570 audite
1016 2545 1103 2570 cives:
1127 2545 1154 2571 Ρ.
1169 2544 1291 2571 Clodium
1304 2544 1433 2572 interfeci.
1444 2546 1502 2571 cius
1515 2545 1627 2576 fumres,
1640 2553 1709 2580 quos

911 2581 994 2608 nullis
1007 2582 1058 2608 inm
1075 2581 1195 2619 legibus,
1213 2582 1296 2608 nullis
1308 2582 1415 2609 iudiciis
1431 2582 1532 2609 frenare
1543 2588 1705 2618 poteramus.

912 2618 961 2645 hoc
981 2618 1050 2646 t'erro
1070 2623 1096 2646 ot
1117 2619 1164 2645 linc
1179 2619 1286 2646 dextera
1302 2628 1316 2645 n
1331 2620 1482 2646 cervicibus
1497 2621 1594 2647 vestris
1609 2621 1704 2655 repuli,

912 2664 958 2691 per
968 2665 1010 2682 me
1020 2660 1050 2683 ut
1061 2665 1159 2686 unum.
1173 2657 1229 2688 ius,
1242 2658 1371 2692 aequitas,
1386 2657 1467 2694 leges,
1482 2657 1598 2689 libertas,
1611 2657 1704 2693 pudor.

881 2714 883 2721 .
911 2693 1040 2730 pudicitia
1056 2694 1083 2721 in
1097 2695 1203 2722 civitate
1218 2700 1368 2728 manerent,
1386 2699 1457 2723 esset
1472 2703 1535 2722 vero
1545 2695 1704 2723 timendum.
