1941 3052
265 184 296 207 Γιο
843 183 865 206 ὅ.
902 181 935 206 M.

264 252 328 288 quid
353 252 456 287 pupillo
478 252 628 283 accidisset,
651 256 676 277 ct
698 250 731 277 de
752 250 844 280 altera,
870 251 950 285 patria
973 250 1050 276 etiam
1072 254 1081 297 Ἰ

265 299 334 316 nunc
357 291 451 316 mortui
474 290 593 316 uoluntas
613 289 759 324 plurimum
779 288 893 317 valebat,
913 296 981 322 quac
1000 288 1051 312 iam

264 332 367 354 mortuo
381 327 484 362 pupillo
497 328 554 352 suis
569 326 711 352 lieri-«lilius
725 325 893 351 concedebat.
926 324 1052 350 iudicatio

263 369 315 390 eat:
357 365 445 390 Unnnc
465 365 575 398 pecunia
595 363 684 394 fucrit,
707 371 748 392 ac,
765 362 786 387 ui
803 362 850 387 bac
863 365 940 387 erunt
955 362 996 387 usi
1011 361 1052 387 in-

264 402 422 427 firmatione:
452 402 530 427 l'osse
549 400 637 435 plures
655 408 713 425 csso
733 399 813 425 unius
833 398 958 433 pecuniae
977 398 1052 424 liero—

263 439 310 464 dcs
324 438 502 464 dissimilibus
516 438 549 463 dc
560 437 675 468 caussis,
703 436 735 461 do
749 444 780 461 eo
794 436 852 470 ipso
867 435 992 461 iudicatio
1005 444 1051 461 na-
1072 466 1073 471 1

263 477 357 501 scitur:
387 476 522 501 possintne
540 474 659 500 eiusdem
680 474 806 507 pecuniae
825 472 915 507 plures
932 472 1051 498 dissimi-

265 513 335 538 libus
349 513 492 544 generibus
506 520 563 536 csse
578 510 697 536 heredes,

320 550 401 575 xxu.
431 549 498 581 Ergo
518 557 568 574 una
583 548 609 573 in
623 547 809 573 constitutione
824 545 986 573 intellectum
1001 550 1048 576 cst,

262 587 395 621 quomodo
408 590 432 611 et
447 586 558 611 rationes
573 589 597 610 et
612 585 742 610 rationum
757 584 946 610 intirmationcs
956 588 981 608 et
991 591 1052 617 pro-

264 628 348 658 ptera-n
369 623 540 648 iudicationes
559 621 648 656 plures
663 622 734 648 liant.
762 623 803 647 65.
821 621 896 647 Nunc
911 620 991 646 huius
1005 629 1052 655 ge-

263 661 332 686 neris
356 664 491 694 praccepta
516 659 663 685 videamus.
694 659 818 694 Utrisque
835 663 880 684 aut
898 658 976 683 etiam
995 666 1052 683 om-

263 697 354 726 nibus.
375 697 396 722 si
418 696 507 731 plures
520 696 664 731 ambigant,
681 696 723 722 ius
737 704 769 722 ex
782 695 883 730 quibus
897 695 976 721 rebus
989 703 1052 721 con-

261 738 324 764 stet,
345 733 566 760 considerandum
585 738 634 760 est.
675 733 782 759 Initium
802 742 864 767 ergo
881 733 939 758 eius
958 732 991 757 ab
1006 741 1052 757 na-

262 776 318 796 tura
341 771 452 797 ductum
475 771 593 803 videtum
621 770 751 805 quaedam
774 775 861 796 autem
880 778 913 796 ex
931 769 1051 795 utilitatis
1072 786 1073 792 .

261 809 359 834 ratione
378 812 423 834 aut
442 809 580 843 perspicua
596 808 671 834 nobis
685 813 730 834 aut
743 808 854 833 obscura
870 808 895 833 in
909 811 1052 833 consuctu-

261 844 349 871 dinem
375 854 492 877 venisse,
521 850 579 880 post
602 850 689 871 autem
721 845 862 879 approbata
884 843 1014 879 quaedam
1037 852 1050 869 a
1079 874 1081 876 q

260 882 453 909 consuetudine
472 888 516 908 aut
534 892 548 908 a
568 891 628 909 vero
647 882 721 909 utilia
741 883 795 908 visa
816 882 921 917 legibus
935 890 992 907 esse
1007 881 1051 906 lir-

261 924 343 951 mata3
371 928 399 945 ac
418 924 524 946 naturae
542 920 651 954 quidem
669 921 711 946 ius
729 928 800 950 esse,
821 918 892 954 quod
909 918 984 944 nobis
999 927 1050 944 non

260 957 358 991 opinio,
375 957 420 983 sed
435 957 565 991 quaedam
581 958 668 983 innata
684 957 724 983 vis
735 957 831 987 afferat,
845 961 873 982 ut
885 955 1048 990 religionem.

261 995 397 1028 pietatem,
418 995 537 1029 gratiam,
556 994 768 1024 vindicationem,
784 993 988 1023 observantiam,
1006 1001 1051 1018 ve-

261 1031 373 1057 ritatem.
401 1034 442 1057 66.
464 1031 626 1067 Religionem
645 1041 715 1062 eam„
736 1040 804 1066 quae
823 1031 849 1057 in
869 1035 939 1056 metu
954 1034 979 1055 et
992 1038 1051 1055 cae-

260 1069 371 1094 rimonia
390 1069 502 1095 Deorum
521 1069 568 1099 sit,
589 1068 735 1103 appellant3
758 1069 890 1103 pietatem,
906 1076 975 1102 quae
989 1076 1050 1102 erga

260 1107 371 1140 patriam
394 1110 439 1132 aut
462 1111 583 1140 parentes
601 1111 646 1132 aut
664 1106 728 1132 alios
749 1106 878 1141 sanguine
896 1105 1050 1130 coniunctos

259 1142 377 1169 osticium
400 1152 554 1170 conservare
578 1148 694 1175 moneat,
716 1144 842 1177 gratiam,
862 1150 931 1177 quae
949 1142 975 1167 in
995 1150 1051 1167 me-

260 1181 341 1207 moria
360 1185 385 1206 et
399 1181 609 1207 remuneratione
623 1180 771 1207 ofliciorum
785 1185 809 1206 et
825 1180 931 1206 honoris
945 1183 969 1205 et
983 1179 1050 1204 ami-

259 1218 380 1244 citiarum
407 1218 601 1244 observantiam
630 1222 727 1249 teneat,

259 1264 339 1289 quam
356 1255 409 1281 vim
426 1259 452 1281 et
469 1255 656 1281 contumeliam
682 1254 848 1281 defendendo
861 1258 906 1280 aut
919 1253 1050 1279 ulciscen-

259 1293 292 1318 do
314 1293 502 1327 propulsamus
521 1301 535 1318 a
554 1293 630 1318 nobis
648 1297 673 1318 et
689 1301 703 1318 a
717 1292 823 1322 nostris,
839 1291 884 1326 qui
901 1290 977 1317 nobis
991 1299 1048 1316 esse

258 1330 310 1355 cari
334 1330 443 1360 debent,
464 1334 488 1356 et
506 1338 552 1364 per
570 1338 650 1365 quam
670 1334 774 1364 peccata
789 1329 930 1363 punimus;
957 1328 1049 1354 obser-

259 1368 384 1398 vantiam,
410 1375 456 1402 per
477 1376 557 1401 quam
577 1371 659 1393 aetate
677 1371 722 1393 aut
739 1366 867 1401 sapientia
886 1369 931 1391 aut
950 1365 1048 1391 honore

258 1408 302 1429 aut
316 1403 404 1438 aliqua
418 1404 545 1440 dignitate
559 1404 742 1430 antecedentes
752 1412 874 1429 veremur
885 1407 909 1428 et
918 1402 1044 1434 colimus;

258 1441 408 1472 veritatem,
430 1450 476 1476 per
493 1450 573 1476 quam
590 1441 685 1467 damus
703 1449 819 1476 operam,
836 1449 868 1466 ne
881 1439 946 1474 quid
961 1439 1044 1470 aliter,

257 1487 337 1513 quam
356 1478 614 1509 confirmaverimus,
635 1479 679 1504 liat
697 1483 741 1504 aut
755 1478 853 1504 factum
867 1482 911 1503 aut
926 1476 1047 1502 futurum

256 1516 300 1541 sit.
330 1517 371 1541 67.
395 1516 432 1542 Ac
451 1521 558 1542 naturae
576 1515 686 1550 quidem
704 1516 762 1541 iura
781 1515 870 1541 minus
889 1515 946 1548 ipsa
964 1522 1048 1548 quae-

256 1557 352 1579 runtur
365 1553 397 1579 ad
412 1553 479 1579 hanc
492 1553 706 1583 controversiam,
719 1552 791 1587 quod
806 1560 892 1586 neque
905 1552 932 1577 in
947 1550 996 1577 hoc
1009 1551 1047 1576 ci-

256 1589 302 1616 vili
318 1590 374 1616 iure
391 1594 528 1616 versantur
542 1594 567 1616 et
580 1598 594 1616 a
609 1589 712 1626 vulgari
724 1589 898 1625 intelligentia
908 1588 1047 1615 remotiora

255 1632 331 1660 sunt3
356 1627 389 1653 ad
402 1627 607 1654 similitudinem
621 1635 684 1653 vero
697 1627 813 1662 aliquam
827 1625 914 1652 autad
925 1634 980 1651 rem
991 1633 1048 1651 am-

256 1664 423 1699 plificandam
438 1673 515 1699 saepe
529 1669 592 1690 sunt
605 1663 751 1690 inserenda.
779 1662 985 1690 Consuetudinis
999 1670 1047 1688 au-

256 1706 308 1727 tem
323 1701 365 1728 ius
379 1710 437 1728 esse
451 1706 559 1737 putatur
573 1701 608 1732 id,
625 1701 697 1736 quod
708 1700 842 1727 voluntate
855 1700 975 1726 omnium
989 1700 1046 1725 sine

256 1738 313 1774 lege
340 1743 458 1765 vetustas
484 1738 670 1773 comprobarit.
697 1739 726 1764 ln
753 1746 782 1764 ea
805 1742 893 1764 autem
915 1736 1046 1772 quaedam
1076 1762 1077 1769 ,

256 1780 318 1802 sunt
335 1776 393 1802 iura
411 1777 469 1810 ipsa
484 1776 536 1801 iam
549 1780 618 1802 certa
633 1779 738 1810 propter
752 1779 920 1801 vetustatem.
947 1773 1006 1806 Quo
1019 1774 1046 1799 in

254 1821 351 1849 genere
372 1817 397 1839 et
419 1813 469 1839 alia
488 1817 551 1839 sunt
573 1812 657 1839 multa
678 1817 704 1838 et
721 1820 812 1838 eorum
828 1811 913 1838 multo
931 1811 1046 1837 maxima

255 1859 330 1885 pars,
356 1858 424 1885 quae
442 1854 574 1885 praetores
592 1849 693 1876 edicere
712 1853 884 1876 consuerunt.
912 1848 1046 1880 Quaedam

255 1892 343 1914 autem
372 1896 469 1923 genera
496 1887 562 1913 iuris
588 1887 640 1913 iam
667 1891 736 1913 certa
761 1885 955 1913 consuetudine
981 1885 1047 1911 sacta
1068 1902 1070 1911 .

255 1929 330 1958 sunt;
357 1924 430 1960 quod
443 1933 538 1960 genus,
555 1928 670 1959 pactum,
686 1932 742 1959 par,
758 1923 914 1950 iudicatum.
941 1924 983 1949 68.
998 1923 1048 1948 Pa-

255 1966 327 1988 ctum
345 1966 397 1993 est,
417 1961 489 1997 quod
508 1962 575 1988 inter
593 1961 697 1996 aliquos
712 1961 843 1992 convenit,
859 1960 932 1996 quod
946 1960 998 1986 iam
1011 1960 1046 1985 ita

255 1999 357 2025 iustum
372 2003 488 2034 putatur,
505 2003 535 2025 ut
547 1999 605 2025 iure
619 2003 750 2034 praestare
764 1998 877 2024 dicatur.
904 1998 962 2028 Par,
973 1996 1046 2032 quod

255 2036 281 2062 in
300 2045 392 2063 omnes
406 2036 544 2071 aequabile
557 2040 606 2062 est.
634 2036 791 2067 Iudicatum,
808 2035 840 2061 de
853 2043 907 2070 quo
921 2035 973 2060 iam
987 2038 1046 2060 ante

255 2074 383 2100 sententia
413 2073 528 2100 alicuius
550 2077 596 2099 aut
617 2073 768 2108 aliquorum
794 2073 968 2099 constitutum
995 2076 1044 2097 est.

254 2111 308 2137 lam
326 2111 384 2137 iura
398 2110 516 2146 legitima
530 2119 563 2136 ex
577 2109 681 2146 legibus
695 2110 817 2146 cognosci
832 2109 971 2144 oportebit.
999 2109 1046 2134 uis

254 2156 316 2183 ergo
329 2156 363 2174 ex
372 2148 493 2182 partibus
506 2148 582 2178 iuris,
597 2147 732 2182 quidquid
746 2152 791 2173 aut
804 2155 838 2173 ex
848 2148 906 2181 ipsa
917 2154 944 2172 re
957 2150 1003 2172 aut
1013 2154 1047 2172 ex
1076 2141 1077 2172 J

254 2185 337 2211 simili
351 2189 397 2211 aut
409 2193 443 2211 ex
457 2185 554 2211 maiore
567 2185 703 2211 minoreve
717 2185 790 2211 nasci
803 2184 947 2215 videbitur,
961 2187 1046 2209 atten-

254 2222 316 2248 dere
333 2226 413 2257 atque
430 2221 525 2248 elicere
542 2221 714 2256 pertentando
731 2230 812 2248 unam
829 2229 965 2256 quamque
978 2220 1045 2246 iuris

254 2263 354 2294 partem
368 2259 506 2294 oportebit.
534 2259 663 2285 Locorum
677 2263 766 2285 autem
779 2259 964 2285 communium
978 2265 1047 2292 quo-

255 2296 325 2323 niam
343 2296 382 2332 (ut
399 2301 459 2323 ante
477 2296 579 2322 dictum
597 2295 646 2331 est)
663 2296 716 2322 duo
734 2300 797 2322 sunt
809 2304 914 2332 genera,
930 2303 1046 2331 quorum

254 2333 365 2360 alterum
379 2333 477 2360 dubiae
488 2333 534 2364 rei,
550 2332 663 2359 alterum
676 2338 761 2360 certae
771 2334 888 2360 continet
897 2332 1046 2367 amplifica-

255 2370 361 2402 tionem,
389 2370 455 2406 quid
480 2371 540 2405 ipsa
560 2378 655 2396 caussa
677 2371 729 2402 det,
754 2375 780 2397 et
801 2370 868 2405 quid
889 2369 980 2405 augeri
999 2377 1046 2404 per

255 2415 423 2434 communem
444 2407 532 2434 locum
543 2407 628 2442 possit
640 2412 666 2434 et
679 2412 804 2442 oporteat,
821 2407 1043 2434 considerabitur.

256 2444 321 2470 Nam
335 2445 407 2476 certi,
423 2445 470 2480 qui
484 2445 512 2471 in
525 2453 618 2471 omnes
632 2445 758 2476 incidant,
775 2444 824 2471 loci
838 2444 984 2479 praescribi
992 2452 1045 2470 non

255 2486 379 2515 possunt3
413 2482 440 2508 in
462 2481 598 2517 plerisque
611 2481 723 2508 sortasse
741 2482 774 2508 ab
791 2482 946 2508 auctoritate
964 2481 1046 2507 iuris-

255 2517 436 2544 consultorum
466 2523 492 2545 et
513 2523 601 2546 contra
624 2520 805 2546 auctoritatem
827 2519 880 2545 dici
902 2517 1042 2553 oportebit.

256 2555 450 2581 Attendendum
464 2560 504 2582 est
516 2560 604 2582 autem
615 2550 640 2582 et
652 2557 681 2582 in
695 2556 744 2582 hac
757 2561 782 2582 et
795 2556 822 2582 in
833 2556 968 2586 omnibus,
980 2563 1046 2581 num

255 2599 322 2625 quos
341 2591 410 2618 locos
423 2601 578 2620 communes
597 2598 700 2628 praeter
713 2602 768 2624 eos,
783 2601 851 2628 quos
861 2601 909 2619 nos
919 2592 1046 2627 exposui-

255 2636 324 2659 mus,
347 2629 404 2663 ipsa
426 2638 467 2655 res
490 2630 618 2657 ostendat.
653 2631 730 2656 Nunc
751 2629 900 2656 iuridiciale
917 2637 1003 2665 genus
1020 2632 1047 2655 et

255 2669 341 2699 partes
355 2666 412 2692 eius
425 2666 632 2694 consideremus.

311 2702 407 2728 XXIII.
429 2705 470 2729 69.
485 2704 644 2731 Iuridicialis
657 2709 705 2735 est,
721 2705 749 2730 in
763 2712 816 2739 qua
829 2703 909 2739 aequi
922 2707 949 2730 et
961 2701 1049 2738 iniqui

761 1217 978 1247 vindicationem,
1003 1225 1050 1250 per
1078 1235 1079 1244 η

970 181 999 206 Τ.
1035 178 1311 206 ClCERONlS

1103 255 1203 280 natum,
1219 255 1244 276 et
1259 250 1367 284 praemii
1382 255 1427 275 aut
1441 258 1539 285 poenae
1552 251 1618 277 ratio
1629 252 1775 286 quaeritur.
1806 251 1892 278 Huius

1103 293 1188 322 partes
1202 292 1265 313 aunt
1278 286 1359 317 duae,
1371 296 1485 322 quarum
1501 287 1607 314 alteram
1618 288 1775 319 absolutam,
1787 297 1892 316 usum-

1103 325 1202 358 ptivam
1217 324 1324 349 alteram
1339 325 1517 350 nominamus.
1548 324 1675 351 Absoluta
1688 330 1737 355 est,
1751 334 1820 360 quae
1835 326 1892 361 ipa

1079 358 1080 363 ¹
1103 363 1128 387 in
1147 370 1188 391 ne,
1210 370 1261 387 non
1281 365 1309 386 ut
1327 361 1467 394 negotialis
1486 361 1613 396 implicite
1630 367 1655 388 et
1668 362 1829 393 abscondite.
1845 362 1893 389 aed

1103 399 1235 433 patentius
1249 403 1274 423 et
1287 395 1439 432 expeditius
1453 399 1515 424 recti
1529 403 1555 424 et
1568 408 1620 425 non
1634 400 1695 425 recti
1710 400 1893 434 quaestionem

1102 436 1227 461 continet.
1262 435 1297 461 Ea
1320 439 1359 460 est
1378 435 1546 461 huiusmodi:
1568 436 1657 468 Quum
1676 436 1794 463 Thebani
1813 437 1893 463 Lace·

1103 473 1254 498 daemonios
1281 472 1351 498 bello
1376 473 1583 506 superavissent,
1611 478 1637 499 et
1662 473 1716 500 l'erc
1742 482 1799 499 mos
1823 479 1894 500 esset

1103 510 1203 539 Graiis,
1223 518 1308 544 quum
1328 510 1395 535 inter
1413 518 1441 535 se
1460 509 1560 536 bellum
1579 511 1734 543 gessissent.
1756 515 1784 537 ut
1802 511 1830 540 ii.
1844 511 1892 546 qui

1104 547 1242 577 vicissent,
1261 551 1396 581 tropaeum
1415 546 1522 581 aliquod
1537 547 1563 573 in
1578 547 1677 573 tinibus
1695 552 1839 574 statuerent
1853 548 1894 574 vi-

1103 584 1197 609 ctoriae
1221 583 1298 609 modo
1317 584 1342 610 in
1362 585 1508 618 praesentia
1526 583 1697 611 declarandae
1714 594 1821 615 caussa.
1841 593 1893 612 non

1104 625 1132 646 ut
1147 621 1172 647 in
1188 626 1345 655 perpetuum
1360 621 1422 646 belli
1438 622 1563 647 memoria
1575 626 1704 652 maneret,
1717 630 1829 648 aeneum
1840 627 1893 648 ota-

1103 662 1209 684 tuerunt
1228 663 1372 692 tropaeum.
1406 658 1572 684 accusantur
1589 658 1661 693 apud
1674 659 1891 694 Amphictyonu.

1103 695 1129 721 id
1152 700 1192 721 est
1213 695 1284 729 apud
1306 704 1447 721 commune
1465 696 1588 722 Graeciae
1601 696 1754 722 concilium.
1786 697 1829 723 70.
1850 696 1894 723 ln-

1104 733 1184 758 tcntio
1207 737 1258 758 est:
1291 733 1347 758 Non
1370 734 1494 767 oportuit.
1532 733 1659 767 Depulsio
1681 738 1733 759 est:
1759 732 1891 768 Oportuit.

1102 769 1227 801 Quaestio
1240 774 1292 795 est.-
1315 769 1518 804 Oportueritne‘?
1538 770 1612 796 Ratio
1625 775 1678 796 est.-
1694 770 1758 796 Eam
1773 771 1844 797 euim
1858 779 1892 797 ex

1080 827 1081 839 ,
1103 806 1173 833 bello
1189 807 1300 841 gloriam
1320 808 1416 832 virtute
1432 807 1598 842 peperimus,
1620 813 1647 833 ut
1661 808 1719 833 eius
1733 812 1838 834 aeterna
1852 808 1893 834 in-

1102 844 1187 879 signia
1200 844 1311 878 posteris
1323 845 1419 870 nostris
1431 844 1579 879 relinquere
1590 844 1729 871 vellemus.
1750 845 1893 871 infirmatio

1080 883 1081 922 ζ
1101 886 1154 907 est:
1181 881 1301 907 Attamen
1320 886 1454 907 aeternum
1473 882 1670 908 inimicitiarum
1691 886 1892 908 monumentum

1103 918 1195 944 Graios
1209 918 1242 943 de
1257 918 1345 944 Graiis
1359 922 1473 944 statuere
1488 927 1538 944 non
1553 923 1663 953 oportet.
1697 919 1824 945 ludicatio
1837 924 1890 945 oet:

1080 952 1081 956 ¹
1101 955 1190 987 Quum
1209 964 1330 981 summae
1349 956 1453 981 virtutis
1471 956 1693 982 concelebrandae
1710 965 1805 982 caussa
1819 956 1891 983 Graii

1101 992 1134 1018 de
1152 993 1240 1019 Graiis
1258 997 1394 1018 aeternum
1409 993 1608 1019 inimicitiarum
1624 998 1825 1020 monumentum
1838 998 1893 1020 ata-

1103 1034 1222 1061 tuerunt,
1248 1034 1350 1055 rectene
1372 1038 1404 1056 an
1422 1034 1511 1056 contra
1533 1029 1651 1056 fecerint.
1686 1031 1756 1056 llanc
1775 1030 1834 1057 ideo
1851 1039 1893 1057 ra-

1102 1067 1198 1093 tionem
1220 1067 1398 1097 subiecimus.
1419 1071 1448 1093 ut
1462 1067 1510 1093 hoc
1524 1076 1633 1093 caussae
1646 1076 1731 1103 genus
1745 1068 1844 1102 ipsum.
1859 1067 1893 1094 de

1078 1102 1080 1111 '
1101 1113 1155 1139 quo
1168 1105 1282 1139 agimus,
1298 1109 1509 1139 cognosceretur.
1543 1105 1609 1130 Nam
1624 1114 1646 1131 sn
1661 1113 1718 1131 eam
1733 1105 1893 1140 supposuis-

1078 1148 1079 1155 ¹
1102 1150 1201 1171 semus.
1218 1150 1270 1176 qua
1285 1140 1395 1167 sortasse
1410 1142 1451 1167 usi
1465 1146 1542 1168 sunt:
1565 1142 1622 1168 Non
1637 1143 1708 1168 enim
1722 1143 1792 1168 iuste
1806 1150 1892 1177 neque

1078 1198 1079 1204 .
1101 1179 1143 1213 pie
1162 1178 1263 1204 bellum
1281 1179 1417 1214 gessistis,
1440 1179 1467 1205 in
1486 1178 1638 1205 relationem
1652 1179 1772 1205 criminis
1785 1179 1893 1205 delabe-

1076 2124 1077 2135 ;
1098 2108 1180 2135 tentio
1197 2112 1250 2134 est:
1273 2108 1330 2134 Non
1347 2108 1463 2143 oportuit
1479 2116 1552 2133 arma
1565 2112 1591 2134 et
1603 2107 1693 2142 imped

1074 2578 1076 2610 l

1074 2621 1076 2649 l

1101 1225 1202 1246 remur,
1230 1215 1263 1241 de
1285 1224 1338 1250 qua
1364 1220 1423 1251 post
1450 1215 1599 1251 loquemur.
1634 1216 1781 1251 Utrumque
1803 1221 1892 1243 autem

1099 1262 1209 1279 caussae
1226 1261 1312 1288 genus
1331 1253 1357 1279 in
1376 1253 1443 1279 hanc
1457 1262 1578 1279 caussam
1589 1253 1706 1280 incidere
1719 1254 1891 1288 perspicuum

1100 1295 1148 1316 est.
1188 1291 1218 1316 In
1241 1290 1308 1316 hanc
1331 1291 1571 1326 argumentationes
1593 1299 1627 1317 ex
1649 1291 1744 1317 iisdem
1763 1290 1828 1317 locis
1845 1299 1894 1317 su-

1101 1327 1211 1353 mendae
1233 1331 1296 1353 sunt
1317 1332 1396 1362 atque
1413 1328 1440 1354 in
1459 1336 1581 1354 caussam
1600 1327 1771 1363 negotialem,
1791 1336 1845 1363 qua
1859 1327 1893 1354 de

1099 1369 1158 1391 ante
1176 1365 1278 1390 dictum
1297 1369 1346 1390 est.
1382 1365 1425 1391 Ἡ.
1440 1365 1522 1391 Locos
1540 1370 1628 1391 autem
1646 1373 1803 1391 communes
1820 1369 1846 1391 et
1859 1373 1894 1392 ex

1099 1410 1191 1428 caussa
1211 1402 1282 1436 ipsa,
1302 1402 1325 1428 si
1339 1401 1404 1436 quid
1424 1402 1501 1428 inerit
1515 1402 1705 1438 indignationis
1718 1406 1763 1428 aut
1775 1410 1893 1438 conque-

1099 1439 1201 1470 stionis,
1218 1443 1243 1465 et
1256 1447 1290 1465 ex
1304 1438 1370 1465 iuris
1384 1438 1496 1465 utilitate
1509 1443 1535 1465 et
1549 1444 1640 1465 natura
1655 1439 1753 1466 multos
1762 1443 1892 1475 etgraves

1099 1484 1204 1502 sumere
1223 1475 1312 1502 licebit
1329 1480 1355 1502 et
1372 1476 1511 1510 oportebit,
1527 1477 1551 1502 si
1564 1485 1674 1503 caussae
1687 1476 1803 1512 dignitas
1817 1476 1895 1503 vide-

1098 1513 1170 1540 bitur
1184 1512 1326 1547 postulare.

1152 1550 1248 1576 XXIV.
1277 1550 1354 1576 Nunc
1383 1550 1578 1585 assumptivam
1607 1555 1708 1585 partem
1734 1550 1892 1578 iuridicialis

1097 1587 1306 1613 consideremus.
1332 1587 1505 1622 Assumptiva
1519 1588 1601 1623 igitur
1615 1592 1670 1613 tum
1684 1587 1790 1619 dicitur,
1805 1596 1893 1623 quum

1098 1625 1188 1658 ipsum
1201 1633 1235 1650 ex
1248 1632 1276 1650 se
1290 1623 1388 1650 sactum
1403 1624 1508 1658 probari
1522 1633 1574 1651 non
1588 1629 1682 1659 potest,
1698 1624 1790 1660 aliquo
1802 1630 1892 1652 autem

1098 1661 1162 1688 foris
1189 1661 1313 1688 adiuncto
1339 1666 1494 1697 argumento
1519 1661 1679 1688 defenditur.
1711 1662 1778 1688 Eius
1803 1667 1892 1697 partoe

1098 1703 1161 1725 sunt
1178 1703 1316 1733 quattuor:
1338 1699 1507 1733 comparatio,
1527 1699 1620 1726 relatio
1636 1699 1765 1730 criminis,
1782 1700 1892 1726 remotio

1097 1736 1231 1765 criminis,
1251 1736 1396 1762 concessio.
1429 1737 1472 1763 72.
1494 1736 1661 1771 Comparatio
1678 1741 1726 1767 est,
1742 1745 1828 1771 quum
1841 1736 1892 1763 ali-

1097 1773 1169 1808 quod
1184 1772 1292 1803 factum,
1308 1773 1380 1807 quod
1394 1781 1441 1808 per
1454 1782 1482 1799 se
1496 1774 1586 1808 ipsum
1600 1782 1652 1799 non
1666 1773 1701 1799 sit
1711 1773 1888 1808 probandum,

1097 1818 1131 1837 ex
1144 1819 1183 1841 eo,
1199 1810 1278 1836 cuius
1292 1810 1319 1836 id
1333 1819 1426 1836 caussa
1440 1809 1539 1837 factum
1554 1815 1602 1842 est,
1617 1809 1780 1837 defenditur.
1800 1810 1838 1837 Ea
1851 1815 1892 1838 ost

1098 1847 1267 1874 huiusmodi:
1293 1846 1408 1879 Quidam
1434 1847 1589 1882 imperator,
1613 1856 1699 1882 quum
1716 1848 1749 1874 ab
1766 1847 1890 1875 hostibus

1097 1884 1330 1911 circumsideretur
1343 1893 1429 1919 neque
1443 1884 1558 1921 effugere
1571 1884 1626 1911 ullo
1639 1884 1718 1911 modo
1730 1889 1828 1919 posset,
1843 1885 1892 1912 de-

1098 1926 1191 1957 pactus
1205 1926 1243 1948 est
1257 1930 1318 1948 cum
1332 1922 1380 1953 eis.
1397 1926 1426 1948 ut
1439 1930 1510 1948 arma
1521 1926 1546 1948 et
1556 1921 1745 1956 impedimenta
1754 1921 1891 1958 relinqu&

1098 1963 1149 1990 ret,
1166 1959 1264 1985 milites
1282 1958 1418 1991 educeret;
1440 1959 1531 1994 itaque
1545 1959 1619 1991 fecit,
1641 1959 1722 1985 armis
1736 1964 1762 1985 et
1773 1959 1890 1994 impedi-

1098 1997 1195 2023 mentis
1217 1997 1338 2027 amissis,
1369 2001 1472 2031 praeter
1493 2005 1569 2031 spem
1593 1996 1692 2022 milites
1713 1997 1888 2023 conservavit.

1097 2034 1244 2060 Accusatur
1257 2034 1412 2060 maiestatis.
1433 2034 1547 2060 Incurrit
1559 2033 1612 2059 huc
1625 2032 1758 2059 definitio:
1779 2033 1827 2060 sed
1840 2042 1889 2061 nos

1098 2071 1170 2097 hunc
1189 2070 1290 2101 locum,
1309 2070 1343 2097 de
1360 2079 1415 2106 quo
1428 2071 1542 2106 agimus,
1557 2069 1767 2096 consideremus.
1787 2071 1831 2098 73.
1845 2071 1890 2097 ln-

1696 2108 1794 2134 imenta
1807 2107 1889 2135 relin-

1097 2154 1188 2180 quere.
1221 2145 1349 2179 Depulsio
1362 2149 1415 2171 est:
1437 2144 1568 2179 Oportuit.
1594 2144 1719 2177 Quaestio
1731 2149 1785 2171 est:
1803 2143 1890 2180 Opor-

1097 2181 1228 2209 tueritne‘?
1251 2183 1326 2209 Ratio
1339 2186 1393 2208 est:
1424 2182 1522 2208 Milites
1539 2182 1611 2208 enim
1629 2189 1722 2208 omnae
1734 2182 1886 2216 periissent.

1096 2220 1240 2246 Infirmatio
1257 2224 1297 2245 est
1314 2223 1359 2245 aut
1373 2218 1571 2245 coniecturalis:
1593 2219 1652 2245 Non
1665 2219 1819 2253 periissent:
1842 2223 1889 2246 aut

1096 2257 1177 2283 altera
1200 2256 1400 2282 coniecturalis:
1427 2256 1485 2282 Non
1507 2256 1568 2283 ideo
1589 2255 1687 2282 fecisti.
1723 2255 1766 2282 Ex
1785 2256 1904 2291 quibus,

1096 2298 1160 2320 sunt
1180 2293 1369 2320 iudicationes:
1390 2292 1587 2320 Periissentne‘?
1606 2297 1645 2319 et:
1666 2291 1762 2319 Ideone
1779 2291 1906 2326 fecer-ist,

1096 2336 1142 2357 aut
1154 2331 1218 2357 haec
1227 2330 1414 2365 comparativa,
1426 2330 1505 2356 cuius
1514 2330 1758 2365 nuncindigemus:
1771 2329 1807 2356 At
1814 2330 1889 2357 enim
1899 2331 1906 2347 ’-

1096 2368 1180 2395 satius
1198 2367 1249 2394 fuit
1270 2368 1390 2394 amittere
1408 2367 1520 2399 milites,
1539 2375 1620 2402 quam
1639 2375 1711 2393 arma
1728 2371 1755 2393 et
1771 2367 1905 2402 impedi-J

1095 2410 1182 2432 menta
1196 2404 1339 2431 concedere
1352 2404 1483 2431 hostibus.
1503 2405 1545 2430 Ex
1556 2412 1609 2439 qua
1620 2403 1746 2430 iudicatio
1753 2404 1884 2431 nascitur:
1892 2413 1903 2444 ζ

1095 2442 1185 2474 Quum
1207 2450 1300 2468 omnes
1322 2442 1434 2476 perituri
1455 2441 1554 2468 milites
1575 2445 1673 2471 essent,
1697 2441 1750 2467 nisi
1768 2440 1802 2467 ad
1818 2440 1902 2482 haneg

1095 2480 1244 2514 pactionem
1271 2480 1418 2510 venissent,
1448 2483 1539 2505 utrum
1559 2479 1643 2504 satius
1665 2477 1745 2504 suerit
1766 2478 1905 2515 amittere-*t

1096 2516 1208 2547 milites,
1233 2524 1266 2542 an
1288 2516 1322 2542 ad
1344 2516 1412 2542 hanc
1433 2515 1612 2542 conditionem
1629 2513 1739 2541 venire?
1766 2515 1809 2542 74.
1831 2515 1901 2542 Hoc*

1095 2562 1205 2580 caussae
1221 2561 1308 2588 genus
1326 2561 1361 2579 ex
1372 2553 1416 2579 his
1428 2552 1493 2579 locis
1506 2557 1614 2578 tractare
1627 2551 1759 2587 oportebit
1770 2556 1797 2578 et
1809 2551 1898 2583 adhi-t

1095 2591 1158 2617 bere
1167 2595 1314 2617 ceterarum
1324 2598 1432 2625 quoque
1441 2590 1660 2616 constitutionum
1669 2589 1797 2615 rationem
1806 2593 1888 2623 atquo

1096 2632 1246 2662 praecepta3
1269 2636 1299 2653 ac
1312 2627 1427 2654 maxime
1439 2626 1598 2653 coniecturis
1611 2625 1739 2653 faciendis
1751 2625 1902 2662 infirmare,

1074 2669 1076 2692 ,ί
1095 2664 1173 2695 illud,
1189 2663 1261 2700 quod
1274 2673 1336 2691 cum
1350 2673 1389 2695 eo,
1404 2663 1477 2699 quod
1489 2663 1595 2690 crimini
1608 2663 1724 2694 dabitur,
1738 2663 1768 2694 ii,
1783 2663 1832 2698 qui
1840 2668 1905 2689 ao*

1095 2701 1270 2733 cusabuntur‚
1292 2701 1491 2736 comparabunt.
1530 2700 1560 2727 Id
1577 2700 1629 2732 fiet,
1649 2701 1673 2727 si
1689 2704 1735 2726 aut
1752 2699 1792 2731 id,
1811 2698 1887 2735 quod
