1941 3052
208 155 254 180 tbi

205 233 278 251 nium
303 224 427 250 obiit-itur
449 227 536 248 contra
563 222 672 247 istorum
698 221 812 254 impetus
832 218 993 247 Macedonia.

205 262 289 288 tidelis
300 266 325 287 et
334 261 416 286 unm-n
430 259 528 294 populo
540 259 655 284 llomnno
667 257 800 291 provincia
811 266 815 281 :
831 263 900 291 quae
910 263 995 290 quum

203 308 232 325 au
245 308 274 324 nc
288 307 350 324 suns
367 298 444 323 urbes
461 306 510 322 non
526 295 611 321 solum
626 294 745 323 consilio,
763 293 808 318 sed
823 293 901 318 etiam
915 300 995 318 manu

206 336 305 362 Fonteii
329 339 509 360 conservatam
532 341 589 357 csso
613 331 695 360 dis-at.
722 335 750 356 ut
769 330 812 355 illa
833 338 879 364 per
898 329 968 356 liunc
983 338 995 354 ιι

204 373 335 399 Thracum
355 371 468 397 adventu
489 379 517 395 nc
535 368 739 403 ‹loiuipulatioue
757 366 865 393 ‹lesensa
884 371 937 396 est.
958 367 996 392 sic

204 411 237 436 ab
257 410 336 436 buius
357 417 426 434 nunc
443 407 527 441 cupite
542 406 678 432 Gallorum
699 405 815 439 impetus
830 409 996 438 terroresque

204 447 321 481 ‹li-pellit.
353 446 393 471 ⁴5,
410 444 586 470 Constituitur
599 451 631 468 ex
647 442 726 468 alu-ra
742 446 814 476 parte
829 441 938 467 ulterior
952 441 998 467 lli-

204 485 305 518 spnnin,
322 491 390 517 qunn
406 481 521 516 proiecto
535 489 586 506 non
602 479 679 505 modo
691 479 818 513 religione
830 487 876 504 sua
889 479 998 504 resiste-

205 530 230 547 ι-ι-
250 521 360 546 istorum
375 518 513 552 cupiditati
529 521 628 552 potest.
649 516 696 542 scd
715 517 793 542 etiam
808 516 996 542 sceleratorum

205 558 342 584 hominum
362 556 476 590 periuria
496 555 656 581 testimoniis
675 562 703 580 ac
724 553 921 579 laudationibus
939 553 997 579 suis

205 594 326 621 refutare.
368 593 454 627 Atque
473 601 505 618 ex
524 593 580 626 ipsa
599 592 678 617 ctiam
693 590 778 617 Gallia
798 590 954 616 fidelissima
973 595 998 616 et

203 631 361 666 gravissima
382 629 481 656 auxilia
499 633 654 655 sumuntur.
697 629 773 655 Venit
788 628 850 654 huic
864 627 995 658 subsidio,

204 669 301 694 misero
314 672 393 702 atque
408 667 550 696 innocenti.
567 666 777 692 Massiliensium
787 670 882 691 cuncta
892 665 996 696 civitas,

203 714 271 740 quae
286 713 337 731 non
351 704 439 731 solum
453 704 487 730 ob
501 712 558 730 enm
572 712 695 730 caussam
712 702 823 733 laborat,
845 707 873 728 ut
888 702 963 732 huic,
984 711 996 727 a

203 751 257 778 quo
270 743 328 777 ipsu
342 746 445 768 servata
460 746 509 772 est,
527 750 616 776 parem
627 741 740 776 gratiam
753 739 849 766 referre
861 739 995 766 videntur:

203 779 250 806 sed
264 780 357 810 etiam,
373 778 446 814 quod
460 787 490 805 ea
503 778 653 805 conditione
667 783 747 813 atque
760 786 791 803 eo
806 777 858 803 sato
871 786 900 803 se
914 777 939 803 in
956 777 998 802 liis

205 817 282 843 terris
295 816 449 843 collocatam
462 825 520 842 esse
535 816 690 846 arbitratur.
712 823 744 841 ne
758 814 824 850 quid
839 815 936 840 nostris
951 814 999 840 ho-

203 854 324 881 minibus
338 853 399 880 illae
412 858 505 889 gentes
520 862 612 880 nocere
631 852 744 887 possint.
786 853 826 878 46.
847 852 999 887 Propugnat

204 892 302 927 pariter
323 900 371 926 pro
393 891 478 918 salute
501 891 536 917 M.
558 891 657 917 Fonteii
678 889 858 916 Narbonensis
884 889 996 918 colonia,

203 937 272 964 quae
291 937 338 964 per
357 928 428 955 hunc
443 929 500 963 ipsu
516 937 600 963 nuper
613 927 754 954 obsidione
768 927 886 953 hostium
903 926 998 952 libera-

204 971 242 997 ιιι,
264 975 335 992 nunc
353 966 474 992 eiusdem
490 966 605 992 miseriis
619 973 648 991 ac
663 964 790 999 periculis
804 968 996 990 commovetur.

204 1004 337 1038 Denique.
358 1007 387 1029 ut
404 1007 505 1038 oportet
520 1002 589 1029 bello
608 1002 723 1032 Gallico.
744 1006 773 1028 ut
792 1003 922 1027 maiorum
941 1002 998 1027 iura

205 1049 346 1076 moresque
361 1040 554 1075 praescribunt.
571 1048 648 1066 nemo
662 1045 701 1066 est
714 1039 781 1066 civis
793 1039 936 1068 Romanus.
951 1038 998 1073 qui

203 1078 257 1104 sibi
277 1077 330 1104 ulla
350 1078 520 1104 excusatione
539 1077 668 1104 utendum
684 1081 768 1112 putet.
809 1075 908 1102 Omnes
924 1075 998 1102 illius

204 1115 356 1151 provinciae
370 1115 520 1150 publicani,
541 1114 683 1150 agricolae,
705 1114 834 1149 pecuarii.
859 1114 938 1139 ceteri
953 1121 1000 1139 ne-

203 1153 360 1189 gotiatores,
386 1161 440 1179 uno
457 1153 546 1178 animo
560 1153 595 1178 M.
611 1152 750 1178 Fonteium
769 1156 850 1186 atque
868 1159 921 1177 una
937 1158 999 1177 voce

204 1189 360 1217 defendunt.
393 1190 474 1216 XVll.
491 1189 567 1222 Quod
581 1190 604 1215 si
620 1194 704 1215 tantas
718 1188 881 1215 auxiliorum
897 1192 999 1214 nostro-

205 1236 265 1254 rum
278 1228 368 1262 copias
383 1227 581 1254 Indutiomarus
595 1227 653 1261 ipse
671 1226 835 1261 despexerit,
856 1225 913 1252 dux
926 1225 1000 1252 Allo—

204 1265 318 1301 brogum
332 1269 534 1299 ceterorumque
549 1263 701 1291 Gallorum:
722 1272 786 1290 num
801 1263 880 1289 etiam
895 1262 928 1289 de
943 1271 999 1289 ma-

204 1303 252 1329 tris
267 1302 339 1328 hunc
347 1301 499 1336 complexu,
518 1301 678 1328 lectissimae
689 1301 909 1335 miserrimaeque
922 1299 1000 1326 femi-

204 1348 267 1370 nae.
292 1339 369 1366 vobis
387 1339 614 1374 inspectantibus,
639 1338 737 1365 avellet
754 1343 834 1373 atque
847 1336 1000 1364 abstrahet?

205 1377 360 1412 praesertim
378 1385 464 1412 quum
484 1376 525 1402 vir
544 1384 560 1402 o
573 1375 687 1403 Vestalis
706 1384 740 1402 ex
757 1375 838 1402 altera
852 1380 926 1410 parte
939 1383 1000 1411 ger-

204 1422 314 1440 manum
329 1413 435 1440 fratrem
449 1385 588 1448 compiexa
603 1417 702 1443 teneat.
724 1417 907 1448 vestramque,
928 1412 1000 1439 iudi-

203 1460 261 1483 ces,
278 1460 308 1478 ac
321 1450 414 1487 populi
428 1451 539 1478 Romani
554 1450 633 1477 tidem
648 1450 785 1486 imploret:
809 1458 879 1485 quae
892 1458 940 1485 pro
954 1458 1001 1476 vo-

204 1488 246 1515 bis
265 1488 412 1524 liberisque
430 1489 527 1515 vestris
546 1493 583 1515 tot
596 1496 680 1514 annos
693 1488 720 1514 in
734 1487 787 1514 diis
802 1487 1000 1514 immortalibus

205 1525 342 1561 placandis
355 1530 483 1561 occupata
497 1530 546 1557 est,
562 1530 592 1552 ut
605 1534 634 1552 ea
650 1533 721 1552 nunc
733 1533 782 1560 pro
791 1525 876 1551 salute
887 1533 937 1551 sua
948 1524 1001 1551 fra-

205 1564 307 1598 trisque
324 1564 369 1590 sui
387 1564 490 1590 animos
510 1567 612 1590 vestros
631 1562 734 1598 placare
753 1563 847 1597 possit.
888 1563 930 1589 47.
950 1561 1000 1589 Cui

204 1601 318 1627 miserae
334 1600 407 1636 quod
425 1600 604 1636 praesidium,
628 1599 702 1635 quod
719 1599 845 1626 solatium
864 1599 1000 1635 reliquum

205 1642 257 1669 est,
274 1638 323 1665 hoc
336 1637 454 1665 amisso?
479 1638 545 1664 Nam
559 1642 660 1664 ceterae
675 1637 789 1663 feminae
801 1637 913 1673 gignere
926 1637 1000 1672 ipsae

205 1675 258 1702 sibi
276 1675 422 1711 praesidia,
443 1680 469 1703 et
486 1675 584 1703 habere
601 1674 674 1702 domi
692 1673 859 1702 fortunarum
878 1674 1000 1701 omnium

1023 277 1027 288 ,
1046 254 1113 289 quid
1137 259 1178 280 est
1201 259 1304 288 praeter
1327 254 1448 284 tratrem.

479 155 520 178 25.
544 152 578 177 M.
601 151 630 176 Τ.
653 148 866 176 (IlCEllONlS
886 148 1033 175 ORATto
1054 147 1127 174 PRO
1148 147 1182 173 M.
1206 146 1490 173 FoNT131‹›.(„·At¹.
1515 147 1555 172 Π.

1047 218 1149 243 socium
1173 218 1383 252 participemque
1405 221 1531 251 possunt:
1560 216 1623 243 huic
1646 225 1708 244 vero
1732 218 1839 254 virgini.

1473 253 1545 289 quod
1563 258 1609 280 aut
1627 254 1777 281 iucundum
1795 260 1843 282 aut

1047 301 1137 317 carum
1152 300 1210 316 esse
1225 290 1326 326 possit?
1350 291 1434 317 Nolite
1449 292 1512 326 pati,
1529 291 1640 321 iudices.
1656 300 1715 318 aru
1729 291 1842 319 deorum

1049 328 1239 355 immortalium
1259 328 1406 363 Vestaeque
1429 330 1520 355 matria
1541 328 1706 363 quotidianis
1729 329 1843 364 virginis

1050 365 1283 392 lamentationibus
1301 365 1334 391 de
1354 370 1440 392 vestro
1454 365 1553 392 iudicio
1566 366 1739 392 commoneri.
1780 366 1844 393 Pro-

1049 403 1156 437 spicite.
1174 412 1206 429 ne
1221 402 1266 429 ille
1281 402 1351 438 ignia
1365 408 1498 433 aeternus,
1514 404 1651 429 nocturnis
1666 403 1791 430 Fonteiae
1805 403 1843 430 ls-

1049 441 1159 467 boribus
1175 439 1330 475 vigiliisque
1343 444 1474 469 servatus.
1491 439 1635 466 sacerdotis
1651 445 1752 466 vestroe
1767 440 1844 467 lacri-

1050 478 1101 504 mis
1115 477 1264 504 exstinctus
1278 485 1336 503 esse
1350 476 1464 503 dicatur.
1494 478 1535 504 58.
1551 477 1647 504 Tendit
1659 477 1692 504 ad
1707 487 1754 504 vos
1769 479 1845 513 virgo

1050 514 1162 541 Vestalis
1181 523 1276 541 manus
1294 514 1445 549 supplices.
1469 514 1591 544 easdem.
1615 523 1684 549 quaa
1702 523 1750 550 pro
1767 515 1844 541 vobis

1049 552 1102 578 diis
1116 552 1313 578 immortalibus
1327 551 1435 578 tendere
1444 556 1598 578 consuevit:
1613 556 1713 583 cavete.
1729 561 1762 578 ne
1773 553 1845 587 peri-

1048 590 1172 616 culosum
1195 589 1398 624 superbumque
1419 589 1467 620 ait,
1493 589 1551 615 eius
1571 597 1617 615 vos
1635 589 1843 616 obsecrationem

1049 627 1203 662 sepudiare.
1228 627 1307 652 cuius
1330 635 1422 661 preces
1439 627 1462 652 si
1480 625 1518 652 dii
1536 630 1754 661 aspernarentur,
1780 626 1844 653 baec

1050 664 1121 691 ralva
1140 673 1199 690 esse
1219 673 1269 690 non
1288 668 1405 699 possent.
1446 663 1583 690 Videtisne
1600 663 1703 695 subito,
1728 663 1841 694 iudices.

1050 702 1138 728 virum
1154 701 1340 731 fortissimum,
1358 701 1392 727 M.
1409 700 1558 732 Fonteium.
1575 701 1692 736 parentis
1706 705 1731 727 et
1745 701 1844 728 sororis

1049 739 1298 766 commemoratione
1314 738 1434 765 lacrimas
1449 737 1620 773 profudisse?
1631 738 1683 770 Qui
1695 746 1843 773 numquam

1051 777 1077 803 in
1091 777 1146 803 acie
1161 776 1340 811 pertimuerit.
1356 776 1404 811 qui
1418 784 1447 802 se
1460 780 1578 802 armatus
1591 784 1670 810 saepe
1685 775 1711 802 in
1727 775 1844 802 hostium

1050 822 1158 840 manum
1174 813 1430 848 multitudinemque
1448 813 1601 844 immiserit.
1621 821 1707 848 quum
1726 813 1753 839 iu
1770 813 1846 839 eius-

1050 851 1121 878 modi
1141 850 1267 886 periculis
1281 850 1372 877 eadem
1387 859 1416 876 se
1429 850 1522 877 solatia
1536 851 1594 876 suis
1609 850 1759 885 relinquere
1772 849 1846 876 arbi-

1050 893 1171 919 traretur,
1186 896 1255 923 quae
1269 897 1336 914 suus
1350 893 1424 923 pater
1437 888 1489 914 sibi
1504 887 1669 922 reliquisset:
1686 887 1757 914 idem
1773 896 1845 914 nunc

1049 925 1206 952 conturbato
1219 926 1308 952 animo
1322 925 1494 960 pertimescit.
1511 933 1543 951 ne
1553 934 1605 951 non
1616 924 1695 951 modo
1703 933 1845 951 ornamen-

1051 969 1077 990 to
1090 968 1116 989 et
1130 963 1285 989 adiumento
1299 971 1350 989 non
1364 963 1399 988 sit
1413 962 1480 994 suis,
1496 962 1542 988 sed
1557 962 1637 988 etiam
1651 970 1713 988 cum
1727 962 1846 988 acerbis·

1050 1001 1119 1027 simo
1138 1000 1211 1026 luctu
1229 999 1346 1026 dedecus
1363 1004 1500 1026 aeternum
1515 1000 1621 1026 miseris
1635 1004 1715 1034 atque
1729 999 1846 1035 ignomi-

1051 1038 1123 1064 niam
1138 1037 1281 1072 relinquat.
1315 1038 1357 1064 49.
1372 1036 1394 1063 O
1409 1036 1541 1063 fortunam
1556 1036 1633 1072 longe
1646 1036 1791 1071 disparem.
1807 1036 1844 1064 M.

1050 1075 1156 1102 Fontei!
1171 1075 1196 1101 si
1209 1074 1327 1110 deligere
1341 1075 1486 1109 potuisses,
1502 1078 1532 1100 ut
1546 1074 1635 1109 potius
1649 1073 1710 1100 telis
1721 1074 1769 1100 tibi
1781 1073 1846 1101 Gal-

1051 1112 1147 1144 lorum,
1162 1121 1243 1147 quam
1258 1112 1384 1147 periuriis
1394 1111 1582 1138 intereundum
1593 1115 1673 1137 esset.
1694 1111 1763 1138 Tum
1773 1111 1845 1138 enim

1051 1150 1120 1176 vitae
1133 1150 1205 1176 socia
1219 1150 1316 1180 virtus.
1332 1150 1426 1176 mortis
1438 1157 1528 1176 comoe
1540 1148 1624 1185 gloria
1639 1148 1748 1175 fuisset:
1773 1157 1846 1175 nunc

1050 1196 1114 1214 vero
1126 1187 1174 1223 qui
1193 1191 1233 1213 est
1249 1186 1337 1218 dolor,
1358 1187 1482 1213 victoriae
1496 1191 1521 1212 te
1534 1190 1613 1221 atque
1626 1186 1733 1221 imperii
1746 1193 1846 1221 poenas

1051 1224 1084 1252 ad
1098 1233 1189 1251 eorum
1203 1224 1344 1250 arbitrium
1355 1223 1474 1253 sufferre.
1489 1223 1537 1259 qui
1547 1228 1593 1250 aut
1605 1223 1667 1250 victi
1677 1223 1759 1250 armis
1770 1228 1844 1253 sunt.

1050 1267 1096 1289 aut
1109 1262 1265 1289 invitissimi
1279 1262 1439 1296 paruerunt!
1465 1262 1486 1287 A
1499 1269 1554 1296 quo
1567 1260 1686 1295 periculo
1699 1259 1844 1291 defendite.

1050 1299 1167 1330 iudices,
1187 1299 1273 1326 civem
1289 1298 1383 1325 fortem
1398 1303 1477 1334 atque
1491 1298 1672 1324 innocentem:
1695 1302 1800 1329 curate,
1816 1302 1847 1324 ut

1051 1337 1149 1364 nostris
1163 1337 1277 1363 testibus
1291 1336 1362 1371 plus.
1377 1344 1460 1371 quam
1473 1334 1632 1371 alienigenis
1643 1334 1791 1361 credidisse
1804 1335 1847 1361 vi-

1051 1374 1182 1401 deamini:
1203 1373 1265 1409 plus
1279 1373 1360 1400 saluti
1373 1373 1489 1404 civium,
1509 1381 1591 1408 quam
1605 1371 1724 1399 bostium
1738 1371 1846 1399 libidini

1051 1411 1234 1439 consuluisse:
1259 1411 1408 1447 graviorem
1426 1410 1538 1437 duxisse
1551 1410 1610 1436 eius
1623 1409 1844 1440 obsecrationem,

1051 1457 1120 1485 quae
1139 1448 1236 1476 vestris
1253 1449 1336 1475 sacris
1354 1449 1465 1484 praesit.
1485 1456 1567 1483 quam
1585 1455 1678 1474 eorum
1695 1447 1844 1478 audaciam.

1051 1487 1100 1522 qui
1113 1495 1176 1513 cum
1190 1486 1312 1513 omnium
1325 1486 1409 1512 sacris
1423 1485 1598 1520 delubrisque
1608 1483 1678 1511 bella
1688 1488 1844 1520 gesserunt:

1051 1529 1186 1560 postremo
1200 1523 1358 1558 prospicite,
1377 1522 1494 1553 iudices,
1514 1522 1541 1548 id
1555 1521 1628 1557 quod
1642 1521 1675 1548 ad
1689 1522 1846 1558 dignitatem

1052 1561 1146 1597 populi
1163 1561 1276 1588 Rotnani
1294 1561 1410 1587 maxime
1429 1560 1557 1595 pertinet,
1581 1563 1611 1586 ut
1627 1558 1690 1594 plus
1708 1558 1780 1594 apud
1797 1567 1846 1585 vos

1052 1607 1144 1633 preces
1162 1598 1275 1634 virginis
1290 1597 1416 1629 Vestalis.
1440 1605 1522 1633 quam
1541 1597 1629 1624 minae
1643 1595 1782 1624 Gallorum
1799 1604 1847 1623 va-

1052 1636 1136 1664 luisse
1150 1635 1299 1663 videantur.

909 1757 1140 1772 ——doqop-

1000 1855 1044 1880 26.

1027 1929 1352 1961 CICERONIS

697 1932 731 1960 M.
779 1931 979 1961 TULLII

986 2025 1072 2044 Pno

523 2098 1015 2148 A.CAE

1491 2094 1531 2142 A

1116 2096 1397 2148 CIN

818 2203 1224 2243 ORATIO.

744 2381 955 2410 NOTITIA
986 2379 1308 2410 LITTERARIA.

320 2458 381 2480 Haec
395 2459 469 2481 oratio
483 2468 498 2480 u
509 2459 614 2480 Cicerone
622 2459 701 2480 habita
711 2463 745 2480 est
755 2460 780 2484 Q.
790 2459 911 2481 Hortensio
922 2461 947 2484 Q.
959 2459 1057 2480 caecilio
1066 2459 1158 2480 MeteIIo
1170 2457 1257 2479 cretico
1267 2463 1322 2477 coss.
1333 2458 1391 2483 (833.
1397 2461 1423 2482 p.
1437 2453 1463 2474 U.
1474 2454 1515 2479 e.)-

263 2591 339 2612 ARG.
366 2592 396 2612 Μ.
407 2592 524 2614 Fulciniu-
533 2593 708 2620 Tarquiniensis
722 2592 859 2614 Caesenniae
873 2593 941 2613 uxori
955 2600 1000 2613 mo-

210 2625 270 2647 riens
283 2626 443 2647 usumfructum
458 2627 563 2649 bonorum
577 2635 666 2650 auorum
681 2627 775 2654 legavit,
793 2631 819 2648 ut
833 2628 945 2648 frueretur
956 2635 1001 2648 unu

209 2668 257 2681 cum
267 2660 313 2681 filiu
325 2660 404 2681 herede
413 2660 525 2683 instituto.
549 2663 592 2684 nl·
605 2666 690 2684 mortuo
706 2662 772 2683 etism
786 2662 833 2683 fitia
848 2669 877 2683 ex
886 2663 951 2683 honis
962 2669 1000 2683 au·

210 2695 283 2717 ctione
301 2695 398 2716 venditi·
417 2696 507 2718 fundum
524 2704 595 2718 emere
610 2697 738 2719 coustituit:
755 2697 823 2724 idque
836 2697 948 2722 negotium
963 2697 1001 2717 dat

1050 2593 1104 2614 Sex.
1114 2591 1219 2616 Aebutio,
1228 2589 1265 2612 eni
1275 2589 1363 2613 mnam,
1373 2586 1512 2609 Caesenniae
1519 2585 1615 2614 pecunia
1623 2587 1717 2612 e-ptna,
1727 2584 1772 2605 fuit
1781 2583 1844 2605 aul-ti-

1051 2630 1106 2648 ema.
1130 2628 1214 2648 Postea
1223 2631 1289 2653 quun
1298 2622 1423 2645 eae-cunia
1433 2622 1459 2642 A.
1470 2621 1596 2645 entiam.
1607 2619 1644 2641 eui
1651 2623 1770 2647 nupserat,
1780 2619 1843 2640 here-

1050 2662 1098 2682 dem
1108 2661 1250 2688 reliquisset:
1264 2658 1375 2681 Aet-utin·
1386 2657 1443 2678 hune
1452 2657 1544 2677 fundum
1553 2662 1615 2676 auu-
1625 2661 1675 2675 esse
1683 2654 1754 2679 dixit.
1769 2660 1810 2675 aun
1819 2660 1844 2674 ae

1051 2697 1096 2717 nihi
1105 2696 1201 2724 pecuni-
1210 2702 1259 2716 eum
1269 2694 1362 2718 enine,
1376 2699 1405 2713 ex
1419 2691 1540 2718 argentarii
1551 2690 1635 2712 tabuli-
1646 2696 1747 2716 uguana.
1778 2688 1843 2710 Adii-
