1941 3052
224 141 286 166 ⁴0:20

219 210 344 246 quidem,
359 218 418 235 uam
432 207 516 236 istud,
530 206 612 233 com-ti
624 215 637 232 u
651 211 687 235 te,
706 204 795 240 paullo
806 210 865 231 ante
876 205 1010 230 cont-euni-

220 257 291 274 mua.
334 248 366 272 M.
384 248 441 277 Quo
457 244 534 270 modo
551 244 644 276 igitur,
664 247 709 268 aut
723 251 771 268 cur
787 247 897 268 mortem
910 241 1009 267 malum

221 286 269 312 tibi
288 284 371 310 vim-ri
387 283 455 307 divin
465 302 470 310 ,
487 289 556 315 quae
570 280 715 305 authentos
728 288 775 305 nos
786 279 896 309 efficiet,
913 279 1010 305 animis

221 321 401 349 manentibus,
413 323 458 344 uut
470 327 520 344 non
534 318 654 347 mist-mx,
667 325 748 342 sensu
760 316 898 342 carentes?

277 379 332 404 xn.
350 379 390 402 26.
407 377 436 402 Λ,
451 376 559 410 Expone
573 375 662 408 igitur,
676 374 727 400 nisi
741 373 881 400 molestum
893 378 941 402 est.
956 373 1011 408 pri-

221 425 304 443 mum.
318 415 420 440 auimo-⁴
429 434 434 442 ,
448 413 469 438 si
482 418 569 447 potes,
587 420 722 437 remanere
733 416 792 445 post
805 416 930 436 mortem:
943 415 1008 440 tutn,

220 455 242 479 si
255 453 343 478 minus
357 451 380 476 id
392 450 535 477 obtinebis.
549 450 599 482 (est
609 449 680 474 enim
693 448 953 481 arduum‚)‹to‹·‹·bis,
967 457 1013 473 ca-

221 499 276 516 ren¹
291 489 364 514 (unni
381 487 450 513 {nalo
466 491 587 513 mortem.
628 486 684 520 Ego
695 486 766 511 enim
780 485 850 511 istud
864 485 952 519 ipsum
966 493 1012 510 ve-

221 535 286 556 reor,
301 535 332 551 ne
345 524 444 550 malum
456 525 503 554 sit,
518 533 569 549 nou
581 523 641 549 dico
652 532 740 549 carere
752 531 848 552 sensu,
861 522 907 547 sed
919 531 1012 548 caren-

220 564 284 589 dum
300 571 369 588 esse.
409 562 444 587 M.
461 561 622 587 Aut-toribus
638 560 747 595 quidem
764 559 796 585 ad
814 560 890 586 istan]
905 564 1013 585 senten-

221 603 292 630 tiam,
306 608 387 634 quam
402 599 442 624 vis
453 598 578 626 obtineri.
595 598 632 623 uti
644 598 754 632 optimis
766 605 923 631 possumus:
940 595 1011 630 quod

221 639 246 664 in
258 637 384 663 omnibus
396 636 499 661 caussis
511 640 536 661 et
547 635 626 661 debet
637 639 662 660 et
673 634 738 660 solet
750 634 836 660 valere
847 633 1010 668 plurimum:

219 681 243 701 et
259 675 376 709 primum
393 673 504 708 quidem
520 672 593 698 omni
610 672 781 706 antiquitate;
800 680 868 706 quae
884 680 937 705 quo
952 679 1013 705 pro-

220 713 281 746 pius·
292 711 382 737 aberat
393 710 425 736 ab
436 715 494 736 ortu
507 715 532 736 et
543 709 634 735 divina
648 710 788 744 progenie,
806 709 855 735 hoc
871 707 968 734 melius
982 716 1012 733 ea

221 749 340 779 tortasse,
353 756 421 782 quae
433 752 507 774 eraut
518 756 589 777 vera,
601 746 736 772 cernebat.

275 803 316 829 27.
342 803 432 837 {taque
452 810 536 827 unum
553 800 620 827 illud
636 805 691 826 erat
707 801 818 826 insitum
834 799 930 834 priscis
947 798 1010 829 illis,

219 848 288 876 quos
298 840 394 866 Cascos
411 838 527 874 appellat
540 839 657 868 Ennius.
675 846 733 864 esse
749 838 776 863 in
793 842 875 863 morte
891 845 1010 866 sensum,

221 885 308 912 neque
323 885 436 903 excessu
453 877 522 902 vitae
538 876 576 902 sic
587 875 670 901 deleri
682 875 832 905 homiuem,
850 879 880 900 ut
891 873 1012 900 funditus
1033 884 1035 892 ν

220 915 352 941 interiret:
370 914 451 948 idque
462 922 547 947 quum
561 912 653 938 multis
664 912 725 938 aliis
737 912 831 943 rebus,
850 916 906 937 tum
921 920 934 936 e
946 919 1013 945 pon-

221 951 302 983 tificio
316 951 373 977 iure
384 955 409 977 et
420 951 590 976 caerimoniis
604 949 788 984 sepulcrorum
806 948 919 984 intelligi
937 948 1009 980 licct3

220 997 288 1023 quas
303 988 429 1015 maximis
447 988 562 1023 ingeniis
575 986 686 1022 praediti
698 995 746 1012 nee
757 991 827 1012 tanta
839 994 901 1011 cura
913 985 1013 1011 coluis—

219 1030 288 1056 sent,
297 1034 344 1051 nec
352 1025 462 1051 violatas
474 1030 526 1051 tam
539 1024 698 1059 inexpiabili
709 1023 837 1059 religione
848 1023 1010 1052 sanxissent,

220 1063 273 1089 nisi
291 1063 409 1089 haereret
425 1063 451 1088 in
463 1071 554 1088 eorum
566 1061 714 1091 mentibus,
733 1065 844 1087 mortem
855 1068 907 1086 non
920 1059 1013 1085 interi-

219 1105 277 1127 tum
289 1108 347 1126 esse
358 1100 446 1125 onmia
459 1099 592 1125 tollentem
605 1103 684 1133 atque
696 1097 843 1128 delentem,
859 1097 905 1123 sed
917 1105 1013 1131 quam-

220 1137 281 1163 dam
307 1138 385 1172 quasi
411 1137 596 1171 migrationem
621 1136 911 1169 commutationemque
931 1134 1010 1164 vitae,

220 1183 289 1209 quae
306 1176 331 1201 in
348 1174 427 1200 claris
443 1175 508 1199 viris
524 1178 549 1199 et
564 1173 672 1199 seminis
687 1172 742 1198 (lux
759 1173 785 1198 in
801 1171 905 1198 caelum
917 1171 1014 1197 soleret

220 1220 291 1242 esse,
314 1213 340 1238 in
357 1212 451 1237 ceteris
468 1211 544 1237 humi
561 1211 731 1240 retineretur,
752 1214 778 1236 et
792 1213 960 1244 permaneret
973 1213 1013 1235 ta-

220 1257 292 1275 men.
332 1251 374 1275 28.
396 1249 436 1274 Ex
448 1248 497 1274 hoc
508 1252 534 1274 et
545 1252 694 1274 nostrorum
706 1247 833 1281 opinione

295 1286 415 1312 Romulus
425 1288 450 1311 in
463 1287 531 1311 caelo
543 1294 599 1311 cum
609 1287 660 1310 (liis
670 1299 683 1304 -
693 1299 707 1304 -
718 1285 773 1319 agit
782 1293 878 1313 aevom,

219 1328 262 1354 ut,
280 1322 363 1349 famae
375 1323 537 1352 assentiens,
550 1321 620 1348 dixit
631 1321 748 1347 Ennius:
766 1326 792 1347 et
802 1320 874 1356 apud
886 1320 1010 1351 Graecos,

219 1360 336 1395 indeque
352 1359 492 1395 perlapsus
504 1359 536 1385 ad
548 1368 596 1385 nos
607 1363 632 1385 et
642 1367 728 1393 usque
740 1358 772 1384 ad
783 1358 934 1388 Oceanum,
947 1358 1014 1383 Her-

219 1397 294 1424 cules
305 1402 393 1424 tantus
404 1402 492 1423 ettam
504 1396 750 1431 praesenshabetur
757 1395 838 1422 deus:
852 1395 915 1421 hinc
923 1395 1010 1425 Liber,

219 1434 322 1461 Semele
338 1440 429 1465 natus,
450 1434 598 1469 eademque
614 1433 699 1459 famae
714 1433 867 1459 celebritate
882 1432 1014 1468 Tyndari-

219 1472 267 1498 dae
284 1472 390 1498 fratres:
407 1472 454 1506 qui
471 1480 521 1497 non
534 1471 612 1497 modo
623 1471 757 1497 adiutores
769 1471 796 1497 in
808 1469 918 1505 praeliis
929 1470 1014 1496 vieto-

219 1510 273 1536 riae
284 1509 377 1544 populi
389 1509 509 1539 Romani,
523 1508 570 1534 sed
582 1509 661 1534 etiam
673 1509 762 1534 nuntii
774 1507 857 1534 fuisse
868 1507 1014 1542 perhiben-

219 1552 272 1573 tur.
294 1546 551 1578 Quid?1no,Cadmi
563 1545 626 1576 filia,
639 1553 726 1571 nonne
737 1547 879 1572 Λευκοθέα
891 1545 1014 1571 nomina-

219 1588 243 1610 ta
255 1592 268 1609 a
281 1584 403 1614 Graecis,
422 1584 519 1609 Matuta
536 1583 650 1609 habetur
665 1591 679 1608 a
695 1581 810 1609 nostris?
825 1581 914 1614 Quid?
929 1586 1012 1608 totum

219 1629 301 1655 prope
317 1620 434 1651 caelum,
452 1629 485 1647 ne
500 1620 592 1655 plures
611 1628 769 1654 persequar,
792 1628 879 1646 nonne
896 1619 1014 1645 humano

219 1666 316 1693 genere
327 1657 490 1692 completum
500 1657 558 1684 est?
587 1657 657 1683 xm.
674 1659 716 1683 29.
729 1657 758 1683 Si
770 1665 832 1683 vero
843 1657 956 1682 scrutari
968 1664 1014 1682 ve-

221 1700 274 1721 tera
285 1700 310 1721 et
321 1704 354 1721 ex
370 1695 413 1721 his
428 1704 470 1725 ea,
487 1703 556 1730 quae
566 1695 708 1728 scriptores
720 1694 815 1720 Graeci
826 1693 1011 1728 prodiderunt,

219 1740 312 1758 eruere
328 1740 420 1758 coner:
444 1733 496 1766 ipsi
513 1732 553 1758 illi
569 1733 700 1757 maiorum
715 1731 837 1767 gentium
853 1731 891 1756 dii
906 1731 954 1765 qui
966 1730 1014 1756 ba-

220 1769 329 1800 bentur,
349 1769 411 1795 hinc
426 1778 440 1795 a
456 1769 534 1795 nobis
550 1768 662 1803 profecti
678 1769 704 1794 in
719 1768 823 1794 caelum
835 1768 1011 1802 reperientur.

220 1806 336 1838 Quaere,
353 1815 468 1841 quorum
483 1806 700 1832 demonstrantur
713 1805 836 1840 sepulcra
848 1805 875 1831 in
886 1805 1010 1836 Graecia3

221 1844 402 1873 reminiscere,
410 1844 538 1878 quoniam
549 1852 578 1869 es
590 1843 718 1873 initiatus,
727 1851 796 1877 quae
807 1842 948 1868 traduntur
955 1850 1014 1877 my-

220 1881 323 1906 steriis:
338 1885 394 1906 tum
405 1880 533 1915 denique,
546 1888 627 1915 quam
639 1879 688 1906 hoc
701 1879 751 1905 late
761 1884 858 1914 pateat,
867 1878 1012 1914 intelliges.

221 1916 273 1942 Sed
288 1918 336 1951 qui
352 1917 471 1943 nondum
486 1926 529 1947 ea,
551 1925 620 1951 quae
636 1916 728 1942 multis
742 1921 801 1951 post
816 1916 894 1942 annis
908 1917 1014 1942 tractari

220 1954 384 1988 coepissent¹
402 1954 514 1989 physica
526 1954 698 1984 didicissent,
716 1958 819 1979 tantum
834 1953 887 1979 sibi
902 1962 1015 1988 persua-

220 1996 322 2021 serant.
340 1996 471 2025 quantum
486 1996 579 2017 natura
594 1990 752 2017 admonente
763 1996 955 2026 cognoverant:
972 1999 1014 2017 ra-

220 2029 306 2054 tiones
322 2032 348 2054 et
362 2036 470 2054 caussas
486 2037 575 2054 rerum
591 2036 643 2054 non
659 2027 796 2059 tenebant;
815 2028 883 2054 visis
897 2028 1014 2062 quibus-

220 2065 283 2091 dam
295 2073 374 2099 saepe
384 2065 570 2096 movebantur,
584 2064 681 2099 hisque
693 2065 810 2091 maxime
824 2066 971 2096 nocturnis,
985 2070 1014 2091 ut

220 2102 377 2128 viderentur
392 2102 425 2133 ii,
441 2103 488 2137 qui
503 2103 557 2128 vita
572 2107 755 2133 excesserant,
775 2103 878 2128 vivere.
918 2104 960 2128 30.
982 2102 1015 2128 Ut

220 2147 298 2174 porro
314 2139 499 2166 firmissimum
516 2139 566 2165 hoc
581 2139 666 2165 afferri
682 2139 803 2170 videtur,
819 2148 868 2165 eur
877 2139 941 2166 deos
955 2147 1014 2165 esse

220 2176 375 2207 credamus,
393 2177 465 2211 quod
483 2176 556 2203 nulla
572 2185 639 2212 gens
651 2181 704 2203 tam
716 2176 783 2207 fera,
802 2185 880 2203 nemo
890 2178 1013 2203 omnium
1034 2183 1036 2203 2

220 2219 273 2240 tam
285 2214 320 2240 sit
332 2214 466 2244 immanis,
480 2214 558 2240 cuius
570 2219 686 2240 mentem
699 2222 750 2240 non
762 2214 891 2240 imbuerit
901 2214 1013 2240 deorum

220 2251 324 2285 opinio:
341 2266 378 2270 —
393 2251 471 2277 multi
485 2251 518 2277 de
529 2251 582 2277 diis
594 2259 674 2285 prava
686 2252 819 2278 sentiunt:
837 2251 875 2286 (id
886 2252 959 2277 enim
971 2252 1014 2277 vi-

222 2288 288 2314 tioso
297 2296 369 2314 more
380 2288 451 2314 effici
462 2288 528 2314 solet
537 2289 652 2323 :)omnes
663 2293 751 2314 tamen
763 2297 822 2314 esse
832 2289 888 2314 vim
899 2293 925 2315 et
935 2293 1014 2315 natu-

221 2333 277 2350 ram
292 2324 412 2351 divinam
429 2326 603 2352 arbitrantur:
622 2334 671 2352 nee
686 2334 749 2351 vero
766 2325 794 2351 id
808 2325 949 2352 collocutio
965 2326 1014 2352 ho-

222 2362 325 2388 minum
337 2367 381 2389 aut
391 2371 538 2389 consensus
549 2362 648 2389 effecit:
664 2371 716 2389 non
728 2363 859 2389 institutis
869 2363 960 2397 opinio
974 2367 1014 2390 est

221 2399 382 2429 confirmata,
395 2408 448 2426 non
460 2399 576 2435 legibus
603 2400 684 2426 Omni
695 2404 784 2426 autem
795 2401 823 2426 in
834 2408 862 2426 re
872 2401 1014 2426 consensio

221 2436 342 2462 omnium
353 2437 474 2471 gentium
486 2437 530 2463 lex
541 2442 649 2463 naturae
660 2436 777 2472 putanda
788 2442 838 2463 est.
849 2452 886 2457 —
896 2437 963 2469 Quis
974 2442 1014 2464 est

223 2473 317 2507 igitur,
339 2474 387 2508 qui
407 2482 517 2500 suorum
538 2479 649 2500 mortem
664 2474 782 2508 primum
797 2483 850 2500 non
865 2483 896 2501 eo
912 2474 1010 2509 lugeat,

222 2509 294 2543 quod
314 2518 358 2535 eos
378 2510 483 2537 orbatos
501 2511 571 2537 vitae
591 2511 740 2537 commodis
759 2511 920 2538 arbitretur?
939 2511 1013 2538 Tolle

222 2545 291 2571 hane
300 2547 466 2580 opinionem3
480 2548 581 2574 luctum
593 2547 746 2574 sustuleris.
767 2548 851 2574 Nemo
861 2549 933 2574 enim
940 2557 1014 2575 mae-

223 2587 261 2623 ret
272 2591 320 2608 suo
331 2583 507 2611 incommodo.
538 2584 632 2611 Dolent
643 2584 754 2611 sortasse
765 2590 790 2611 et
800 2591 948 2620 anguntur:
964 2585 1012 2612 sed

222 2618 268 2645 illa
284 2618 407 2654 lugubris
423 2621 574 2648 lamentatio
589 2621 721 2657 fletusque
736 2630 858 2648 maerens
874 2631 906 2649 ex
920 2631 951 2649 eo
961 2627 1010 2653 est,

222 2655 295 2690 quod
306 2664 377 2688 eum,
385 2666 466 2692 quem
476 2658 632 2691 dileximus.
641 2660 711 2686 vitae
717 2659 865 2686 commodis
876 2661 1012 2695 privatum

790 133 1282 161 ttss.M.T.CtC13RON15

1063 205 1236 235 arbitramur,
1261 204 1343 239 idque
1358 205 1466 231 sentire.
1506 205 1592 240 Atque
1608 204 1657 230 hoc
1674 205 1707 230 ita
1723 206 1853 231 sentimus

1063 247 1154 269 natura
1168 242 1245 271 duee,
1260 242 1331 267 nulla
1345 242 1453 271 ratione,
1470 242 1597 276 nulleque
1608 241 1737 268 doctrina.

1118 279 1186 305 MV.
1209 281 1250 305 3⁴.
1273 279 1419 305 Maximum
1433 287 1494 304 vero
1505 284 1692 311 argumentum
1707 283 1760 307 eat,
1777 284 1854 305 natu-

1064 326 1118 342 ram
1136 317 1221 351 ipsam
1237 316 1270 341 de
1288 315 1483 342 immortalitate
1498 317 1648 342 animorum
1665 317 1770 342 tacitam
1783 315 1855 341 iudi-

1062 363 1135 383 care,
1153 353 1225 388 quod
1236 353 1363 379 omnibun
1373 361 1452 378 curae
1464 358 1539 383 sunt,
1553 358 1578 379 et
1588 353 1721 379 maximae
1731 352 1853 389 quidem,

1040 413 1041 417 ,
1063 400 1132 426 quae
1144 395 1324 425 postmortem
1337 389 1425 416 lutura
1440 390 1504 416 sint.

1589 427 1658 452 Ser-it

1137 466 1250 493 Arbore-³.
1261 474 1327 497 quur
1337 467 1352 489 ἡ
1357 466 1415 490 lteri
1425 465 1526 490 saecuto
1535 466 1646 497 prount,

1065 507 1093 529 ut
1109 502 1144 528 ait
1161 501 1205 528 ille
1221 503 1247 528 in
1264 501 1449 537 Synephebis:
1467 501 1534 536 quid
1550 506 1687 535 spectans,
1707 501 1759 527 nisi
1775 501 1855 526 etiam

1065 544 1167 574 postera
1179 539 1284 564 saecula
1296 538 1328 564 ad
1340 547 1369 564 se
1381 537 1531 573 pertinere?
1541 538 1610 573 Ergo
1620 538 1728 564 arbores
1740 543 1803 563 serit
1813 537 1856 563 di-

1065 577 1151 611 tigons
1170 576 1298 609 agricola,
1324 584 1437 610 quarum
1457 576 1569 610 aspiciet
1589 575 1681 601 bacam
1704 575 1760 609 ipse
1776 583 1855 600 num-

1064 623 1159 649 quam:
1174 615 1216 639 vir
1226 622 1340 648 magnus
1353 613 1439 648 leges,
1454 613 1582 642 instituta,
1597 611 1791 647 rempublicam
1803 620 1855 638 non

1064 650 1150 677 seret?
1162 650 1232 683 Quid
1245 651 1391 685 procreatio
1404 649 1630 684 liberorum,qui‹l
1643 649 1797 684 propagatio
1808 655 1857 674 no-

1065 689 1160 719 minis,
1173 688 1239 722 quid
1251 688 1406 722 adoptiones
1418 687 1547 717 tiliorum,
1560 687 1627 721 quid
1639 690 1855 713 testamentorum

1063 725 1218 761 diligentia,
1236 725 1302 760 quid
1320 725 1376 759 ipsa
1388 724 1572 759 sepulcrorum
1586 728 1771 752 monumenta,
1789 721 1856 757 quid

1063 762 1149 797 elogia
1161 763 1327 798 significant,
1345 763 1396 788 nisi
1409 771 1456 788 nos
1468 761 1555 787 sutura
1566 762 1646 787 etiam
1657 759 1791 796 cogitare?
1812 760 1854 785 32.

1063 800 1134 832 Quid
1147 799 1234 826 illud?
1243 808 1307 825 num
1319 799 1437 829 dubitas,
1449 799 1516 833 quin
1527 799 1664 833 specimen
1677 802 1785 824 naturae
1795 796 1856 831 capi

1040 867 1042 872 ,
1064 837 1160 863 debeat
1169 845 1202 863 ex
1213 837 1312 871 optima
1324 844 1432 871 quaque
1444 836 1554 862 natura?
1568 836 1641 868 Quae
1656 840 1696 862 est
1707 835 1789 870 igitur
1800 842 1857 860 me-

1066 874 1114 901 lior
1126 875 1152 900 in
1165 874 1303 900 hominum
1318 882 1414 909 genere
1429 878 1536 903 natura,
1553 882 1634 908 quarn
1645 880 1752 902 eorum,
1769 871 1857 906 quise

1065 916 1139 938 natos
1153 911 1185 938 ad
1201 911 1323 937 homines
1340 910 1485 940 iuvandos,
1504 910 1641 939 tutandos,
1659 907 1857 935 conservandos

1064 948 1243 975 arbitrantur?
1253 948 1327 974 Abiit
1337 947 1369 973 ad
1381 947 1445 974 deos
1457 947 1593 973 Hercules.
1633 947 1786 981 Numquam
1799 945 1858 971 abi-

1065 987 1142 1016 isset,
1159 986 1226 1016 nisi,
1239 994 1323 1020 quum
1337 986 1404 1011 inter
1416 985 1538 1010 homines
1549 988 1631 1013 esset,
1649 992 1708 1009 eam
1720 983 1773 1009 sibi
1786 983 1856 1007 viam

1065 1024 1236 1049 munivisset.
1277 1023 1369 1049 Vetera
1393 1023 1445 1048 iarn
1471 1023 1520 1047 ista
1541 1027 1567 1048 et
1586 1021 1715 1056 religione
1734 1019 1856 1046 omnium

1063 1065 1226 1087 consecrata.
1266 1060 1324 1085 XV.
1339 1059 1410 1091 Quid
1422 1060 1449 1085 in
1462 1059 1510 1085 hac
1522 1058 1659 1093 republica
1671 1062 1707 1084 tot
1717 1062 1858 1091 tantosque

1065 1098 1137 1124 viros
1156 1098 1191 1124 ob
1212 1097 1406 1131 rempublicam
1428 1096 1579 1122 interfectos
1597 1096 1729 1130 cogitasse
1745 1094 1859 1120 arbitra-

1065 1134 1143 1161 mur?
1158 1134 1290 1160 iisdemne
1307 1139 1335 1159 ut
1351 1133 1451 1160 tinibus
1467 1142 1563 1159 nomen
1574 1141 1669 1162 suum,
1686 1131 1788 1167 quibus
1803 1131 1857 1156 vita

1065 1171 1270 1199 terminaretur?
1281 1172 1364 1197 Nemo
1376 1179 1505 1205 umquam
1517 1171 1575 1196 sine
1586 1178 1682 1205 magna
1694 1170 1858 1203 speimmor-

1065 1209 1174 1236 talitatis
1190 1218 1218 1235 se
1230 1217 1277 1243 pro
1288 1209 1372 1243 patria
1383 1207 1487 1234 offerret
1498 1207 1530 1234 ad
1544 1212 1666 1233 mortem.
1707 1208 1748 1232 33.
1771 1205 1859 1231 Licuit

1065 1255 1123 1273 esse
1139 1247 1223 1273 otioso
1239 1245 1426 1276 Themistocli,
1448 1244 1523 1271 licuit
1538 1243 1753 1279 Epaminondae,
1772 1242 1856 1271 licuit,

1065 1293 1097 1310 ne
1108 1289 1134 1310 et
1146 1289 1233 1310 vetera
1245 1287 1271 1309 et
1280 1287 1388 1309 externa
1399 1290 1535 1317 quaeram,
1545 1281 1626 1308 mihi:
1640 1280 1688 1307 sed
1695 1281 1859 1314 nescioquo-

1065 1321 1143 1348 modo
1159 1321 1280 1347 inhaeret
1295 1320 1322 1346 in
1339 1319 1476 1346 mentibus
1491 1320 1570 1354 quasi
1585 1318 1753 1345 saeculorum
1771 1315 1859 1351 quod-

1064 1359 1126 1385 dam
1146 1358 1291 1394 augurium
1310 1357 1475 1384 futurorum:
1498 1356 1580 1391 idque
1598 1357 1626 1382 in
1640 1355 1768 1382 maximis
1783 1354 1860 1389 inge-

1065 1397 1117 1422 niis
1129 1396 1323 1430 altissimisque
1335 1395 1434 1421 animis
1449 1399 1474 1420 et
1488 1394 1594 1420 exsistit
1608 1393 1725 1419 maxime
1740 1396 1766 1418 et
1776 1398 1860 1425 appa-

1065 1438 1104 1460 ret
1118 1433 1255 1460 facillime.
1295 1432 1354 1464 Quo
1372 1431 1483 1467 quidem
1498 1431 1620 1466 dempto,
1642 1430 1705 1465 quis
1721 1434 1774 1456 tam
1789 1432 1860 1454 esset

1064 1480 1170 1502 amens,
1187 1471 1235 1505 qui
1250 1478 1357 1504 semper
1373 1470 1399 1495 in
1415 1469 1552 1495 laboribus
1563 1473 1589 1494 et
1599 1466 1728 1503 periculis
1739 1463 1860 1492 viveret?

1064 1509 1106 1535 34.
1128 1509 1234 1543 Loquor
1243 1507 1276 1533 de
1288 1506 1473 1541 principibus:
1492 1505 1560 1541 quid
1571 1503 1682 1540 poetae?
1696 1504 1789 1530 Nonne
1799 1506 1860 1537 post

1064 1550 1176 1572 mortem
1188 1544 1324 1572 nobilitari
1336 1543 1447 1570 volunt?
1457 1543 1532 1570 Unde
1543 1551 1606 1578 ergo
1617 1540 1704 1568 illud?

1100 1601 1219 1633 Aspicite.
1234 1607 1249 1625 ο
1259 1601 1332 1629 cives,
1344 1600 1412 1624 senis
1424 1598 1502 1624 Ennii
1513 1597 1625 1630 imayint‘
1636 1599 1754 1629 sormam.

1137 1637 1186 1663 Hic
1196 1638 1308 1662 vestram
1316 1638 1404 1669 pinxit
1415 1643 1540 1661 maxuma
1549 1637 1619 1667 sacta
1628 1638 1742 1666 patrum.

1065 1693 1215 1720 Mercedem
1225 1693 1326 1729 gloriae
1337 1692 1437 1728 flagitat
1447 1692 1480 1718 ab
1491 1692 1534 1722 iis,
1543 1699 1658 1727 quorum
1664 1694 1753 1725 patres
1763 1688 1860 1716 affece-

1065 1736 1104 1758 rat
1117 1731 1215 1766 gloria:
1231 1730 1367 1765 idemque,

1102 1769 1181 1794 Nemo
1190 1776 1228 1793 me
1239 1769 1355 1793 lacrimis
1364 1769 1472 1797 decoret,
1488 1775 1532 1792 nec
1542 1769 1634 1799 [υηι-Γα
1644 1766 1704 1797 fletu

1138 1807 1217 1838 suxit.
1260 1803 1331 1831 Cur?
1347 1805 1426 1830 Volito
1440 1804 1504 1829 vicu'
1514 1812 1560 1836 per
1569 1811 1615 1828 oru
1627 1804 1721 1828 viram.

1065 1841 1118 1868 Sed
1134 1841 1202 1877 quid
1217 1840 1326 1876 poetas?
1340 1840 1458 1876 Opifices
1471 1845 1531 1875 post
1542 1844 1653 1866 mortem
1665 1837 1800 1864 nobilitari
1813 1845 1860 1863 vo-

1066 1879 1133 1905 lunt.
1173 1879 1244 1911 Quid
1255 1879 1327 1905 enim
1339 1878 1449 1904 Phidias
1460 1878 1503 1903 sui
1513 1877 1631 1903 similem
1642 1876 1760 1910 speciem
1772 1873 1860 1901 inclu-

1065 1917 1100 1942 sit
1111 1917 1138 1942 in
1150 1916 1244 1952 clypeo
1254 1917 1402 1943 Minervae.
1425 1923 1510 1950 quum
1526 1914 1673 1940 inscribere
1688 1921 1740 1939 non
1753 1910 1861 1938 liceret?

1065 1952 1154 1986 Quid?
1174 1954 1256 1979 nostri
1269 1953 1570 1988 philosophi—nonne
1586 1952 1612 1977 in
1629 1951 1672 1976 his
1687 1950 1755 1984 ipsis
1771 1949 1857 1979 libris,

1065 1999 1133 2025 quos
1144 1991 1267 2017 scribunt
1276 1990 1309 2016 de
1320 1989 1514 2016 contemnenda
1525 1988 1622 2024 gloria,
1639 1996 1688 2014 sua
1699 1987 1806 2013 nomina
1817 1986 1860 2012 in-

1065 2027 1205 2054 scribunt?
1245 2029 1286 2054 35.
1308 2027 1385 2059 Quod
1403 2028 1426 2053 si
1444 2027 1568 2053 omnium
1581 2033 1730 2052 consensus
1751 2028 1860 2050 naturae

1065 2074 1118 2091 vox
1129 2069 1182 2096 est,
1197 2073 1355 2099 omnesque,
1368 2065 1416 2099 qui
1428 2064 1530 2098 ubique
1539 2062 1790 2093 sunt,consentiunt
1800 2068 1860 2087 esse

1065 2102 1178 2137 aliquid,
1191 2102 1263 2137 quod
1275 2102 1308 2128 ad
1319 2110 1364 2128 eos
1376 2102 1514 2136 pertineat,
1522 2101 1571 2135 qui
1581 2101 1637 2126 vita
1646 2102 1798 2125 cesserunt:
1811 2105 1860 2124 no-

1065 2140 1108 2166 bis
1119 2148 1227 2175 quoque
1238 2139 1310 2165 idem
1322 2138 1534 2165 existimandum
1545 2142 1598 2163 est:
1611 2141 1637 2163 et
1647 2137 1680 2166 si,
1688 2143 1803 2170 quorum
1814 2138 1860 2160 aut

1065 2178 1174 2212 ingenio
1190 2181 1236 2203 aut
1250 2177 1348 2203 virtute
1364 2177 1472 2202 animus
1485 2174 1605 2204 excellit,
1625 2182 1671 2200 eos
1686 2173 1856 2201 arbitramur,

1065 2215 1129 2249 quia
1145 2218 1239 2240 natura
1253 2214 1353 2248 optima
1368 2218 1444 2243 sunt,
1461 2220 1570 2238 cernere
1584 2216 1692 2237 naturae
1704 2210 1759 2236 vim
1771 2208 1859 2235 maxi-

1065 2260 1120 2277 me:
1140 2251 1299 2277 verisimile
1310 2255 1363 2281 est,
1380 2258 1466 2285 quum
1480 2250 1599 2284 optimus
1609 2248 1726 2283 quisque
1741 2246 1858 2272 maxime

1064 2288 1211 2323 posteritati
1221 2288 1334 2319 serviat,
1348 2295 1407 2314 esse
1418 2286 1536 2322 aliquid,
1551 2286 1630 2312 cuius
1641 2285 1664 2310 is
1675 2288 1735 2318 post
1746 2287 1857 2310 mortem

1064 2334 1175 2352 sensum
1185 2326 1220 2351 sit
1231 2325 1384 2351 habiturus.

1119 2362 1189 2389 XVI.
1211 2364 1252 2388 36.
1274 2361 1326 2388 Sed
1337 2366 1367 2388 ut
1377 2361 1440 2388 deos
1450 2368 1509 2386 esse
1519 2364 1612 2385 natura
1622 2358 1773 2392 opinamur,
1788 2364 1857 2391 qua-

1065 2399 1158 2435 lesque
1169 2400 1236 2430 sint,
1250 2399 1351 2425 ratione
1362 2397 1563 2434 cognoscimus,
1581 2395 1621 2421 sic
1631 2401 1787 2435 permanere
1797 2393 1856 2419 ani-

1065 2446 1122 2463 mos
1137 2437 1300 2463 arbitramur
1313 2443 1447 2462 consensu
1458 2434 1596 2460 nationum
1605 2439 1740 2458 omnium:
1763 2438 1816 2464 qua
1828 2430 1856 2456 in

1064 2474 1128 2500 sede
1139 2478 1273 2504 maneant,
1287 2472 1435 2508 qualesque
1446 2471 1508 2501 sint,
1521 2470 1621 2496 ratione
1631 2466 1792 2494 discendum
1803 2471 1854 2493 est.

1064 2511 1148 2538 Cuius
1171 2511 1303 2547 ignoratio
1323 2509 1401 2536 finxit
1423 2507 1536 2538 inferos,
1565 2513 1663 2540 easque
1686 2503 1853 2534 formidines,

1064 2557 1132 2583 quas
1154 2553 1182 2575 tu
1202 2552 1372 2574 contemnere
1392 2554 1445 2572 non
1463 2545 1522 2570 sine
1537 2551 1631 2569 caussa
1647 2541 1785 2567 videbare.
1824 2541 1854 2567 In

1065 2591 1161 2612 terram
1176 2586 1249 2612 enim
1263 2583 1422 2611 cadentibus
1435 2580 1606 2616 corporibus,
1623 2579 1721 2613 hisque
1731 2580 1805 2604 humo
1815 2582 1854 2604 te-

1063 2623 1122 2654 ctis,
1135 2631 1150 2649 e
1160 2631 1214 2657 quo
1225 2622 1327 2648 dictum
1339 2625 1379 2646 est
1389 2621 1503 2648 hunam-i,
1515 2617 1567 2644 sub
1579 2621 1645 2644 terra
1656 2615 1801 2642 censebant
1812 2622 1855 2641 re—

1065 2659 1167 2695 liquam
1178 2660 1261 2685 vitam
1272 2659 1316 2694 agi
1326 2661 1501 2684 mortuorum.
1548 2654 1634 2687 Quam
1645 2661 1737 2680 eorum
1748 2652 1853 2688 opinio-
