1941 3052
512 117 563 143 DE
593 116 800 144 OFFICIIS
830 117 911 143 LIB.
942 118 995 144 111.

73 197 158 225 quum
170 192 237 215 terra
249 187 419 214 discessisset
432 188 536 223 magnis
546 187 710 222 quibusdam
722 188 867 219 imbribus,

71 225 211 253 descendit
220 226 248 252 in
261 224 338 251 illum
350 224 453 251 hiatum
462 245 468 256 ,
481 233 648 260 aeneumque
661 234 775 260 equum,
789 230 818 251 ut
830 224 870 251 fe—

71 267 134 290 runt
150 262 266 293 fabulae,
289 261 492 293 animadvertit,
514 263 592 288 cuius
609 263 636 288 in
653 262 782 289 lateribus
798 262 868 289 fores

71 304 174 327 essent:
196 299 298 334 quibus
314 300 427 334 apertis,
446 299 563 326 hominis
577 300 675 326 mortui
692 299 760 326 vidit
770 308 868 334 corpus

71 337 258 373 magnitudine
271 337 397 363 inusitata
409 336 595 372 annulumque
606 345 717 363 aureum
730 338 756 363 in
767 337 866 372 digito:

70 383 152 411 quem
164 379 194 401 ut
204 374 332 405 detraxit,
352 375 409 408 ipse
422 373 522 400 induit:
540 374 605 409 (erat
616 379 704 400 autem
716 375 807 410 regius
818 383 868 409 pa-

71 412 150 448 storz)
171 417 228 439 tum
250 412 277 438 in
298 411 445 437 concilium
466 420 494 437 se
517 416 653 446 pastorum
678 412 787 446 recepit.
827 411 868 437 lbi

70 458 155 485 quum
177 449 266 484 palam
287 449 346 475 eius
362 448 455 474 annuli
470 448 504 474 ad
519 448 637 483 palmam
652 453 831 479 converterat,
854 456 868 474 a

71 486 146 514 nullo
157 486 308 517 videbatur,
317 486 375 520 ipse
386 490 474 512 autem
486 486 576 512 onmia
588 485 709 518 videbat,
725 485 796 511 idem
807 494 869 511 rur-

70 533 118 550 sus
134 524 289 555 videbatur,
312 531 397 558 quum
414 523 441 549 in
458 522 546 549 locum
561 522 691 549 annulum
714 523 866 549 inverterat.

69 562 161 596 ltaque
173 561 222 587 hac
233 561 430 596 opportunitate
442 559 536 586 annuli
547 568 614 586 usus
625 561 732 595 reginae
743 564 867 594 stuprum

70 598 175 630 intulit,
200 606 285 633 eaque
305 597 435 623 adiutrice
456 606 547 632 regem
566 597 706 623 dominum
723 598 865 627 interemit,

69 635 234 670 sustulitque
245 643 313 670 quos
324 635 429 661 obstare
441 634 632 661 arbitrabatur:
651 643 699 660 nec
711 635 738 661 in
750 634 793 660 his
805 643 867 660 eum

70 672 236 700 facinoribus
247 673 393 707 quisquam
404 673 491 706 potuit
502 672 603 698 videre.
644 671 689 698 Sic
701 676 808 706 repente
820 680 868 697 an-

71 710 130 737 nuli
149 710 280 737 beneficio
301 718 348 736 rex
363 713 472 735 exortus
488 713 528 735 est
543 708 653 744 Lydiae.
694 709 769 735 Hune
786 709 868 744 igitur

70 748 161 783 ipsum
173 746 305 774 annulum
316 747 339 772 si
352 746 448 773 habeat
458 747 580 781 sapiens,
599 745 684 772 nihilo
694 746 757 781 plus
769 746 822 772 sibi
836 745 868 771 li-

70 793 129 812 cere
144 789 219 820 putet
232 792 356 819 peccare,
380 792 461 819 quam
477 785 500 810 si
520 792 572 810 non
593 783 712 810 haberet.

70 823 143 849 enim
155 822 233 849 bonis
245 822 320 853 viris,
334 830 386 848 non
397 821 500 847 occulta
511 825 688 856 quaeruntur.
716 822 758 847 39.
779 821 866 855 Atque

69 859 120 887 hoc
132 859 189 886 loeo
199 858 356 894 philosophi
367 858 488 893 quidam,
499 859 609 884 minime
617 858 680 884 mali
692 857 732 884 illi
743 857 865 892 quidem,

69 897 119 924 sed
130 906 181 924 non
193 897 258 923 satis
270 896 350 927 acuti,
362 898 448 930 fictam
459 901 481 922 et
493 898 688 922 commentitiam
699 897 812 929 sabulum
825 895 868 920 di-

69 936 272 968 cuntprolatam
284 943 301 960 α
311 934 429 959 Platone:
440 933 518 968 quasi
531 941 593 960 vero
604 932 659 964 ille,
673 937 718 959 aut
729 932 827 959 sactum
841 932 867 958 id

70 980 128 998 esse
144 976 190 998 aut
205 971 262 997 fieri
273 971 408 1006 potuisse,
424 970 559 997 defendat.
601 971 669 996 Haec
680 975 720 996 est
732 970 773 996 vis
785 969 867 995 huius

70 1008 163 1036 annuli
174 1013 200 1035 et
211 1008 294 1035 huius
305 1007 437 1043 exempli:
460 1009 484 1034 si
500 1016 578 1034 nemo
593 1008 724 1039 sciturus,
743 1016 821 1033 nemo
836 1015 867 1033 ne

70 1046 257 1081 suspicaturus
272 1045 383 1080 quidem
402 1046 450 1076 sit,
472 1054 558 1080 quum
574 1044 678 1080 aliquid
698 1045 865 1075 divitiarum,

70 1084 214 1119 potentiae,
227 1083 429 1114 dominationis,
447 1082 570 1108 libidinis
582 1091 676 1108 caussa
688 1081 792 1113 feceris,
805 1082 829 1108 si
841 1081 867 1107 id

69 1121 123 1148 diis
130 1119 471 1155 hominibusquefuturum
482 1120 517 1146 sit
527 1128 634 1155 semper
646 1121 780 1155 ignotum:
794 1120 867 1145 sisne

70 1157 208 1185 facturus?
233 1159 336 1193 Negant
356 1157 384 1183 id
404 1157 461 1183 [ieri
482 1166 574 1192 posse:
601 1165 766 1192 quamquam
781 1160 868 1191 potest
889 1191 891 1194 Α

70 1195 98 1222 id
109 1195 231 1231 quidem.
273 1194 325 1221 Sed
341 1203 454 1229 quaero,
479 1195 552 1229 quod
573 1199 671 1230 negant
687 1202 778 1229 posse,
802 1194 828 1220 id
844 1194 867 1219 si

69 1237 169 1269 posset,
183 1232 314 1267 quidnam
326 1231 461 1258 facerent?
478 1232 578 1268 Urgent
590 1232 688 1258 rustice
700 1240 773 1258 sane.
816 1232 868 1257 Ne-

69 1275 135 1307 gant
149 1271 222 1296 enim
238 1278 330 1305 posse,
349 1274 374 1296 et
388 1269 415 1295 in
427 1278 457 1295 eo
467 1274 599 1304 perstant,
615 1269 664 1295 hoc
676 1269 789 1296 verbum
801 1268 868 1305 quid

70 1307 165 1338 valeat,
180 1316 232 1334 non
246 1307 349 1334 vident.
389 1306 478 1340 Quum
490 1307 562 1334 enim
574 1307 744 1343 quaerimus,
767 1308 789 1333 si
806 1316 868 1342 pos-

70 1346 126 1372 sint
136 1344 230 1377 celare,
244 1344 311 1380 quid
323 1343 418 1372 facturi
429 1346 496 1372 sint:
510 1354 563 1372 non
574 1345 868 1380 quaeritiius,possint-

71 1391 104 1409 ne
119 1383 218 1410 celare:
241 1383 288 1409 sed
305 1387 442 1417 tamquam
460 1387 589 1409 tormenta
605 1382 738 1418 quaedam
755 1382 867 1408 adhibe-

70 1429 141 1452 muS,
156 1424 192 1452 ut,
209 1421 231 1447 si
244 1420 430 1455 responderint
443 1428 480 1451 se,
500 1420 658 1455 impunitate
670 1420 815 1455 proposita,
829 1419 869 1445 ia-

70 1462 174 1489 cturas,
193 1457 265 1493 quod
282 1457 420 1492 expediat,
439 1457 601 1484 facinorosos
612 1466 640 1484 se
651 1466 709 1484 esse
722 1457 865 1484 fateantur:

71 1496 94 1522 si
106 1500 216 1531 negent,
229 1495 319 1521 omnia
332 1495 419 1530 turpia
431 1503 478 1530 per
489 1496 579 1530 seipsa
593 1495 719 1530 fugienda
731 1504 790 1521 esse
804 1503 869 1521 con-

71 1531 175 1559 cedant.
209 1532 261 1559 Sed
274 1532 326 1559 iam
339 1532 372 1558 ad
384 1533 551 1567 propositum
563 1537 737 1559 revertamur.

127 1569 162 1596 X.
182 1570 223 1596 40.
245 1569 370 1596 Incidunt
382 1570 480 1596 multae
491 1579 570 1605 saepe
582 1579 706 1601 caussae,
724 1578 793 1605 quae
804 1577 868 1595 con-

71 1607 180 1634 turbent
188 1607 292 1633 animos
305 1607 428 1634 utilitatis
439 1608 541 1642 specie,
561 1616 627 1639 non,
641 1616 725 1643 quum
739 1608 788 1633 hoc
799 1606 868 1633 deli-

71 1644 191 1676 beretur,
213 1644 424 1679 relinquendane
441 1645 476 1671 sit
490 1644 614 1671 honestas
625 1650 733 1680 propter
745 1644 868 1671 utilitatis

71 1681 300 1718 magnitudinem;
325 1690 385 1708 nam
402 1681 429 1708 id
445 1682 557 1717 quidem
574 1683 728 1717 improbum
744 1687 797 1708 est:
820 1680 868 1707 sed

71 1719 149 1751 illud,
161 1721 272 1753 possitne
283 1721 322 1750 id,
335 1722 401 1753 quod
412 1721 474 1746 utile
485 1722 610 1750 videatur,
623 1723 680 1753 sieri
691 1729 740 1746 non
751 1722 867 1752 turpiter.

70 1756 159 1790 Quum
172 1756 302 1783 Collatino
313 1756 430 1792 collegae
441 1757 539 1783 Brutus
555 1757 700 1792 imperium
712 1756 866 1793 abrogabat,

70 1798 173 1829 poterat
183 1793 270 1820 videri
283 1793 368 1820 facere
380 1794 407 1821 id
420 1795 529 1821 iniuste.
570 1795 666 1821 Fuerat
675 1796 746 1821 enim
759 1795 784 1820 in
798 1793 869 1829 regi-

71 1832 123 1858 bus
134 1830 302 1866 expellendis
315 1831 405 1858 socius
416 1832 498 1862 Bruti,
512 1831 687 1858 consiliorum
699 1833 778 1859 etiam
791 1831 869 1857 adiu-

71 1873 121 1896 tor.
155 1869 244 1900 Quum
256 1873 345 1895 autem
357 1868 501 1895 consilium
514 1869 562 1896 hoc
574 1870 710 1904 principes
721 1870 866 1904 cepissent,

71 1907 256 1942 cognationem
269 1906 384 1940 Superbi
397 1914 549 1941 nomenque
556 1907 763 1942 Tarquiniorum
775 1911 801 1933 et
812 1914 869 1932 me-

71 1944 184 1970 moriam
196 1943 272 1979 regni
283 1951 342 1969 esse
354 1942 512 1969 tollendam:
526 1943 598 1978 quod
610 1949 665 1970 erat
676 1944 755 1975 utile,
768 1944 868 1978 patriae

70 1980 224 2013 consulere;
240 1980 266 2006 id
278 1985 333 2006 erat
344 1980 378 2006 ita
392 1980 548 2011 honestum,
565 1985 594 2007 ut
604 1982 683 2007 etiam
697 1982 748 2016 ipsi
759 1981 868 2008 Collati-

71 2027 105 2046 no
117 2018 222 2054 placere
234 2017 352 2044 deberet.
389 2018 480 2052 Itaque
492 2017 593 2044 utilitas
606 2018 690 2044 valuit
701 2023 808 2052 propter
821 2017 868 2043 ho-

71 2060 215 2083 nestatem:
233 2056 292 2081 sine
307 2063 360 2090 qua
376 2063 406 2081 ne
419 2054 520 2081 utilitas
531 2055 642 2089 quidem
653 2064 712 2081 esse
724 2056 866 2090 potuisset.

70 2093 142 2120 Atia
153 2101 184 2119 eo
195 2101 266 2129 rege,
279 2093 327 2127 qui
339 2092 436 2118 Urbem
446 2091 575 2123 condidit,
590 2102 640 2119 noa
654 2093 727 2119 item.
749 2093 789 2118 ti.
801 2092 868 2126 Spe-

71 2131 126 2157 cies
142 2131 214 2157 enim
230 2129 353 2156 utilitatis
369 2130 490 2155 animum
506 2129 611 2164 pepulit
625 2131 697 2156 eius:
723 2130 767 2156 cui
782 2137 867 2164 quum

72 2168 162 2195 visum
174 2172 245 2194 esset
255 2167 358 2198 utilius,
372 2167 469 2198 solum,
486 2175 566 2201 quam
579 2176 641 2193 cum
652 2167 733 2194 altero
746 2175 865 2202 regnare,

72 2204 180 2232 fratrem
193 2205 336 2231 interemit.
367 2204 465 2230 Omisit
477 2204 520 2230 hic
531 2209 555 2230 et
567 2205 692 2239 pietatem
704 2210 730 2231 et
742 2204 868 2230 humaui-

72 2247 162 2273 tatem,
177 2246 205 2268 ut
217 2241 252 2272 id,
264 2241 336 2276 quod
350 2241 414 2268 utile
426 2241 568 2267 videbatur
583 2251 670 2277 neque
681 2247 744 2273 erat,
759 2241 867 2276 assequi

72 2284 175 2316 posset;
189 2283 215 2306 ct
227 2283 315 2305 tamen
327 2279 397 2305 muri
410 2288 533 2305 caussam
545 2280 806 2314 opposuit,spceiein
820 2279 868 2304 ho-

73 2317 183 2344 nestatis
205 2324 292 2351 neque
314 2316 481 2351 probabilem
503 2325 551 2342 nec
571 2325 634 2343 sane
658 2317 790 2343 idoneam.
825 2317 866 2342 152.

71 2354 196 2381 Peccavit
209 2354 302 2390 igitur3
317 2362 381 2388 pace
393 2353 434 2380 vel
446 2354 552 2385 Quirini
566 2353 606 2380 vel
621 2354 725 2380 ltomnli
739 2354 865 2380 dixerim.

72 2392 126 2419 Nec
146 2396 235 2418 tamen
252 2395 355 2417 nostrae
374 2391 452 2417 nobis
475 2390 601 2417 utilitates
616 2391 778 2418 omittendae
793 2395 865 2421 sunt,

72 2428 188 2464 aliisque
200 2428 356 2459 tradendae,
373 2437 458 2463 quum
473 2428 504 2454 iis
518 2428 568 2462 ipsi
580 2437 721 2463 egeamus:
745 2428 792 2455 sed
804 2436 867 2454 suae

72 2467 171 2501 cuique
183 2466 299 2497 utilitati,
308 2465 379 2501 quod
391 2466 449 2491 sine
460 2465 568 2492 ulterius
578 2465 673 2492 iniuria
686 2466 738 2496 liat,
747 2466 868 2492 servien-

72 2503 138 2530 dum
150 2508 199 2530 est.

73 2541 174 2576 inquit,
193 2543 287 2572 currit,
304 2544 365 2567 eniti
380 2546 402 2567 et
417 2542 564 2566 contendere
575 2542 657 2571 ‹te-bet,
670 2550 745 2574 quain
757 2542 869 2566 mua-tina

70 2580 164 2612 possit,
181 2582 208 2604 ut
222 2580 322 2611 vincut;
337 2579 504 2612 supplantare
519 2586 586 2607 euin,
603 2579 704 2611 quirum
720 2582 808 2607 certet,
823 2582 868 2604 aut

73 2624 151 2642 ηιαιιιι
171 2613 315 2652 [da]pcltcra
339 2617 409 2642 nullo
429 2617 501 2641 inodo
519 2616 598 2640 ‹ti-bet.

74 2661 194 2687 quatitque
209 2657 303 2687 petere,
320 2655 387 2687 quod
399 2654 526 2687 pertineat
542 2654 576 2678 att
589 2660 674 2683 usum,
692 2661 741 2678 non
753 2654 867 2686 iniqtiutn

753 784 867 809 Honesta
889 796 890 801 =

239 2503 308 2530 Scite
319 2503 502 2539 Chrysippus,
524 2507 551 2529 ut
566 2502 661 2529 inulta:
687 2505 866 2535 Qinsnutinm,
890 2502 892 2508 '

890 2549 899 2563 ἰ
920 2545 1005 2566 nerent
1017 2541 1180 2573 Aia-,remque
1192 2542 1328 2571 recipi-rent
1338 2560 1341 2565 .
1360 2537 1495 2571 lapidibus
1506 2540 1710 2570 cooperuerunt.

639 2616 682 2641 Sic
699 2617 725 2640 in
745 2618 798 2640 vini
819 2615 868 2640 sitit
890 2610 891 2614 ¹

890 2654 898 2665 ,.

889 2670 899 2687 l.

1027 117 1119 145 CAP.
1148 119 1219 144 7-—
1242 120 1281 145 ti.
1650 122 1708 147 ⁴251

921 193 955 214 est
963 199 970 220 ‚·
986 190 1063 215 alteri
1082 192 1209 223 deripere,
1224 192 1265 216 ius
1279 198 1329 216 non
1344 194 1389 216 est.
1430 191 1471 216 43.
1493 190 1607 216 Maxime
1623 197 1712 218 autem

920 226 1110 260 perturbantur
1130 226 1216 253 officia
1234 227 1260 253 in
1276 227 1415 258 amicitiis,
1438 227 1540 262 quibus
1558 233 1583 254 et
1598 237 1650 254 uon
1665 230 1712 255 tri-

921 263 1012 294 buere,
1025 263 1097 298 quod
1109 269 1178 290 recte
1190 265 1286 298 possis,
1300 269 1325 291 et
1336 264 1461 295 tribuere,
1474 264 1547 299 quod
1559 274 1609 291 non
1622 266 1655 291 sit
1668 274 1713 292 ae-

920 308 1019 334 quum,
1037 306 1125 327 contra
1136 301 1255 327 osticium
1267 306 1317 328 est.
1356 301 1409 327 Sed
1421 301 1503 328 huius
1514 303 1620 337 generis
1632 304 1712 329 totius

920 337 1001 363 breve
1013 343 1038 364 et
1048 347 1100 364 non
1111 338 1222 365 dil'ticile
1234 343 1405 373 praeceptum
1417 344 1465 365 est.
1501 339 1574 371 Quae
1585 341 1657 366 enim
1671 341 1712 366 vi-

919 374 1016 401 dentur
1028 375 1112 406 utilia,
1127 376 1248 406 honores,
1262 376 1381 406 divitiae,
1396 375 1554 410 voluptates,
1567 382 1652 403 cetera
1663 386 1711 412 ge-

920 412 992 438 neris
1003 412 1134 443 eiusdem,
1148 413 1212 439 haec
1223 414 1355 439 amicitiae
1368 422 1515 448 numquam
1527 414 1710 448 anteponenda

919 454 991 475 sunt.
1031 450 1065 475 At
1081 458 1167 484 neque
1182 455 1271 476 contra
1287 450 1496 485 rempublicam,
1520 460 1607 486 neque
1621 457 1711 478 contra

920 486 1107 512 iusiurandum
1119 496 1148 513 ac
1161 487 1239 513 fidem
1254 489 1333 513 antici
1345 496 1440 514 caussa
1467 489 1508 514 vir
1519 488 1605 515 bonus
1618 488 1708 520 facien

919 532 952 549 ne
967 524 990 549 si
1006 524 1088 550 iudex
1103 524 1213 559 quidem
1228 526 1278 551 erit
1293 524 1325 551 de
1342 526 1399 559 ipso
1415 526 1511 551 amico.
1551 527 1623 552 Ponit
1638 527 1712 552 enim

916 570 1052 593 personam
1067 565 1156 592 antici,
1178 571 1255 595 quum
1271 565 1352 588 induit
1369 565 1468 588 huticis.
1509 563 1621 589 Tantum
1637 563 1712 590 dabit

919 598 1060 629 amicitiae,
1085 603 1114 625 ut
1137 608 1227 625 veram
1249 600 1328 625 amici
1348 608 1470 626 caussam
1491 608 1549 626 esse
1571 600 1658 626 malit:
1683 605 1712 627 ut

919 635 1032 662 orandae
1044 635 1098 662 litis
1110 641 1229 670 tempus,
1251 636 1339 671 quoad
1354 646 1400 671 per
1415 636 1486 672 leges
1499 637 1588 667 liceat,
1606 646 1712 664 accom-

919 672 1017 699 modet.
1059 674 1098 699 44.
1120 674 1209 705 Quum
1227 683 1288 699 vero
1306 675 1388 700 iurato
1400 675 1530 700 sententia
1541 674 1654 701 dicenda
1665 675 1708 704 sit.

920 711 1083 741 meminerit.
1102 710 1182 737 deum
1193 720 1221 737 se
1234 711 1361 737 adhibere
1378 716 1485 742 testem,
1505 712 1530 737 id
1546 717 1599 742 est,
1618 718 1645 738 ut
1661 721 1711 747 ego

919 747 1046 778 arbitror,
1065 753 1179 774 mentem
1191 757 1281 779 suam,
1299 757 1351 783 qua
1365 748 1431 774 nihil
1445 749 1547 775 homini
1559 749 1632 775 dedit
1643 749 1711 775 deus

920 785 976 819 ipse
989 785 1120 811 divinius.
1160 786 1250 820 Itaque
1267 785 1432 820 praeclarum
1449 795 1462 811 a
1478 786 1624 812 maioribus
1635 795 1712 812 acce-

919 823 1010 856 pimus
1031 831 1131 848 morem
1152 823 1264 858 rogandi
1286 823 1396 852 iudicis.
1420 823 1444 848 si
1464 832 1525 849 eum
1547 829 1707 854 teneremus,

919 869 984 892 quac
993 861 1066 885 suli-a
1077 862 1124 892 litte
1135 863 1219 893 facere
1227 865 1319 893 posset.
1354 860 1421 885 llaec
1433 861 1533 895 rogatio
1544 860 1576 886 ad
1588 870 1617 886 ea
1629 861 1711 895 pei-ti—

919 901 972 927 net,
986 905 1054 931 quae
1066 896 1155 931 paullo
1167 902 1226 923 ante
1238 897 1294 923 dixi
1308 897 1415 924 honeste
1427 899 1512 923 amico
1524 907 1536 923 a
1550 897 1638 923 iudice
1650 907 1712 932 pos—

919 942 948 960 se
959 933 1080 960 concedi.
1121 935 1196 964 Nam,
1211 935 1233 960 si
1244 935 1333 960 onmia
1345 934 1465 960 facienda
1477 936 1540 965 sint,
1553 944 1621 969 quae
1632 935 1711 960 amici

921 970 1016 997 velint:
1031 980 1083 997 non
1094 972 1226 997 amicitiae
1235 971 1307 1002 tales,
1316 971 1361 997 sed
1372 972 1568 998 coniurationes
1579 972 1712 1006 putandae

920 1009 983 1034 sint.
1025 1009 1065 1035 45.
1088 1009 1193 1043 Loquor
1208 1013 1297 1035 autem
1317 1009 1350 1034 de
1367 1009 1557 1034 communibus
1575 1010 1710 1035 amicitiis.

920 1046 987 1071 Nam
1000 1046 1026 1072 in
1038 1046 1206 1080 sapientibus
1219 1046 1284 1072 viris
1296 1045 1475 1080 perfectisque
1488 1047 1554 1072 nihil
1563 1052 1712 1080 potestesse

921 1083 981 1109 tale.
1013 1084 1157 1109 Damonem
1169 1088 1192 1109 et
1205 1083 1348 1114 Phintiam,
1363 1084 1549 1118 Pythagoreos,
1565 1083 1652 1109 serunt
1665 1084 1713 1109 hoc

920 1122 1008 1146 animo
1024 1121 1091 1146 inter
1104 1130 1132 1146 se
1149 1120 1247 1151 fuisse,
1265 1125 1306 1151 ut,
1324 1130 1409 1155 quum
1425 1130 1515 1146 eorum
1528 1121 1603 1147 alteri
1616 1121 1714 1155 Diony-

919 1158 977 1184 sius
990 1163 1118 1193 tyrannus
1130 1157 1201 1184 diem
1213 1158 1286 1184 necis
1297 1158 1494 1187 destinavisset,
1507 1163 1531 1184 et
1543 1159 1575 1188 is,
1584 1159 1631 1192 qui
1645 1167 1714 1183 mor-

920 1196 938 1221 ti
952 1195 1076 1222 addictus
1087 1201 1168 1226 esset,
1185 1204 1283 1229 paucos
1299 1195 1351 1221 sibi
1367 1195 1425 1221 dies
1440 1195 1713 1221 commendandorum

919 1241 1029 1258 suorum
1046 1242 1140 1258 caussa
1156 1232 1359 1267 postulavisset:
1377 1248 1413 1252 —
1430 1242 1476 1258 vas
1495 1232 1578 1258 sactus
1594 1238 1633 1259 est
1649 1233 1715 1258 alter

920 1272 978 1297 cius
994 1270 1120 1301 sistendi;
1146 1275 1187 1300 ut,
1205 1270 1228 1295 si
1241 1269 1284 1295 ille
1297 1279 1347 1296 non
1361 1271 1526 1300 revertisset,
1544 1270 1714 1296 moriendum

920 1313 989 1335 esset
1002 1309 1063 1343 ipsi.
1101 1307 1153 1340 Qui
1165 1316 1249 1343 quum
1261 1307 1293 1334 ad
1305 1307 1376 1334 diem
1389 1316 1416 1334 se
1427 1308 1580 1342 recepisset,
1597 1307 1715 1333 admira-

921 1351 962 1372 tus
973 1354 1065 1373 eoruni
1079 1346 1158 1372 sidem
1171 1351 1299 1381 tyrannus
1323 1346 1430 1380 petivitv
1446 1351 1472 1371 ut
1484 1355 1511 1371 se
1523 1345 1554 1371 ad
1567 1346 1714 1371 amicitiam

921 1384 1027 1410 tertium
1040 1384 1212 1409 ascriberent.
1255 1385 1295 1409 46.
1317 1384 1406 1415 Quum
1420 1383 1500 1417 igitur
1513 1383 1548 1412 id,
1564 1382 1636 1417 quod
1650 1382 1714 1408 utile

921 1420 1026 1447 videtur
1038 1421 1064 1447 in
1076 1421 1202 1451 amicitia,
1216 1430 1278 1446 cum
1290 1430 1330 1451 co,
1343 1420 1414 1455 quod
1428 1421 1567 1446 honestum
1580 1425 1628 1449 est.
1641 1428 1715 1445 coui-

921 1463 1040 1493 paratur:
1070 1459 1153 1484 iaceat
1177 1458 1298 1484 utilitatis
1321 1458 1439 1492 species,
1473 1457 1557 1483 valeat
1579 1457 1712 1483 honestas.

919 1498 1007 1528 Quum
1020 1500 1108 1522 autem
1122 1496 1147 1522 in
1160 1496 1290 1525 amicitia,
1308 1504 1375 1529 quae
1389 1495 1497 1521 honesta
1510 1504 1560 1520 non
1574 1499 1649 1522 sunt.
1667 1503 1715 1528 po-

920 1533 1106 1559 stulabimtur:
1129 1532 1222 1567 religio
1243 1538 1268 1559 et
1289 1533 1354 1558 tides
1374 1537 1549 1566 anteponatur
1569 1532 1713 1557 amicitiae.

920 1571 964 1596 Sic
977 1570 1120 1597 habebitur
1133 1571 1168 1601 is,
1187 1579 1267 1604 quem
1285 1570 1468 1604 exquirimus,
1485 1569 1604 1595 delectus
1620 1569 1713 1594 oflicii.

921 1608 967 1634 xi.
989 1607 1041 1634 Sed
1057 1608 1178 1634 utilitatis
1190 1608 1279 1642 specie
1293 1608 1318 1633 in
1331 1607 1468 1641 republica
1480 1607 1638 1641 saepissime
1651 1615 1715 1640 pec-

919 1651 1007 1675 catur,
1030 1650 1058 1672 ut
1080 1646 1105 1671 in
1125 1645 1246 1672 Corinthi
1265 1644 1458 1671 disturbatione
1483 1645 1575 1670 nostri.
1617 1644 1715 1669 Durius

920 1684 1000 1709 etiam
1016 1682 1206 1713 Athenienses,
1222 1682 1269 1716 qui
1286 1683 1436 1711 sciverunt,
1456 1686 1482 1707 ut
1499 1682 1648 1716 Aeginetis,
1666 1680 1715 1715 qui

920 1720 1005 1746 classe
1018 1720 1154 1751 valebant,
1173 1719 1284 1754 pollices
1296 1719 1522 1754 praeciderentur.
1561 1720 1612 1744 lloe
1626 1719 1715 1743 visum

920 1763 960 1784 cst
973 1758 1044 1784 utile.
1089 1758 1175 1783 Nimis
1185 1758 1256 1783 euim
1270 1756 1426 1782 imminebat
1438 1761 1544 1790 propter
1556 1756 1715 1790 propinqui—

922 1800 999 1821 tatem
1012 1796 1112 1830 Aegiua
1126 1795 1242 1821 Piraeeo.
1263 1794 1314 1820 sed
1325 1794 1402 1823 nihil,
1419 1793 1490 1828 quod
1503 1793 1624 1821 crudele,
1639 1792 1714 1818 utile.

920 1833 967 1859 Est
987 1833 1058 1858 enim
1077 1832 1215 1858 hominum
1234 1836 1355 1862 naturae,
1378 1840 1458 1865 quam
1477 1832 1554 1865 sequi
1572 1830 1712 1860 debemus,

921 1870 1037 1896 maxime
1052 1870 1159 1896 inimica
1171 1869 1326 1895 erudelitas.
1365 1869 1405 1894 157.
1429 1867 1495 1894 Male
1506 1869 1594 1897 etiam.
1607 1869 1655 1902 qui
1667 1876 1714 1901 pe-

921 1908 1041 1943 regrinos
1054 1907 1167 1933 urbibus
1180 1908 1217 1933 uti
1230 1906 1372 1941 prohibent
1383 1914 1483 1940 eosque
1490 1906 1676 1931 exterminant.
1687 1909 1715 1930 ut

922 1944 1045 1971 l‘emius*
1062 1945 1133 1979 apud
1150 1949 1239 1978 patres
1255 1948 1371 1973 nostros,
1397 1943 1494 1977 Papius
1516 1951 1609 1976 nuper.
1649 1942 1714 1967 Nam

920 1991 1029 2015 cssepro
1040 1985 1105 2011 cire,
1122 1985 1166 2015 qni
1181 1985 1243 2007 ciris
1259 1990 1307 2006 non
1323 1985 1368 2010 sit.
1391 1986 1491 2006 rectum
1504 1986 1542 2005 est
1555 1989 1606 2005 non
1621 1979 1712 2005 licere:

920 2028 1000 2054 quam
1015 2019 1100 2055 legem
1114 2019 1231 2046 tulerunt
1243 2018 1436 2052 sapientissimi
1448 2017 1585 2045 consules.
1602 2018 1715 2042 Crassus

920 2056 1092 2083 ctScaevola:
1112 2065 1161 2082 usu
1171 2065 1232 2082 vcro
1240 2056 1317 2082 Urbis
1329 2055 1471 2090 prohibere
1480 2055 1642 2089 peregrinos.
1651 2062 1715 2079 sano

921 2094 1099 2119 inhumanum
1116 2098 1165 2120 est.
1207 2093 1252 2119 llla
1266 2092 1412 2127 praeclara.
1433 2093 1458 2118 iii
1475 2092 1575 2126 quihus
1591 2091 1715 2125 publicae

921 2130 1043 2157 utilitatis
1059 2131 1163 2165 specics
1181 2139 1242 2164 prae
1260 2130 1594 2156 honestatecontemnitur.
1636 2127 1715 2153 l'leuu

919 2167 1105 2202 exemplorum
1117 2173 1157 2193 est
1168 2172 1254 2193 nostra
1267 2166 1432 2201 respublica,
1450 2175 1535 2200 quum
1547 2174 1626 2199 saepe
1636 2165 1712 2193 alias,

920 2211 976 2232 tum
992 2206 1108 2231 maxime
1126 2204 1196 2230 bello
1213 2205 1311 2230 l'unico
1326 2203 1458 2232 secundm
1480 2213 1562 2237 quae.
1581 2202 1714 2227 ttaiuiensi

919 2243 1070 2269 calamitate
1081 2246 1197 2275 accepta.
1207 2242 1320 2267 maiores
1331 2242 1436 2266 animos
1449 2241 1549 2267 hahuit,
1559 2249 1638 2273 quam
1654 2247 1714 2264 um-

919 2290 1001 2315 quam
1028 2280 1108 2306 rebus
1133 2278 1271 2304 secundis.
1313 2278 1390 2303 Nulla
1416 2279 1518 2304 timoris
1540 2277 1712 2310 significatio.

897 2327 898 2330 ¹
921 2317 992 2344 nulla
1006 2317 1104 2343 incutio
1116 2317 1199 2351 paris.
1231 2316 1311 2341 Tnuta
1326 2315 1366 2340 vis
1378 2320 1416 2341 est
1430 2315 1542 2342 honesti.
1557 2314 1713 2347 inspeciem

897 2369 898 2372 ι
921 2355 1043 2381 utilitatis
1054 2354 1187 2380 obscuret.

1227 2354 1266 2378 4⁸.
1290 2352 1466 2378 Athenienses
1476 2360 1559 2385 quum
1575 2351 1713 2375 l'ersaruut

921 2393 1050 2426 impetum
1063 2391 1137 2417 nullo
1149 2390 1226 2416 modo
1238 2395 1344 2424 possent
1355 2390 1487 2414 sustinere
1502 2393 1711 2421 sintita-rentipie.

921 2435 954 2457 iit,
969 2431 1028 2455 iii-In·
1041 2430 1144 2456 relictui,
1158 2430 1304 2460 ciiiit'tigliliiis
1316 2432 1338 2452 rt
1350 2429 1435 2451 litu-ms
1451 2427 1573 2451 't'rm-:rin-
1584 2427 1712 2456 drpusttis.

920 2476 996 2492 nui-rs
1007 2468 1198 2493 consi-‹vuiervni
1211 2467 1399 2496 lubertntvnique
1407 2463 1617 2487 Graeciam-que
1627 2464 1714 2493 ‹le-sm-

919 2506 1014 2532 τίω-(Ἧι,
1026 2502 1161 2538 Cyrsilum
1173 2501 1316 2536 ‹pit-uidam
1329 2500 1494 2527 suadentem.
1512 2505 1538 2524 nt
1550 2509 1573 2524 in
1587 2500 1647 2524 urim
1658 2508 1712 2524 mui-

919 2579 1005 2612 Atque
1027 2577 1070 2603 ille
1093 2577 1233 2603 utilitatem
1253 2576 1330 2609 sequi
1353 2574 1506 2600 videbatur:
1529 2573 1575 2598 sed
1592 2582 1621 2598 eu
1638 2572 1711 2598 nulla

919 2620 986 2645 erut,
1010 2619 1174 2649 repugnanti·
1192 2614 1336 2639 lium-state.
1378 2613 1417 2638 39.
1441 2610 1633 2637 'themistocles
1653 2615 1712 2644 pust

920 2652 1057 2679 victoriam
1073 2652 1132 2678 eius
1150 2650 1228 2681 belli,
1245 2649 1318 2685 «quod
1332 2657 1394 2676 cum
1411 2649 1498 2675 Persis
1515 2647 1577 2678 suit,
1598 2647 1667 2674 inm
1685 2648 1711 2673 in

1440 2698 1482 2721 tri?
1496 2695 1505 2705 “
