1941 3052
368 152 554 179 ORATIO
586 152 676 179 PRO
709 152 775 179 CN.

33 233 92 251 vero
114 228 137 251 te
152 223 198 250 ille
213 223 245 250 ad
261 232 310 250 sua
325 224 446 250 instituta
461 232 627 259 suorumque
638 223 768 250 maiorum
780 231 828 249 ex-

30 261 117 297 empla
138 261 285 293 revocabit3
310 269 417 296 semper
441 269 470 287 se
493 261 565 288 dicet
588 261 675 296 rogari
695 260 824 290 voluisse,

31 307 136 334 semper
151 298 203 325 sibi
215 298 375 333 supplicari:
407 299 443 325 M.
457 298 559 330 Seium,
571 299 620 334 qui
631 307 664 324 ne
675 302 827 332 equestrem

30 337 141 372 quidem
161 335 331 371 splendorem
352 335 515 362 incolumem
536 345 550 362 a
570 335 718 362 calamitate
734 335 827 361 iudicii

31 374 143 401 retinere
162 373 302 408 potuisset,
321 373 424 400 homini
439 373 621 404 nobilissimo,
639 373 829 400 innocentissi-

31 420 82 442 mo,
105 410 336 446 eloquentissimo,
354 411 390 437 M.
402 411 503 441 Pisoni,
521 410 693 445 praetulisse:
716 418 829 444 praepo-

31 449 119 475 suisse
133 456 162 474 se
177 447 209 480 Q.
229 448 331 479 Catulo,
349 457 456 475 summa
470 449 498 475 in
514 447 614 474 familia
630 452 703 478 nato,
721 448 830 482 sapien-

31 486 136 513 tissimo
155 490 180 511 et
200 486 371 512 sanctissimo
390 486 460 516 viro,
482 494 535 512 non
555 485 614 512 dico
630 485 658 512 C.
672 484 827 514 Serranum,

30 523 224 550 stultissimum
237 523 382 554 hominem,
391 523 453 558 (suit
463 523 535 549 enim
547 527 635 549 tamen
647 521 766 556 nobilis.)
777 530 829 547 11011

32 560 61 588 C.
83 561 242 592 Fimbriam,
265 569 365 587 novum
387 561 532 591 hominem,
545 560 607 595 (fuit
621 560 692 586 enim
707 564 732 585 et
747 559 829 585 animi

31 598 97 624 satis
111 598 202 634 magni
217 602 242 624 et
257 598 362 624 consilii
365 597 384 633 ,)
409 597 457 624 sed
469 597 517 624 Cn
530 597 660 640 Mallium,
678 605 729 622 non
741 596 829 622 solum

31 635 187 671 ignobilem,
196 643 290 662 verum
301 636 360 661 sine
372 636 477 665 virtute,
485 635 544 661 sine
555 634 672 670 ingenio,
685 634 739 660 vita
750 633 829 659 etiam

31 677 182 708 contempta
203 681 233 698 ac
253 672 370 699 sordida.
398 674 438 699 43.
458 671 649 698 Desidet-arunt
669 675 707 701 te,
730 671 827 705 inquit,

31 710 103 737 oculi
124 710 187 741 mei,
204 718 290 744 quum
306 714 335 736 tu
350 718 423 736 esses
439 709 560 745 Cyrenis.
600 709 642 735 Me
652 708 734 738 enim,
747 716 829 742 quam

31 748 128 779 socios,
151 752 195 774 tua
210 747 264 774 frui
279 747 377 774 virtute
392 747 539 779 malebam;
561 750 596 777 et,
609 754 663 781 quo
674 745 736 780 plus
748 746 831 771 inter-

31 790 95 816 erat.
108 793 140 811 eo
151 784 212 819 plus
223 785 316 811 aberas
327 793 341 811 a
352 793 408 810 me:
429 788 500 810 certe
511 789 536 810 te
547 792 599 810 non
612 783 745 810 videbam.
781 783 831 808 De-

31 822 94 849 inde
114 823 248 848 sitientem
264 830 307 848 me
322 822 428 848 virtutis
445 826 513 851 tuae,
531 821 674 847 deseruisti
689 829 720 846 ac
733 819 831 846 dereli-

31 859 125 895 quisti.
161 859 290 894 Coeperas
304 860 375 886 enim
387 863 476 894 petere
487 859 653 885 tribunatum
665 858 752 892 plebis
764 861 831 883 tem-

32 897 143 932 poribus
164 897 206 927 115,
229 905 298 931 quae
312 897 392 923 istam
408 895 588 931 eloquentiam
605 900 630 922 et
646 896 772 922 virtutem
789 903 831 920 re-

31 934 187 970 quirebant:
209 942 291 969 quam
302 934 456 969 petitionem
467 942 553 968 quum
565 933 732 968 reliquisses,
746 933 769 959 si
781 932 831 958 hoc

33 972 166 1001 iudicasti,
180 975 250 998 tanta
265 972 294 998 in
310 975 466 1006 tempestate
480 976 505 998 te
515 971 664 1007 gubernare
676 979 729 997 non
740 978 828 1005 posse,

32 1009 65 1036 de
81 1010 179 1035 virtute
196 1014 240 1035 tua
251 1008 388 1035 dubitavi:
410 1010 433 1035 si
445 1008 524 1040 nolle,
538 1008 571 1035 de
582 1008 729 1035 voluntate.
771 1007 828 1037 Sin,

31 1046 105 1082 quod
125 1046 211 1082 magis
226 1046 357 1082 intelligo,
376 1046 542 1081 temporibus
557 1050 582 1072 te
597 1045 656 1072 aliis
672 1045 829 1072 reservasti:

32 1093 81 1120 ego
95 1092 213 1119 quoque,
230 1084 336 1119 inquiet
349 1084 467 1119 populus
478 1084 625 1114 Romanus,
642 1083 675 1109 ad
686 1091 715 1109 ea
727 1088 751 1109 te
764 1087 832 1109 tem-

32 1130 95 1157 pora
111 1122 242 1152 revocavi,
260 1121 293 1147 ad
307 1129 376 1156 quae
387 1127 417 1148 tu
428 1126 453 1148 te
463 1122 523 1156 ipse
534 1129 666 1148 servaras
707 1121 768 1146 Pete
780 1120 832 1155 igi-

33 1163 76 1186 tur
95 1167 157 1185 eum
179 1159 374 1195 magistratum,
398 1159 427 1185 in
441 1167 496 1194 quo
512 1159 579 1185 mihi
595 1167 707 1194 magnae
723 1157 831 1184 utilitati

32 1205 91 1223 esse
111 1196 213 1231 possis:
245 1196 344 1223 aediles
364 1197 532 1231 quicumque
552 1201 643 1227 erunt,
666 1195 748 1222 iidem
764 1195 831 1221 mihi

32 1238 97 1261 sunt
116 1233 174 1260 ludi
190 1234 288 1269 parati:
320 1234 421 1260 tribuni
437 1234 539 1268 plebis,
557 1234 694 1269 permagni
711 1234 829 1264 interest,

32 1272 80 1307 qui
100 1272 165 1298 sint.
204 1271 292 1304 Quare
316 1276 362 1298 aut
381 1271 462 1298 redde
482 1272 549 1298 mihi
569 1271 642 1306 quod
661 1270 830 1297 ostenderas:

32 1313 87 1340 aut,
110 1309 142 1340 si,
165 1308 238 1344 quod
253 1317 311 1335 mea
329 1309 420 1335 minus
435 1310 559 1339 interest,
576 1309 605 1335 id
623 1313 647 1335 te
663 1309 749 1343 magis
765 1307 832 1334 sorte

32 1346 154 1378 delectat,
176 1346 285 1373 reddam
301 1346 350 1372 tibi
365 1347 444 1372 istam
460 1346 632 1377 aedilitatem,
649 1346 730 1372 etiam
746 1345 832 1381 negli-

32 1391 126 1420 genter
147 1384 256 1418 petenti.
297 1383 350 1410 Sed
365 1383 546 1418 amplissimos
562 1383 675 1410 honores
693 1387 721 1409 ut
731 1391 779 1418 pro
790 1382 832 1409 di-

31 1421 132 1457 gnitate
147 1426 191 1447 tua
206 1429 379 1456 consequare,
392 1421 541 1452 condiscas,
553 1429 658 1452 censeo,
672 1420 739 1447 mibi
754 1420 832 1456 paul-

34 1458 59 1485 lo
68 1458 227 1494 diligentius
238 1458 401 1494 supplicare.

88 1495 132 1522 Vl.
147 1497 186 1522 tt.
199 1496 268 1522 Haec
279 1496 372 1531 populi
383 1496 465 1523 oratio
476 1500 529 1528 est:
552 1504 611 1522 mea
622 1504 693 1525 vero,
707 1495 833 1521 Lateren-

32 1579 99 1602 rere,
125 1570 204 1598 modo
224 1579 257 1597 ne
279 1570 418 1606 largitione
433 1571 471 1597 sis
487 1571 584 1597 victus.
625 1571 692 1597 Nam
708 1570 745 1601 si,
764 1578 833 1604 quo-

32 1609 202 1643 tiescumque
219 1609 377 1644 praeteritus
392 1609 442 1635 erit
453 1609 485 1639 is,
499 1609 547 1643 qui
559 1617 611 1634 non
621 1608 744 1634 debuerit
756 1616 832 1642 prae-

33 1646 116 1677 teriri,
130 1646 208 1672 toties
219 1646 350 1681 oportebit
364 1654 436 1677 eum,
445 1646 492 1680 qui
506 1645 591 1672 factus
603 1644 832 1676 erit‚condemna-

33 1684 70 1710 ri:
93 1683 160 1709 nihil
182 1684 236 1710 iam
251 1688 305 1714 est,
329 1683 402 1718 quod
423 1682 523 1718 populo
542 1682 724 1718 supplicetur:
752 1682 830 1713 nihil,

33 1720 105 1756 quod
125 1720 252 1751 diribitio,
267 1720 344 1752 nihil,
356 1720 429 1756 quod
440 1720 602 1756 supplicatio
613 1721 830 1756 magistratuum,

34 1758 194 1785 renuntiatio
213 1758 403 1794 suffragiorum
418 1762 602 1793 exspectetur;
624 1757 706 1784 simul
725 1762 766 1788 ut,
785 1758 832 1792 qui

34 1795 88 1822 sint
98 1794 220 1831 professi,
234 1795 334 1828 videro,
347 1795 450 1822 dicam:
474 1797 515 1822 ⁴5.
531 1795 575 1822 hic
586 1795 686 1822 familia
697 1795 833 1822 consulari

33 1837 83 1865 eet,
104 1832 150 1860 ille
169 1833 313 1876 praetoria:
335 1833 454 1868 reliquos
469 1833 548 1860 video
558 1841 619 1860 esse
629 1833 747 1868 equestri
761 1832 831 1859 loco:

33 1874 98 1898 sunt
115 1879 210 1897 omnes
226 1871 284 1897 sine
299 1870 412 1901 macula,
430 1875 495 1897 sunt
509 1879 594 1905 aeque
608 1870 671 1897 boni
687 1871 738 1897 viri
754 1874 833 1905 atque

33 1908 145 1944 integri:
168 1907 215 1934 sed
231 1909 331 1934 servari
343 1917 452 1934 necesse
463 1912 503 1934 est
513 1908 627 1944 gradus:
649 1907 726 1934 cedat
735 1916 835 1934 consu-

35 1944 82 1972 lari
103 1946 193 1981 generi
214 1946 388 1980 praetorium,
407 1953 455 1972 nec
469 1945 610 1972 contendat
625 1953 686 1972 cum
704 1946 834 1980 praetorio

34 1986 159 2025 equester
171 1981 255 2008 locus.
277 1982 386 2009 Sublata
398 1986 462 2009 sunt
472 1983 570 2014 studia
582 1983 728 2009 exstinctae
738 1983 831 2009 suffra-

33 2020 164 2057 gationes,
182 2019 272 2046 nullae
286 2020 476 2051 contentiones.
495 2019 568 2046 nulla
580 2020 689 2046 libertas
701 2019 812 2054 populi*
806 2029 833 2046 in

24 2056 195 2084 ‘mandandis
206 2057 416 2093 magistratibus,
434 2057 508 2083 nulla
519 2057 682 2092 exspectatio
691 2057 835 2100 suffragio-

35 2103 110 2122 rum:
143 2093 220 2124 nihil,
239 2099 269 2120 ut
284 2094 443 2137 plerumque
453 2095 552 2125 evenit,
566 2099 670 2129 praeter
680 2095 834 2129 opinionem

35 2131 149 2159 accidet:
173 2131 247 2158 nulla
258 2132 307 2158 erit
318 2132 429 2166 posthac
440 2132 553 2158 varietas
563 2132 744 2158 comitiorum.
786 2132 834 2159 Sin

36 2168 86 2196 hoc
100 2177 229 2204 persaepe
244 2168 349 2200 accidit,
363 2173 393 2195 ut
403 2173 429 2195 et
440 2168 521 2195 factos
532 2168 638 2204 aliquos
652 2174 677 2196 et
689 2178 739 2196 non
752 2169 834 2196 suctos

36 2213 94 2233 esse
109 2207 254 2234 miremur:
276 2207 299 2232 si
315 2215 436 2241 campus,
450 2210 530 2241 atque
543 2206 604 2233 illae
615 2206 702 2233 undae
712 2207 836 2233 comitio-

37 2252 106 2275 rum,
115 2248 223 2270 utmare
230 2243 393 2278 profundum
400 2245 605 2275 etimmensum,
613 2244 653 2270 sic
659 2244 835 2271 effervescunt

37 2281 152 2316 quodam
172 2282 250 2316 quasi
263 2285 347 2312 aestu,
366 2285 395 2308 ut
405 2281 438 2307 ad
448 2280 514 2307 alios
525 2281 659 2312 accedant,
672 2282 705 2308 ab
716 2281 776 2308 aliis
788 2291 836 2308 au-

37 2322 90 2345 tem
105 2318 242 2345 recedant:
264 2319 291 2345 in
306 2323 378 2345 tanto
389 2326 437 2345 nos
449 2318 550 2353 impetu
562 2318 712 2345 studiorum
725 2323 750 2345 et
761 2324 834 2346 1110111

38 2355 194 2383 temeritatis
213 2355 323 2382 modum
339 2355 457 2391 aliquem
473 2361 499 2382 et
514 2355 658 2382 consilium
669 2360 695 2382 et
706 2357 834 2383 rationem

37 2392 225 2428 requiremus?
254 2395 292 2420 16.
307 2393 395 2426 Quare
411 2393 464 2420 noli
480 2401 523 2419 me
538 2393 570 2419 od
581 2393 776 2420 contentionem
790 2402 836 2420 ve-

38 2433 121 2457 utram
134 2438 235 2462 vocare,
248 2431 408 2457 Laterensis.
449 2431 554 2457 Etenim
566 2431 589 2456 si
602 2430 702 2465 populo
711 2436 784 2466 grata
796 2435 837 2457 est

39 2466 145 2498 tabella,
166 2476 236 2503 quae
255 2467 354 2495 frontes
374 2467 459 2503 aperit
474 2467 623 2498 hominum,
641 2473 744 2494 mentes
761 2469 833 2503 tegit.

38 2503 137 2540 detque
156 2513 214 2531 eam
231 2505 388 2537 libertatem,
407 2510 444 2536 ut,
461 2505 534 2540 quod
551 2504 643 2535 wlint,
658 2504 762 2535 faciant,
776 2514 837 2539 pro-

39 2541 145 2569 mittant
166 2547 264 2574 autem,
281 2543 354 2578 quod
370 2547 509 2585 rogentur:
532 2551 580 2568 cur
596 2546 623 2568 tu
641 2542 667 2568 in
679 2542 779 2569 iudicio
790 2551 837 2569 cx-

39 2578 144 2613 primis,
165 2579 239 2614 quod
258 2589 311 2607 non
327 2580 397 2607 sitin
399 2571 525 2615 campo?
546 2580 602 2609 liic,
620 2588 701 2614 quam
717 2579 775 2610 ille,
795 2579 837 2606 di—

0 2643 2 2648 ,
40 2615 131 2651 guior:
162 2624 195 2659 pe
229 2625 290 2644 uam
310 2626 392 2653 grave
411 2622 452 2644 est
471 2617 555 2643 dictu
595 2616 733 2648 Quomodo
755 2617 837 2651 igitur

0 2674 2 2691 ὲ
40 2656 82 2679 cst
95 2653 209 2688 aequius
255 2654 301 2681 Sic
314 2655 407 2682 credo.
429 2654 502 2690 quod
513 2654 614 2690 agitur,
636 2653 709 2689 quod
720 2654 785 2680 satis
797 2659 836 2680 cst

0 2709 3 2729 l
40 2688 138 2717 iudici:
161 2690 205 2718 hic
223 2690 308 2719 sactus
328 2696 378 2719 est.
418 2692 471 2719 Cur
487 2693 536 2718 istc
553 2691 656 2726 potius,
673 2700 755 2727 quam
771 2691 837 2727 ego?

810 151 1037 178 PLANCIO.

1091 151 1110 178 C
1124 152 1145 178 Α
1159 152 1188 178 P.
1223 153 1238 179 2
1258 166 1295 171 —
1314 153 1339 178 8.
1625 153 1677 178 559

878 223 925 249 Vel
942 223 1039 254 nescio,
1058 222 1101 249 vel
1117 231 1169 249 non
1179 222 1248 254 dico,
1262 221 1303 249 vel
1315 222 1440 257 denique,
1454 221 1527 257 quod
1539 222 1605 248 mihi
1616 230 1678 258 gra—

880 260 1022 286 vissimum
1043 264 1114 286 esset
1133 261 1173 286 sic
1187 260 1284 290 dicere,
1302 259 1350 286 sed
1366 260 1477 294 impune
1493 264 1579 285 tamen
1595 259 1678 286 debe-

879 306 935 324 rem
956 297 1058 324 dicere:
1081 298 1139 324 Non
1150 302 1230 324 recte.
1270 298 1338 323 Nam
1359 296 1425 332 quid
1436 297 1636 332 assequerere‘,
1653 297 1677 322 si

879 335 925 361 illa
946 339 1064 361 extrema
1084 334 1239 361 defensione
1259 339 1359 365 uterer,
1380 334 1525 369 populum,
1543 333 1617 369 quod
1632 342 1679 360 vo-

881 372 984 402 luisset,
999 372 1104 403 secisse,
1118 381 1169 399 non
1180 372 1253 407 quod
1264 371 1421 398 debuisset?

935 410 989 436 VII.
1008 410 1048 436 ⁴7.
1065 409 1150 441 Quid,
1168 410 1191 435 si
1207 409 1300 444 populi
1315 417 1424 444 quoque
1438 408 1538 435 factum
1553 407 1678 438 defendo,

882 447 1040 477 Laterensis,
1063 452 1088 473 et
1102 447 1191 477 doceo,
1209 447 1257 473 Cn.
1270 446 1409 473 Plancium
1420 455 1472 473 non
1483 446 1636 480 obrepsisse
1646 445 1680 472 ad

881 484 1016 515 honorem,
1039 484 1087 510 sed
1103 493 1134 510 eo
1150 485 1256 510 venisse
1271 492 1361 515 cursu,
1379 485 1428 519 qui
1445 492 1550 518 semper
1566 483 1681 518 patuerit

881 521 1037 547 hominibus
1057 522 1121 547 ortis
1138 521 1188 548 hoc
1204 526 1293 548 nostro
1309 522 1427 556 equestri
1440 520 1513 547 loco‘?
1534 528 1681 555 possumne

858 570 859 580 1
881 559 983 593 eripere
1003 559 1115 585 orationi
1131 563 1191 585 tuae
1202 560 1396 585 contentionem
1410 563 1534 588 vestram,
1547 566 1617 593 quae
1628 562 1681 584 tra-

881 596 945 622 ctari
961 597 1020 622 sine
1035 595 1195 622 contumelia
1209 605 1260 622 non
1273 601 1366 631 potest,
1381 601 1406 622 et
1417 600 1441 622 te
1453 595 1485 621 ad
1497 604 1619 621 caussam
1631 594 1682 621 ali-

881 633 989 668 quando
1008 634 1165 668 crimenque
1185 633 1334 659 deducere?
1363 633 1406 664 Si,
1426 632 1498 668 quod
1514 633 1614 667 equitis
1629 632 1682 658 Ro-

883 671 954 697 mani
975 670 1047 696 filius
1069 675 1121 701 est,
1143 670 1252 697 inferior
1271 679 1329 697 esse
1344 670 1452 696 debuit:
1483 678 1576 697 omnes
1592 675 1681 696 tecum

881 709 1004 742 equitum
1029 708 1210 734 Romanorum
1241 708 1289 734 filii
1314 709 1476 742 petiverunt.
1527 707 1600 733 Nihil
1621 707 1682 733 dico

882 745 1014 780 amplius:
1038 745 1087 771 hoc
1108 750 1196 771 tamen
1211 745 1302 776 miror,
1320 754 1368 771 cur
1384 750 1412 771 tu
1429 745 1492 771 huie
1509 745 1682 779 potissimum

882 783 1004 813 irascare,
1027 783 1074 817 qui
1096 782 1253 817 longissime
1274 791 1287 808 a
1309 787 1334 808 te
1357 782 1452 808 abfuit.
1493 782 1640 816 Equidem.
1658 782 1681 808 si

859 822 860 834 ³
881 819 998 854 quando,
1022 824 1051 846 ut
1066 819 1102 851 fit,
1120 820 1202 846 iactor
1217 820 1244 846 in
1257 819 1342 850 turba,
1360 829 1412 846 non
1426 819 1504 845 illum
1516 828 1621 849 accuso⁷
1634 819 1682 853 qui

882 862 923 883 est
943 858 970 883 in
986 866 1093 883 summa
1109 865 1183 883 sacra
1198 857 1251 887 via,
1269 866 1354 892 quum
1371 866 1420 892 ego
1429 857 1462 883 ad
1474 856 1586 883 Fabium
1599 855 1681 882 sorni-

882 903 939 921 cem
961 894 1099 929 impellor:
1132 894 1179 920 sed
1199 903 1275 925 eum,
1292 895 1341 929 qui
1362 895 1388 920 in
1405 903 1448 920 me
1463 895 1554 928 ipsum
1570 894 1683 920 incurrit

882 937 961 967 atque
975 931 1080 958 incidit.
1121 932 1160 958 Tu
1171 940 1259 966 neque
1271 931 1302 964 Q.
1316 932 1406 962 Pedio,
1419 931 1479 958 forti
1492 932 1558 963 viro,
1571 938 1683 958 succen-

883 979 935 1000 ses,
958 978 1046 1004 neque
1061 969 1125 995 huic
1139 970 1170 996 A.
1183 969 1277 1000 Plotio,
1294 970 1464 996 ornatissimo
1476 969 1588 999 homini,
1605 968 1684 994 fami-

884 1007 942 1033 liari
963 1015 1037 1033 meo:
1065 1011 1091 1033 et
1111 1007 1144 1033 ab
1160 1015 1199 1038 eo,
1216 1007 1264 1042 qui
1281 1007 1329 1033 hos
1345 1007 1467 1038 dimovit,
1490 1007 1588 1041 potius,
1601 1013 1683 1040 quam

883 1045 915 1070 ab
930 1045 973 1075 iis,
992 1045 1039 1079 qui
1055 1045 1082 1071 in
1095 1049 1118 1070 te
1130 1045 1220 1079 ipsum
1232 1044 1423 1075 incubuerunt,
1439 1049 1464 1070 te
1474 1044 1620 1078 depulsum
1632 1051 1684 1077 pu-

883 1087 933 1109 tas.
966 1083 996 1108 ⁴8
1031 1081 1083 1108 Sed
1101 1086 1189 1108 tamen
1206 1082 1270 1108 haec
1286 1082 1334 1108 tibi
1351 1086 1391 1108 est
1406 1082 1491 1116 prima
1502 1090 1564 1108 cum
1577 1080 1684 1107 Plancio

883 1120 989 1155 generis
1006 1121 1086 1146 vestri
1099 1119 1271 1154 familiaeque
1282 1120 1424 1150 contentio,
1437 1128 1490 1154 qua
1501 1119 1550 1145 abs
1563 1123 1587 1145 te
1600 1119 1684 1144 vinci—

884 1162 936 1184 tur.
978 1157 1031 1184 Cur
1042 1157 1114 1183 enim
1130 1166 1182 1183 non
1198 1156 1332 1188 confitear,
1346 1156 1417 1199 quod
1430 1165 1538 1184 necesse
1553 1155 1611 1182 est‘?
1631 1154 1684 1181 Sed

884 1203 936 1221 non
956 1194 1001 1221 hic
1022 1195 1116 1230 magis,
1139 1203 1221 1230 quam
1237 1203 1286 1231 ego
1300 1203 1315 1221 a
1331 1195 1397 1221 meis
1413 1194 1643 1229 competitoribus,
1660 1198 1685 1219 et

884 1232 949 1258 alias
965 1237 991 1258 et
1006 1233 1032 1258 in
1048 1232 1205 1259 consulatus
1221 1233 1357 1267 petitione,
1371 1232 1507 1258 vincebat.
1548 1231 1599 1257 Sed
1612 1229 1683 1261 vide,

885 1278 917 1295 ne
937 1269 1023 1296 haec
1017 1278 1084 1304 ipsa,
1101 1278 1172 1304 quae
1185 1270 1313 1304 despicis,
1328 1270 1391 1296 huic
1401 1269 1543 1305 suffragata
1555 1269 1622 1294 sint:
1646 1268 1685 1293 sic

884 1307 956 1333 enim
972 1307 1153 1333 conferamus.
1193 1307 1242 1333 Est
1256 1312 1334 1333 tuum
1350 1315 1445 1333 nomen
1459 1311 1571 1341 utraque
1584 1305 1685 1332 familia

884 1344 1033 1371 consulare.
1074 1345 1144 1371 Num
1161 1344 1270 1371 dubitas
1284 1345 1376 1380 igitur,
1392 1345 1458 1379 quin
1470 1352 1572 1373 omnes,
1586 1343 1634 1378 qui
1646 1342 1686 1368 fa-

884 1386 948 1408 vent
964 1381 1104 1413 nobilitati,
1122 1382 1170 1417 qui
1186 1382 1213 1408 id
1225 1386 1319 1416 putant
1329 1390 1389 1407 esse
1401 1381 1625 1416 pulcherrimum,
1637 1381 1684 1415 qui

884 1420 1059 1455 imaginibus,
1077 1420 1124 1454 qui
1142 1420 1298 1446 nominibus
1311 1419 1406 1445 vestris
1417 1419 1562 1449 ducuntur,
1577 1422 1601 1444 te
1612 1417 1686 1444 aedi—

885 1456 937 1483 lem
960 1456 1087 1483 t'ecerint‘?
1110 1457 1244 1492 Equidem
1260 1465 1311 1483 non
1327 1456 1431 1483 dubito.
1472 1456 1535 1486 Sed,
1551 1456 1575 1482 si
1590 1463 1685 1490 parum

854 1525 862 1531 ,Ἰ
885 1494 962 1520 multi
975 1499 1047 1525 sunt,
1059 1494 1107 1529 qui
1119 1494 1285 1521 nobilitatem
1297 1499 1399 1520 ament:
1417 1502 1481 1520 num
1494 1494 1543 1520 ista
1550 1497 1590 1519 est
1597 1497 1686 1519 nostra

32 1534 80 1565 sis,
94 1533 174 1560 haec:
196 1532 283 1566 Quare
294 1534 382 1560 victus
393 1534 440 1564 sis,
450 1542 502 1560 nou
513 1533 610 1559 debere
621 1533 737 1559 iudicem
749 1541 834 1567 quae—
854 1535 863 1539 '¹

884 1531 982 1566 culpa?
1001 1532 1107 1558 Etenim
1123 1531 1155 1558 ad
1166 1536 1247 1567 caput
1257 1536 1283 1557 et
1293 1532 1325 1557 ad
1338 1531 1438 1558 fontem
1451 1532 1593 1565 utriusque
1603 1538 1685 1566 gene-

862 1583 863 1589 ι
885 1570 921 1595 ris
938 1569 1089 1596 veniamus.
1121 1569 1188 1595 vm.
1208 1571 1245 1595 19.
1258 1569 1298 1595 Tu
1308 1577 1337 1595 es
1348 1577 1381 1596 ex
1393 1569 1541 1602 municipio
1553 1567 1686 1602 antiquis-

884 1607 955 1633 simo
975 1606 1136 1637 Tusculano,
1154 1615 1188 1633 ex
1201 1615 1256 1642 quo
1272 1606 1404 1641 plurimae
1422 1606 1537 1632 familiae
1549 1610 1612 1631 sunt
1623 1613 1687 1631 con-

884 1643 997 1675 sulares,
1010 1645 1047 1679 (in
1062 1644 1164 1679 quibus
1176 1649 1217 1671 est
1227 1644 1306 1670 etiam
1319 1644 1460 1678 Iuventia,)
1471 1648 1535 1678 quot
1547 1652 1561 1668 e
1573 1642 1686 1677 reliquis

885 1682 1040 1716 municipiis
1061 1682 1188 1708 omnibus
1204 1690 1256 1708 non
1271 1686 1346 1707 sunt.
1386 1681 1433 1707 1110
1445 1686 1485 1707 est
1496 1690 1509 1706 e
1522 1679 1686 1715 praefectura

885 1719 993 1750 Atinati,
1017 1727 1068 1746 non
1087 1724 1140 1745 tam
1157 1719 1254 1754 prisca,
1273 1728 1324 1746 non
1341 1723 1394 1745 tam
1412 1718 1546 1748 honorata,
1565 1726 1616 1744 non
1634 1722 1685 1743 tam

885 1757 1050 1783 suburbana.
1090 1756 1227 1789 Quantum
1247 1757 1378 1783 interesse
1389 1757 1430 1782 vis
1446 1756 1479 1782 ad
1495 1756 1624 1782 rationem
1640 1763 1686 1790 pe-

885 1794 977 1821 tendi?
1008 1795 1128 1821 Primum
1149 1799 1240 1821 utrum
1258 1794 1343 1829 magis
1361 1793 1449 1820 favere
1466 1798 1544 1828 putas
1556 1792 1685 1823 Atinates,

885 1841 918 1858 an
934 1831 1102 1859 Tusculanos
1123 1831 1199 1859 suis‘?
1218 1831 1311 1862 Alteri,
1329 1831 1409 1866 (scire
1426 1831 1498 1857 enim
1516 1830 1564 1857 boc
1580 1834 1687 1865 propter

886 1869 1049 1896 vicinitatem
1071 1869 1148 1896 facile
1170 1869 1303 1904 possum.)
1322 1877 1407 1904 quum
1429 1868 1511 1895 huius
1523 1867 1687 1895 ornatissimi

885 1911 965 1942 atque
989 1907 1083 1942 optimi
1106 1907 1170 1938 viri,
1193 1907 1242 1934 Cn.
1265 1906 1416 1937 Saturnini,
1439 1910 1541 1941 patrem
1561 1905 1685 1935 aedilem

885 1953 971 1980 quum
983 1949 1131 1980 praetorem
1146 1928 1279 1975 viderunt,
1288 1944 1360 1979 quod
1372 1944 1477 1979 primus
1489 1943 1533 1970 ille
1545 1952 1597 1970 non
1609 1942 1688 1969 modo

885 1983 913 2008 in
933 1991 991 2009 eam
1014 1982 1158 2013 familiam,
1185 1981 1233 2008 sed
1254 1982 1334 2008 etiam
1354 1982 1382 2008 in
1399 1981 1593 2016 praefecturam
1613 1979 1687 2006 illam

885 2019 979 2046 sellam
1000 2020 1123 2046 curulem
1139 2020 1282 2050 attulisset,
1301 2019 1454 2045 mirandum
1471 2019 1498 2045 in
1510 2017 1621 2045 modum
1635 2017 1687 2044 lae-

887 2057 932 2084 tati
953 2062 1030 2084 sunt:
1053 2057 1150 2084 alteros
1171 2057 1270 2092 (credo,
1291 2057 1355 2092 quia
1372 2055 1499 2083 refertum
1515 2060 1555 2082 est
1572 2055 1689 2081 munici-

887 2095 962 2129 pium
981 2094 1184 2126 consularibus;
1217 2103 1278 2121 nam
1300 2093 1445 2121 malevolos
1466 2102 1518 2120 11011
1538 2101 1597 2119 esse
1617 2097 1688 2118 certo

886 2132 963 2167 scio.)
989 2141 1137 2167 numquam
1162 2132 1284 2158 intellexi
1305 2131 1492 2158 vehementius
1518 2131 1687 2164 municipum

886 2178 997 2196 suorum
1011 2170 1110 2196 honore
1122 2169 1222 2196 laetari.
1244 2170 1284 2196 20.
1297 2168 1433 2195 Habemus
1445 2168 1494 2194 1100
1505 2177 1568 2194 nos:
1590 2167 1687 2194 habent

887 2212 976 2233 nostra
993 2207 1151 2241 municipia.
1191 2205 1262 2238 Quid
1273 2214 1322 2241 ego
1333 2205 1366 2232 de
1379 2214 1430 2236 me,
1443 2205 1476 2232 de
1488 2205 1568 2231 fratre
1579 2213 1639 2231 meo
1651 2204 1687 2230 lo-

886 2243 972 2279 quar?
991 2252 1107 2278 quorum
1120 2243 1267 2270 honoribus
1278 2243 1344 2278 agri,
1354 2251 1435 2277 prope
1446 2242 1544 2273 dicam,
1552 2242 1604 2276 ipsi
1613 2250 1686 2268 mon-

887 2286 982 2316 tesque
994 2280 1127 2307 laverunt.
1155 2281 1225 2307 Num
1237 2280 1345 2315 quondo
1357 2280 1432 2306 vides
1443 2279 1626 2306 Tusculanum
1638 2279 1686 2304 ali-

865 2331 866 2336 =
886 2327 967 2353 quem
979 2318 1012 2344 de
1024 2318 1059 2344 M.
1072 2318 1171 2344 Catone
1182 2317 1237 2347 illo,
1251 2318 1277 2344 in
1289 2317 1362 2343 omni
1375 2317 1472 2344 virtute
1484 2317 1612 2351 principe,
1622 2324 1686 2342 num

865 2363 866 2367 ¹
887 2356 919 2382 de
940 2356 980 2382 Ti.
998 2356 1173 2385 Coruncanio,
1190 2355 1327 2388 municipe
1341 2363 1401 2384 suo.
1416 2363 1480 2380 num
1491 2353 1524 2379 de
1536 2358 1572 2379 tot
1584 2353 1687 2379 Fulviis

887 2393 1012 2428 gloriari?
1042 2393 1158 2419 Verbum
1180 2400 1258 2418 nemo
1274 2391 1344 2418 [11011.
1384 2391 1425 2421 Λ1,
1445 2392 1471 2417 111
1487 2399 1539 2425 qut
1543 2399 1583 2417 im
1588 2399 1687 2425 1111111111.

888 2431 1042 2465 Arpinatem
1055 2430 1191 2459 incideris,
1199 2429 1304 2455 etiamsi
1317 2428 1394 2458 nolis,
1403 2429 1452 2455 erit
1464 2433 1550 2454 tamen
1563 2427 1687 2457 1111111).-

889 2472 957 2494 tasso
968 2469 1047 2494 01111111
1059 2467 1092 2493 de
1104 2467 1181 2493 nobis
1192 2465 1425 2501 11111111111,11111111111
1437 2470 1507 2492 certe
1518 2465 1552 2491 de
1562 2464 1592 2491 C.
1605 2465 1687 2492 Mario

888 2505 1062 2531 audiendum.
1086 2505 1205 2531 Primum
1219 2504 1302 2545 igitur
1314 2503 1356 2529 liic.
1368 2503 1461 2529 imbuit
1473 2502 1561 2529 studia
1573 2510 1686 2529 suorum

888 2542 1020 2568 ardentio:
1044 2546 1071 2568 tu
1084 2546 1163 2571 tantn,
1177 2546 1276 2576 quanta
1289 2541 1315 2566 in
1329 2540 1502 2567 hominibus
1497 2549 1549 2566 111111
1561 2540 1686 2566 saturatis

889 2579 1035 2605 honoribus
1051 2588 1109 2605 esse
1121 2583 1274 2614 potuerunt.
1306 2579 1347 2604 2«.
1360 2577 1460 2604 Deinde
1471 2578 1509 2604 tui
1523 2577 1684 2612 municipes,

888 2621 951 2643 sunt
972 2616 1011 2643 illi
1026 2616 1137 2651 quidem
1151 2615 1365 2651 splendidissimi
1381 2615 1515 2642 homines.-
1538 2615 1586 2642 sed
1598 2620 1686 2641 tamen

890 2654 975 2688 11111101,
988 2654 1011 2680 si
1023 2653 1132 2689 quidem
1144 2662 1206 2680 eum
1218 2652 1371 2680 Atinatibus
1381 2652 1562 2680 conserantur.
1601 2652 1687 2679 lluius

889 2691 1054 2726 praefectura
1071 2691 1148 2727 plenu
1161 2692 1279 2718 virorum
1291 2689 1509 2722 fortissimorum,
1521 2691 1561 2717 sie
1571 2695 1601 2717 ut
1612 2689 1684 2717 nulla
