1941 3052
337 130 666 158 EPISTOLARUM
695 130 748 157 AD
777 130 982 157 ATTICUM
1012 132 1092 158 LIB.
1115 132 1316 159 XV1.EP.6
1337 148 1373 152 -
1396 134 1435 159 ll.

69 213 128 231 rum
139 207 237 233 contra7
251 203 382 237 scriptum
394 201 539 236 praeclare.
573 202 626 228 Sed
637 202 704 237 quid
717 203 766 228 ista
777 202 864 228 edicta

69 241 186 271 valeant,
202 244 248 265 aut
261 248 316 274 quo
331 244 465 274 spectent,
482 239 560 274 plane
573 248 624 266 non
640 239 732 265 video:
752 248 800 265 nec
814 248 864 274 ego

69 287 152 309 nunc,
170 281 200 303 ut
209 277 307 303 Brutus
318 277 457 307 censebat,
475 278 545 303 istuc
561 277 594 303 ad
610 276 806 311 rempublicam
820 285 865 302 ca-

68 314 229 351 pessendam
240 314 330 340 venio.
369 313 441 346 Quid
453 315 524 340 enim
537 314 594 340 fieri
606 314 709 348 potest?
720 315 790 339 Num
802 315 864 348 quis

68 353 158 379 Pisoni
173 356 213 378 est
228 351 374 377 assensus?
394 352 465 377 Num
481 351 561 378 rediit
576 352 634 385 ipse
649 350 797 386 postridie?
812 351 864 377 Sed

68 390 163 416 abesse
174 389 243 415 hane
254 393 366 415 aetatem
378 388 457 424 longe
468 397 481 414 a
493 388 617 423 sepulcro
630 393 863 423 negantoportere.

69 429 94 454 8.
109 427 161 453 Sed
171 426 282 453 obsecro
294 431 327 457 te,
341 426 408 461 quid
419 431 467 457 est,
481 426 553 461 quod
565 426 658 452 audivi
669 426 702 451 de
713 425 810 452 Bruto‘?
823 426 866 451 l’i-

69 464 133 491 liam
143 463 319 499 πειράζεσθαι
330 463 484 499 παραλύσει,
497 468 521 489 te
532 464 675 497 scripsisse
687 463 784 489 aiebat.
804 462 867 489 Val-

69 501 102 528 de
112 510 173 528 sum
185 505 348 527 commotus:
363 501 413 526 etsi
424 500 506 531 idem,
519 505 544 526 te
555 501 682 530 scrihere,
691 509 798 534 sperare
809 509 867 526 me-

70 539 133 565 lius.
174 539 210 564 Ita
227 538 305 572 plane
322 537 415 564 velim.
455 538 487 564 Ei
498 537 573 564 dicas
589 537 735 572 plurimam
751 537 866 564 salutem

69 581 95 603 et
105 576 283 602 suavissimae
294 575 406 601 Atticae.
437 575 506 601 Haec
517 575 615 609 scripsi
627 575 767 610 navigans,
781 583 866 610 quum

68 614 264 648 Pompeianum
275 612 438 643 accederem,
450 621 508 638 mv.
522 612 581 638 Kal.

123 699 184 720 vm.
213 702 243 723 (ln
254 701 364 721 Puteolano,
373 700 464 720 Antonin,
473 700 577 718 Dolabella
586 706 633 717 cosa.
645 700 699 721 710.)

250 751 418 779 CICERO
455 751 623 778 ATTICO
657 751 684 778 S.

129 800 152 824 l.
165 792 262 829 Quum
273 798 367 828 sciam,
380 806 433 832 quo
445 797 489 823 die
502 802 632 824 venturus
644 797 705 828 sim,
719 796 824 827 faciam,
838 800 868 822 ut

71 836 151 862 scias.
183 835 377 870 Impedimenta
388 835 567 869 exspectanda
579 840 651 866 sunt,
665 843 734 869 quae
745 834 867 869 Anagnia

71 873 198 899 veniunt:
221 877 246 898 et
260 871 363 898 familia
378 880 456 907 aegra
472 876 521 898 est.
563 871 621 898 Kal.
639 871 746 906 vesperi
766 871 867 897 litterae

70 910 139 936 mihi
150 909 183 935 ab
194 909 350 936 Octaviano.
381 909 475 944 Magna
487 909 606 936 molitur.
637 910 790 939 Veteranos,
804 909 868 943 qui-

70 948 117 982 qui
129 946 241 973 Casilini
255 951 281 972 et
295 946 411 973 Calatiae
427 952 502 977 sunt,
520 946 648 981 perduxit
663 946 696 972 ad
712 955 790 972 suam
805 954 868 971 sen-

69 985 190 1011 tentiam.
232 985 286 1010 Nec
301 985 415 1010 mirum:
439 985 591 1020 quingenos
607 984 731 1010 denarios
747 983 804 1009 dat:
823 992 868 1009 co-

69 1022 136 1058 gitat
151 1020 270 1056 reliquas
286 1021 404 1048 colonias
419 1022 503 1048 obire.
544 1021 624 1047 Plane
640 1021 690 1048 hoc
706 1025 820 1055 spectat,
839 1024 868 1046 ut

70 1068 99 1086 se
115 1059 183 1085 duce
199 1058 302 1085 bellum
318 1063 426 1094 geratur
441 1068 503 1085 cum
514 1059 639 1086 Antonio.
680 1060 772 1093 ltaque
788 1058 868 1084 video

68 1097 165 1132 paucis
175 1096 273 1122 diebus
285 1105 332 1123 nos
344 1097 371 1123 in
383 1098 465 1123 armis
477 1096 542 1123 fore.
572 1096 658 1129 Quem
670 1100 759 1122 autem
770 1104 869 1130 sequa-

70 1133 148 1161 mur‘?
168 1133 234 1160 Vide
246 1143 356 1160 nomen:
370 1134 432 1160 vide
444 1139 566 1160 aetatem.
597 1134 684 1169 Atque
696 1143 710 1160 a
722 1142 764 1159 me
774 1137 869 1167 postu-

70 1171 119 1203 lat,
137 1171 256 1206 primum
268 1176 297 1198 ut
307 1171 376 1197 clam
387 1171 555 1206 colloquatur
569 1180 689 1202 mecum,
707 1170 749 1197 vel
762 1171 869 1205 Capuae

70 1209 113 1236 vel
124 1218 176 1235 non
190 1208 267 1244 longe
279 1217 292 1234 a
305 1209 404 1243 Capua.
431 1209 536 1235 Puerile
548 1209 597 1235 hoe
609 1208 730 1244 quidem,
743 1209 767 1234 si
778 1208 806 1234 id
818 1216 869 1242 pu-

70 1251 107 1273 tat
117 1246 186 1273 elam
199 1246 256 1272 fieri
267 1255 356 1280 posse.
396 1247 478 1272 Docui
496 1255 543 1281 per
559 1246 673 1277 litteras,
692 1246 720 1272 id
736 1254 784 1271 nec
799 1254 868 1280 opus

70 1292 129 1311 esse
141 1292 190 1310 nec
202 1283 258 1309 lieri
270 1292 359 1318 posse.
388 1285 414 1310 2.
436 1284 509 1310 Misit
520 1283 551 1309 ad
565 1292 606 1309 me
619 1284 761 1310 Caecinam
772 1292 869 1318 quem-

70 1321 132 1348 dam
139 1320 350 1352 Volaterranum,
366 1320 524 1347 familiarem
536 1330 627 1351 suum,
640 1321 688 1356 qui
701 1321 765 1346 baec
777 1325 870 1355 pertu-

70 1358 114 1386 lit:
128 1358 274 1385 Antonium
286 1367 347 1384 cum
361 1358 464 1393 legione
476 1358 641 1385 Alaudarum
652 1358 685 1384 ad
697 1358 796 1385 Urbem
808 1366 870 1392 per-

70 1405 146 1432 gere,
169 1396 298 1431 pecunias
314 1396 472 1430 municipiis
492 1396 637 1430 imperare,
662 1395 795 1431 legionem
817 1395 869 1421 sub

70 1434 157 1469 signis
182 1433 290 1460 ducere.
341 1433 528 1464 Consultabat,
556 1438 646 1459 utrum
671 1434 781 1459 Romam
806 1441 868 1459 cum

71 1478 200 1498 cmcmcm
212 1475 399 1497 veteranorum
411 1471 638 1505 proficisceretur,
655 1479 686 1497 an
699 1470 818 1506 Capuam
830 1475 870 1497 te-

70 1512 158 1539 neret,
176 1512 202 1534 et
215 1508 363 1534 Antonium
379 1508 532 1535 venientem
544 1508 712 1539 excluderet,
731 1517 763 1534 an
776 1509 825 1534 iret
835 1508 868 1534 ad

69 1550 123 1573 tres
140 1545 258 1580 legiones
269 1545 466 1576 Macedonicas,
484 1554 553 1580 quae
570 1546 619 1572 iter
634 1545 783 1572 secundum
797 1554 868 1571 mare

70 1591 200 1617 superum
213 1581 327 1609 faciunt:
342 1591 409 1617 quas
421 1588 510 1617 sperat
520 1592 583 1609 suas
594 1591 663 1609 esse.
694 1583 747 1609 Eae
759 1583 869 1617 congia-

70 1621 141 1647 rium
158 1619 191 1646 ab
206 1620 321 1646 Antonio
339 1620 460 1654 accipere
476 1620 631 1651 noluerunt,
650 1624 680 1646 ut
697 1620 741 1646 hic
756 1621 868 1655 quidem

70 1661 167 1687 narrat.
176 1661 201 1683 et
212 1657 237 1683 ei
247 1657 401 1683 convicium
413 1666 494 1692 grave
506 1657 635 1688 fecerunt,
651 1658 869 1684 concionantem-

69 1703 123 1731 que
135 1694 313 1729 reliquerunt.
350 1693 421 1726 Quid
433 1694 559 1730 quaeris?
569 1695 666 1721 ducem
678 1704 706 1721 se
719 1695 866 1729 profitetur,

70 1741 120 1759 nec
135 1740 183 1758 nos
197 1732 251 1758 sibi
266 1736 342 1766 putat
357 1731 452 1758 deesse
463 1737 594 1767 oportere.
634 1732 770 1767 Equidem
781 1733 865 1763 suasi,

70 1774 100 1797 ut
110 1770 220 1796 Romam
235 1773 367 1804 pergeret.
408 1769 522 1796 Videtur
536 1770 609 1796 enim
624 1770 692 1796 mibi
703 1774 729 1796 et
740 1769 868 1804 plebecu-

71 1807 123 1834 lam
139 1807 271 1833 urbanam
288 1810 326 1838 et,
344 1807 367 1833 si
379 1806 459 1833 fidem
478 1807 582 1838 lecerit,
600 1808 680 1834 etiam
697 1807 781 1833 bonos
796 1808 868 1834 viros

70 1853 163 1872 secum
179 1844 332 1871 habiturus.
373 1843 498 1875 OBrute,
515 1844 563 1870 ubi
575 1844 622 1870 es?
637 1849 765 1879 quantam
781 1844 867 1871 εὐκαι-

70 1883 128 1918 ρίαν
139 1880 258 1908 amittis?
278 1881 336 1907 Non
348 1881 475 1916 equidem
488 1881 537 1908 hoc
548 1881 685 1912 divinavi,
703 1882 752 1908 sed
763 1881 868 1917 aliquid

70 1919 122 1946 tale
134 1919 228 1953 putavi
239 1917 304 1944 fore.
332 1919 410 1944 Nunc
421 1923 498 1945 tuum
509 1918 654 1945 consilium
666 1919 789 1953 exquiro.
818 1920 869 1946 Ro-

71 1964 179 1983 mamne
190 1956 283 1985 venio.
300 1963 333 1981 an
345 1955 389 1981 hic
401 1964 508 1987 maneo,
521 1964 554 1982 au
566 1956 698 1990 Arpinum
710 1956 869 1991 (ἀσφάλειαν

70 1993 186 2021 habetis
198 1992 282 2027 locus)
296 1991 417 2027 fugiam?
437 1993 560 2025 Romam,
580 2002 612 2019 ne
627 1992 827 2024 desideremur,
845 1994 869 2020 si

70 2030 138 2067 quid
158 2034 247 2057 actum
267 2029 414 2056 videbitur.
456 2030 509 2057 l‘loc
529 2030 612 2065 igitur
626 2029 743 2065 explica.
783 2031 870 2058 Num-

70 2077 153 2105 quam
166 2068 193 2095 in
204 2067 304 2094 maiore
315 2066 413 2103 ἀπορίᾳ
426 2066 475 2094 fui.

122 2158 165 2179 IX.
193 2160 224 2182 <bi
234 2158 345 2179 Puteolano,
356 2157 446 2178 Antonin,
457 2157 558 2175 Dolabella
569 2165 614 2176 eon.
627 2160 682 2180 710.)

259 2208 428 2237 CICERO
459 2207 627 2236 ATTICO
657 2210 685 2237 S.

127 2251 215 2283 Binae
227 2264 280 2282 uno
291 2255 335 2281 die
348 2254 415 2281 mibi
427 2253 528 2280 litterae
538 2254 571 2280 ab
583 2256 707 2285 Octavio:
724 2264 796 2282 nune
806 2256 869 2291 qui-

70 2294 142 2326 dem,
151 2294 296 2321 utRomam
308 2293 397 2319 statim
410 2292 530 2318 veniam:
545 2291 613 2318 velle
624 2302 653 2319 se
665 2302 719 2320 rem
732 2302 810 2327 agere
823 2302 869 2328 per

69 2336 204 2359 senatum.
235 2331 286 2358 Cui
297 2338 355 2365 ego.
370 2338 421 2356 non
432 2337 511 2364 posse
522 2334 644 2356 senatum
656 2335 716 2358 ante
728 2327 786 2357 Kal.
801 2331 865 2357 lan.:

69 2368 265 2407 quodquidam
277 2368 312 2394 ita
323 2367 412 2393 credo.
445 2366 490 2392 llle
501 2371 589 2392 autem
601 2367 684 2398 addit,
698 2370 804 2394 consilio
815 2373 867 2394 tuo.

69 2406 142 2439 Quid
158 2405 260 2432 multa‘?
275 2405 321 2432 ille
337 2409 426 2440 urget:
445 2412 494 2439 ego
510 2408 599 2444 autem
614 2404 770 2440 σκήπωμιιι.

70 2480 141 2507 volo.
182 2480 294 2511 Vereor,
311 2488 343 2506 nc
355 2479 442 2505 valeat
452 2478 597 2504 Antonius:
617 2487 664 2505 nec
676 2488 689 2505 a
702 2479 768 2505 mari
780 2479 869 2505 disee-

70 2517 133 2544 dere
150 2516 228 2544 libet:
251 2521 277 2544 et
293 2522 396 2547 metuo.
420 2524 452 2542 ue
467 2524 537 2550 quae
556 2515 672 2549 ἀριστεία
688 2524 730 2542 me
745 2516 865 2543 absente.
896 2517 898 2551 J

69 2554 182 2582 Varroni
193 2554 304 2590 quidem
314 2554 441 2589 displicet
451 2552 596 2579 consilium
613 2553 704 2587 pueri;
723 2553 791 2579 inihi
804 2562 866 2580 non.

69 2591 97 2619 Si
110 2592 200 2618 firmas
210 2592 301 2626 copias
312 2591 405 2618 habet:
424 2591 534 2616 Brutum
550 2589 647 2616 babere.
659 2595 757 2625 potest;
775 2595 801 2617 et
812 2599 867 2616 rem

69 2629 139 2665 gerit
161 2628 260 2664 palam.
301 2628 439 2655 Centuriut
458 2628 578 2662 Capuam
608 2627 772 2654 dinumerat.
813 2628 866 2654 lani

69 2667 179 2702 iamque
195 2665 274 2693 video
289 2665 404 2693 bellum.
443 2664 483 2691 Ad
496 2665 561 2691 haec
573 2665 701 2692 rescribe.
743 2664 867 2692 Tabella-

811 2406 867 2431 Non

69 2443 175 2470 confido
185 2443 273 2470 aetati.
308 2443 411 2478 Ignoro,
426 2450 479 2476 quo
491 2449 594 2467 animo:
609 2441 645 2467 nil
657 2443 715 2468 sine
727 2442 811 2468 Pansa
824 2447 868 2468 tuo
897 2451 898 2468 1

1663 136 1710 161 949

915 205 985 230 rium
997 212 1086 230 meum
1095 203 1208 230 Kalend.
1217 204 1297 230 Roma
1310 203 1460 238 profectum
1471 205 1530 231 sine
1542 204 1709 235 tuislitteris,

915 250 1006 268 miror.

969 311 998 331 X.
1027 313 1056 335 (Iu
1066 312 1178 333 Puteolana,
1187 312 1278 332 Antonio,
1289 312 1388 329 Dolabella
1400 319 1447 331 coss.
1459 314 1512 333 710.)

975 395 998 418 l.
1020 388 1144 427 Septimo
1156 392 1194 418 Id.
1208 393 1269 417 veni
1281 392 1314 418 ad
1326 401 1368 418 me
1380 393 1407 418 in
1420 393 1626 419 Sinuessanum.
1662 393 1714 419 Eo—

917 430 979 456 dem
990 430 1034 455 die
1046 430 1127 465 vulgo
1140 429 1326 464 loquebantur,
1339 430 1485 455 Antonium
1501 439 1659 456 mansurum
1671 439 1714 456 es-

917 477 946 494 se
967 467 1089 494 Casilini.
1129 468 1220 501 ltaque
1244 467 1347 492 mutavi
1370 467 1524 493 consilium.
1565 467 1713 493 Statueram

918 506 989 531 enim
1005 509 1074 530 recta
1086 504 1173 538 Appia
1186 505 1306 530 Romam.
1347 504 1435 530 Facile
1448 513 1490 530 me
1502 505 1547 531 ille
1559 510 1629 531 esset
1640 514 1714 530 asse-

918 547 1006 568 cutus.
1029 542 1111 567 Aiunt
1122 542 1194 567 enim
1206 550 1268 566 eum
1280 541 1421 567 Caesarina
1433 543 1471 567 uti
1484 542 1627 568 celeritate.
1650 543 1715 568 Ver-

918 581 938 606 ti
951 581 1033 615 igitur
1044 587 1086 604 me
1099 588 1112 604 a
1124 579 1268 604 Minturnis
1280 579 1413 612 Arpinum
1424 588 1529 606 versus.
1563 580 1715 606 Constitue-

919 616 1129 647 ram,utv.1dus
1141 620 1186 642 aut
1196 616 1297 650 Aquini
1309 624 1453 645 manerem,
1468 622 1512 642 aut
1525 617 1670 643 inArcano.
1688 618 1713 643 2.

919 655 1009 685 Nunc,
1027 654 1064 680 mi
1074 653 1173 683 Attice,
1191 657 1243 679 tota
1255 658 1342 678 mente
1354 654 1480 679 incumbe
1493 654 1519 680 in
1531 654 1599 680 hane
1610 663 1713 680 curam.

918 692 1015 727 Magna
1034 691 1106 717 enim
1127 699 1169 716 res
1185 695 1234 716 est.
1275 691 1335 716 Tria
1351 695 1414 716 sunt
1432 696 1534 721 autem,
1557 700 1715 717 maneamne

918 729 1022 763 Arpini,
1032 737 1065 754 an
1076 728 1187 762 propius
1199 727 1333 758 accedam,
1342 736 1375 753 an
1382 729 1488 753 veniam
1497 729 1616 754 Romam.
1638 728 1714 761 Quod

918 766 1066 795 censueris,
1081 765 1187 791 faciam.
1228 764 1281 791 Sed
1293 766 1509 799 quamprimum:
1529 766 1606 791 avide
1618 774 1715 800 exspe-

918 808 960 830 cto
970 808 1029 830 tuas
1041 802 1152 829 litteras.
1192 810 1229 828 Vl.
1251 802 1314 828 Idus
1325 811 1402 828 mane
1415 803 1441 828 in
1453 803 1628 829 Sinuessano.

971 872 1014 893 XI.
1043 875 1073 896 (ln
1082 875 1193 894 Puteolano.
1203 874 1292 894 Anio-110,
1303 874 1402 891 Dolabella
1413 880 1459 892 coss.
1472 876 1510 892 710
1520 876 1526 893 )

977 948 1000 972 l.
1022 940 1113 972 Nonis
1124 947 1215 980 accepi
1227 955 1240 971 a
1252 951 1276 971 te
1288 946 1355 972 duas
1366 945 1506 980 epistolas:
1525 954 1639 980 quarum
1651 945 1716 972 alte-

920 993 976 1010 ram
992 984 1051 1010 Kal.
1069 983 1196 1014 dederas,
1220 983 1329 1009 alteram
1346 983 1443 1018 pridie.
1484 984 1568 1018 Igitur
1587 984 1662 1017 prius
1683 983 1716 1009 ad

919 1022 1096 1056 superiorem.
1137 1021 1264 1047 Nostrum
1282 1029 1350 1055 opus
1372 1021 1421 1047 tibi
1441 1021 1548 1055 probari
1568 1020 1661 1046 laetor:
1683 1029 1717 1046 ex

920 1068 973 1094 quo
985 1059 1057 1092 ἄνθη
1071 1059 1130 1093 ipsa
1141 1059 1265 1093 posuisti,
1282 1067 1350 1093 quae
1362 1058 1430 1084 mihi
1441 1058 1589 1084 ssorentiora
1601 1062 1664 1084 sunt
1675 1059 1718 1083 vi-

920 1106 949 1123 sa
961 1101 1005 1123 tuo
1017 1096 1128 1122 iudicio.
1155 1095 1266 1123 Cerulas
1277 1097 1350 1121 enim
1362 1101 1420 1122 tuas
1432 1095 1587 1122 miniatulas
1599 1095 1658 1121 illas
1670 1104 1717 1121 ex-

921 1134 1106 1161 timescebam.
1133 1134 1169 1159 De
1180 1134 1239 1159 Sica
1252 1134 1285 1160 ita
1298 1138 1345 1163 est,
1360 1138 1388 1159 ut
1399 1134 1507 1159 scribis.
1534 1134 1575 1163 At,
1589 1134 1625 1159 stl
1639 1140 1717 1167 aegre

921 1181 963 1198 me
979 1172 1063 1198 tenui.
1104 1172 1196 1205 ltaque
1212 1172 1390 1205 perstringam
1407 1171 1465 1196 sine
1482 1170 1536 1196 ulla
1555 1170 1717 1197 contumelia

920 1210 995 1235 Sieae
1007 1213 1052 1235 aut
1064 1208 1223 1243 Septimiae:
1239 1212 1339 1234 tantum
1350 1229 1355 1238 ,
1368 1212 1396 1234 ut
1408 1209 1493 1234 sciant
1505 1208 1597 1238 παῖδες
1608 1208 1717 1237 παίδων,

921 1248 979 1273 sine
990 1246 1051 1273 sillo
1064 1246 1215 1276 Luciliano,
1233 1254 1294 1271 eum
1312 1254 1346 1271 ex
1356 1245 1386 1271 C.
1399 1245 1475 1271 Fadii
1492 1245 1546 1271 tilia
1559 1245 1657 1271 liberos
1670 1245 1718 1270 ha-

922 1285 1024 1310 buisse.
1065 1284 1152 1318 Atque
1163 1283 1266 1309 utinam
1279 1291 1341 1309 eum
1352 1282 1425 1308 diem
1437 1282 1554 1313 videam,
1569 1291 1655 1317 quum
1668 1283 1717 1308 ista

920 1322 1003 1348 oratio
1016 1322 1049 1348 ita
1064 1321 1146 1347 libere
1159 1325 1279 1356 vagetur,
1297 1325 1326 1346 ut
1336 1321 1416 1346 etiam
1428 1321 1455 1346 in
1467 1321 1542 1345 Sicae
1554 1319 1665 1345 domum
1677 1320 1718 1345 in—

921 1360 1015 1386 troeat!
1031 1358 1083 1385 Sed
1097 1358 1142 1384 illo
1153 1363 1272 1392 tempore
1283 1366 1351 1392 opus
1358 1363 1405 1385 est.
1414 1357 1487 1392 quod
1495 1357 1545 1383 luit
1556 1357 1610 1383 illis
1622 1358 1718 1383 trium-

922 1397 998 1423 viris.
1039 1397 1149 1426 Moriar,
1175 1396 1229 1421 nisi
1254 1395 1346 1422 facete.
1387 1396 1427 1421 Tu
1449 1404 1511 1421 vero
1532 1394 1605 1430 leges
1627 1395 1716 1425 Sexto,

920 1435 1034 1469 eiusque
1051 1433 1182 1460 iudiciuin
1200 1433 1266 1459 mihi
1288 1433 1449 1466 pei-scribes.
1491 1429 1534 1462 Ιίἷς
1549 1432 1605 1467 ἐμοὶ
1620 1431 1717 1467 μύριοι.

921 1471 1012 1498 Caleni
1036 1472 1217 1497 interventum
1238 1475 1263 1496 et
1282 1469 1414 1496 Calvenae
1435 1469 1553 1495 cavebis
1595 1471 1618 1495 2.
1641 1468 1718 1501 Quod

921 1509 1037 1539 vereris,
1056 1508 1255 1541 ne12512).e112‹›.·:
1274 1508 1341 1533 mibi
1359 1507 1405 1533 tu?
1419 1506 1601 1542 quis-minus?
1615 1507 1673 1537 cui,
1690 1511 1719 1532 ut

921 1546 1094 1581 Aristophani
1102 1545 1256 1571 Archilochi
1265 1544 1380 1575 iambus,
1390 1545 1429 1570 sic
1440 1544 1551 1579 epistola
1561 1544 1718 1579 longissima

921 1592 1044 1618 quaeque
1056 1584 1156 1618 optima
1170 1582 1285 1609 videtur.
1316 1582 1393 1614 Quod
1406 1591 1447 1607 me
1460 1582 1600 1608 admones:
1616 1587 1643 1607 tu
1656 1589 1719 1607 vero

921 1621 1026 1648 etiamsi
1044 1620 1267 1655 reprehenderes,
1286 1628 1337 1646 non
1355 1619 1432 1645 modo
1447 1619 1524 1645 facile
1537 1624 1653 1653 paterer,
1670 1618 1718 1644 scd

920 1659 1001 1685 etiam
1023 1658 1146 1690 laetarer·⁷
1169 1658 1272 1692 quippe
1308 1666 1393 1692 quum
1410 1657 1437 1683 in
1456 1657 1662 1691 reprehensione
1679 1661 1718 1682 est

922 1696 1064 1731 prudentia
1085 1704 1147 1721 cum
1168 1695 1296 1729 εὐμεινειίμ.
1338 1695 1374 1721 lta
1395 1694 1509 1720 libenter
1529 1704 1559 1719 ea
1575 1694 1716 1727 corrigam,

920 1743 989 1768 quae
1001 1743 1015 1759 a
1027 1738 1051 1760 te
1063 1732 1250 1759 animadversa
1262 1736 1334 1761 sunt,
1348 1734 1430 1757 eodem
1447 1735 1510 1759 iure.
1525 1741 1574 1764 quo
1587 1732 1717 1756 Rutu-mn«

921 1772 1021 1806 potius,
1033 1779 1115 1806 quam
1128 1779 1177 1803 quo
1191 1771 1332 1802 Scipionis:
1348 1774 1373 1795 et
1384 1769 1416 1794 de
1429 1768 1555 1794 laudibus
1568 1767 1719 1794 Dolabellae

920 1809 1032 1835 deruam
1053 1807 1205 1834 cumulum.
1247 1807 1368 1833 Attamen
1385 1811 1425 1832 est
1441 1807 1491 1832 isto
1509 1807 1564 1831 loeo
1585 1805 1667 1835 bella,
1692 1810 1720 1831 ut

921 1846 989 1873 mihi
1006 1845 1127 1875 videtur.
1145 1844 1276 1880 εἰρωνεία,
1292 1844 1365 1878 quod
1382 1852 1443 1869 euni
1456 1849 1494 1870 ter
1505 1849 1594 1869 contra
1606 1844 1680 1869 eires
1692 1843 1719 1868 in

920 1884 987 1910 acie.
1021 1882 1090 1909 Illud
1102 1882 1182 1908 etiam
1195 1881 1273 1912 malo,
1288 1884 1490 1914 indiym'ssimwn
1502 1887 1537 1907 es!
1549 1883 1615 1906 laune
1629 1884 1718 1907 virere.

920 1929 1002 1956 quam
1013 1923 1076 1954 quid
1088 1919 1237 1953 indignius?
1262 1921 1286 1945 3.
1310 1920 1520 1954 ΙΙετιλυγριιᾳιίιν
1533 1919 1658 1944 Varronis
1670 1917 1719 1944 tibi

921 1958 1043 1993 probari,
1061 1966 1112 1984 non
1126 1957 1236 1983 moleste
1249 1955 1317 1982 sero:
1336 1965 1350 1982 a
1361 1965 1415 1991 quo
1426 1956 1514 1982 adhuc
1528 1956 1719 1990 ἸΙρικκλείδειω-

921 1995 989 2022 illud
1005 2004 1056 2022 non
1069 1994 1179 2021 abstuli.
1220 1994 1297 2026 Quod
1309 2003 1351 2020 me
1364 1994 1477 2020 hortaris
1488 1994 1519 2019 ad
1533 1992 1717 2019 seribemluui.

921 2033 1006 2059 amice
1019 2037 1046 2059 tu
1056 2033 1182 2067 quidem:
1197 2031 1244 2057 sed
1257 2040 1298 2057 ine
1310 2032 1376 2057 seito
1388 2040 1466 2067 agere
1475 2031 1541 2057 nihil
1550 2030 1634 2056 aliud.
1652 2031 1719 2056 Gra-

923 2070 989 2097 vedo
1001 2075 1044 2096 tua
1058 2069 1124 2095 mibi
1138 2068 1248 2095 molesta
1260 2074 1310 2095 cst.
1332 2069 1446 2100 Quaeso,
1461 2068 1569 2096 adbibe,
1583 2076 1664 2102 quani
1676 2076 1719 2092 so-

922 2107 969 2138 les,
983 2107 1163 2142 diligentiam.
1195 2107 1283 2132 orne
1305 2106 1354 2132 tibi
1366 2106 1492 2141 prodesse
1518 2106 1607 2131 laetor.
1649 2105 1719 2130 Aua—

920 2145 997 2178 gniui
1009 2149 1072 2170 sunt
1084 2143 1194 2170 Mustela
1210 2143 1357 2177 ταξιάρχῳ,
1374 2148 1399 2169 et
1411 2144 1491 2170 Laco.
1510 2144 1557 2177 qui
1570 2142 1718 2176 plurimum

921 2182 1001 2207 bibit.
1043 2181 1168 2210 Librum,
1185 2189 1267 2215 quem
1284 2189 1374 2215 rogas,
1398 2180 1545 2214 perpoliam
1563 2185 1586 2205 et
1604 2180 1716 2204 mittam.

921 2220 945 2245 s».
969 2219 1037 2245 llaec
1058 2218 1090 2244 nd
1112 2219 1296 2252 posteriorem.
1341 2218 1377 2244 '1'1'1
1399 2219 1458 2252 περῖ
1482 2220 1526 2243 rus·
1545 2216 1717 2249 καθήκοντας.

920 2261 1054 2290 quatenus
1067 2255 1220 2284 Panaetius,
1237 2254 1341 2281 absolvi
1353 2254 1474 2280 duobus:
1494 2254 1568 2280 illius
1582 2259 1634 2279 tres
1645 2258 1716 2278 sunt.

920 2293 971 2319 Sed
983 2301 1069 2327 (pium
1082 2293 1158 2318 initio
1169 2292 1308 2318 divisisset
1320 2292 1368 2320 ita,
1388 2292 1436 2318 triu
1447 2300 1544 2325 genera
1556 2289 1717 2325 exquirendi

919 2330 1003 2357 oflicii
1015 2338 1087 2361 esse:
1115 2338 1199 2355 uuum
1209 2350 1214 2359 ,
1226 2338 1312 2364 quum
1324 2329 1516 2357 delilwremus,
1531 2329 1672 2354 boiiestuiu
1685 2336 1717 2353 un

921 2373 997 2402 turpe
1012 2368 1059 2397 sit,
1081 2367 1208 2396 alterum,
1235 2366 1300 2392 utile
1317 2376 1348 2392 au
1367 2366 1474 2394 inutile,
1494 2367 1614 2393 tertium.
1632 2374 1717 2399 ‹puuu

921 2405 985 2431 haee
998 2405 1228 2438 inm-sopugnare
1236 2403 1385 2430 videantur.
1395 2403 1529 2438 quomodo
1543 2403 1717 2428 iudicandum

920 2443 967 2472 sit,
985 2441 1074 2476 qualis
1090 2450 1184 2467 (mussa
1202 2441 1311 2475 Reguli,
1335 2440 1420 2466 redire
1437 2441 1592 2469 bouestuui,
1611 2448 1717 2466 manere

920 2479 999 2505 utile:
1016 2479 1049 2505 de
1061 2478 1168 2504 duobus
1181 2479 1276 2513 primis
1291 2478 1424 2512 praeclare
1436 2478 1577 2504 disseruit.
1596 2477 1628 2503 «le
1641 2478 1718 2504 tertio

920 2516 1062 2551 pollicetur
1072 2525 1100 2542 se
1112 2516 1254 2550 deinceps:
1269 2515 1315 2541 sed
1328 2515 1394 2541 nibil
1407 2516 1524 2549 seripsit.
1548 2515 1614 2541 lium
1629 2514 1715 2540 locuni

921 2553 1080 2579 Posidonius
1099 2558 1266 2588 persecutus.
1309 2553 1363 2586 1330
1382 2559 1470 2578 autem
1490 2558 1514 2578 et
1536 2554 1594 2578 eius
1616 2552 1715 2578 librum

920 2591 1063 2621 arcessivi,
1086 2596 1111 2617 et
1127 2590 1159 2617 ad
1172 2590 1372 2617 Athenodorum
1385 2590 1498 2616 Calvum
1514 2591 1624 2624 scripsi,
1643 2595 1670 2615 ut
1683 2589 1715 2615 nd

920 2637 961 2654 me
975 2629 1004 2654 rc*-
1014 2628 1143 2661 κειμὶὶηιιι
1155 2629 1282 2654 mitteret:
1299 2636 1368 2662 ‹puw
1381 2633 1520 2662 exspecto:
1539 2636 1620 2662 quem
1634 2626 1715 2653 velim

919 2665 1055 2692 cohortere
1066 2670 1091 2692 et
1103 2674 1193 2702 roges,
1212 2670 1239 2691 ut
1255 2673 1336 2699 quam
1353 2665 1481 2699 primum.
1523 2665 1550 2691 lu
1563 2674 1593 2691 eo
1605 2669 1644 2691 est
1658 2665 1715 2699 ,περὶ
