1941 3052
191 141 239 162 ⁸3⁵8

190 207 268 234 nimii·
279 206 528 239 crudelissimisque
541 213 606 230 unus
617 213 689 235 κυῐης
713 205 770 239 qui,
783 209 811 230 ut
823 213 863 231 me
875 205 982 239 paullu—

192 245 247 271 lum
270 244 390 270 im-linari
413 243 505 268 tiumri·
527 242 663 271 vicli-runt.
691 242 730 267 nic
751 241 930 276 impulerunt,
954 247 981 268 ut

190 282 263 308 ouini
285 289 334 306 nuo
348 279 447 306 scelere
463 283 487 304 et
503 278 612 312 pertidia
629 278 803 304 abuterentur
818 279 850 305 ad
866 279 979 305 exitium

191 327 291 345 meum.
327 318 411 346 Nunc.
425 316 552 350 quoniam
566 320 606 341 eat
617 316 744 350 Cyzicum
757 315 834 342 nobis
849 316 978 347 cundum,

190 364 244 390 quo
261 355 345 381 rarius
360 353 392 379 ad
406 362 446 378 rue
460 352 560 378 litterae
572 351 748 386 perferentur.
763 352 811 379 boc
824 352 905 379 velim
917 353 981 380 dili—

190 393 297 426 gentius
307 391 409 420 onmia,
427 398 496 424 «runo
508 389 610 423 putaris
622 397 664 415 me
675 389 744 415 scire
754 398 822 424 opus
833 399 906 421 ease,
920 399 981 425 per-

189 429 302 455 scribas.
337 427 466 459 Quintum
485 425 590 452 tratrem
603 435 692 452 meum
707 426 871 462 saeculiarum
898 436 980 462 quem

189 475 238 501 ego
253 466 334 491 miser
344 465 366 490 si
380 463 540 490 incolumem
553 463 684 498 relinquo.
702 473 753 491 non
765 473 807 490 me
819 469 902 491 totum
909 465 982 500 peri—

191 504 243 529 isse
254 501 410 528 arbitrabor.
433 502 488 527 Dat.
506 501 573 527 Non.
587 501 661 527 Sext.

243 571 304 592 le.
323 572 404 593 (Pinum,
415 572 494 589 tta-lunio
505 579 551 590 ton.
562 574 618 594 ⁶0⁶.)

374 611 540 638 CICERO
569 611 737 638 ATTICO
766 611 794 638 S.

246 651 268 675 t.
291 643 336 675 Ex
355 649 408 676 tuis
430 648 524 675 litteris
545 648 641 683 plenus
660 658 720 676 sum
736 649 933 684 exspectatione
948 647 981 675 ‹le

190 687 323 720 Pompeio.
336 686 466 721 quidnam
477 685 510 712 de
523 686 600 713 nobis
612 686 678 713 velit
687 686 868 713 autostendat.
891 686 981 713 Comi-

189 724 224 750 tia
239 724 311 750 enim
327 723 406 750 credo
420 732 478 750 esse
491 723 594 750 habita:
617 724 718 759 quibus
730 723 870 753 absolutis,
883 723 981 749 scribis

188 760 228 787 illi
241 760 374 796 placuisse
386 761 429 795 agi
441 760 474 786 de
489 761 576 787 nobis.
599 760 627 787 Si
640 761 688 787 tibi
700 761 798 788 stultus
810 769 868 787 esse
877 760 978 791 videor,

187 799 235 833 qui
251 806 366 833 sperem,
385 797 452 824 facio
468 802 512 824 tuo
528 798 617 830 iussu;
643 799 693 824 etsi
709 799 765 825 scio
780 803 804 825 te
820 806 862 824 me
879 798 912 824 iis
923 798 981 832 epi-

187 834 264 861 stolis
289 836 378 870 potius
402 839 427 861 et
452 843 524 861 meas
549 844 611 870 spes
634 835 743 862 solitum
763 844 822 862 csse
843 836 979 861 remorari.

188 873 265 898 Nunc
277 872 368 903 velim,
382 872 448 898 milii
461 871 538 906 plane
550 873 709 907 perscribas,
723 872 898 908 quidvideas.
920 872 981 898 Scio

189 918 236 936 nos
257 910 354 936 nostris
375 909 467 935 multis
482 910 598 944 peccatis
615 910 640 936 in
658 910 725 936 lianc
741 918 895 936 aerumnam
913 909 982 935 inci-

187 947 271 973 disse.
314 947 350 973 Ea
366 947 389 973 si
405 947 452 982 qui
467 955 545 973 casus
560 946 649 982 aliqua
665 956 699 974 ex
714 952 787 982 parte
802 947 978 979 correxerint3

187 978 280 1010 ininus
298 984 408 1011 moleste
425 983 542 1010 tei-emus
558 993 605 1011 nos
618 985 728 1015 vixisse,
742 989 767 1011 et
778 984 866 1010 adhuc
877 985 979 1010 vivere.

187 1022 213 1048 Ξ.
235 1021 304 1057 Ego.
322 1026 430 1056 propter
441 1022 499 1047 viae
510 1021 691 1048 celebritatem
701 1026 727 1048 et
737 1021 920 1057 quotidianam
933 1030 981 1048 ex—

187 1059 378 1093 spectationem
400 1067 488 1085 rerum
511 1067 639 1085 novarum
660 1068 711 1086 non
727 1060 859 1085 commovi
876 1067 917 1085 me
933 1058 981 1084 ad-

188 1095 241 1122 buc
252 1095 452 1122 Thessalonica.
487 1095 541 1122 Sed
553 1096 605 1122 iam
617 1096 799 1127 extrudimur,
814 1105 865 1122 non
876 1105 890 1122 a
902 1095 981 1122 Plan-

187 1134 242 1164 cio,
259 1132 331 1169 (nam
347 1133 369 1159 is
380 1133 490 1168 quidem
503 1134 618 1168 retinen)
630 1142 723 1160 verum
735 1134 768 1159 ab
780 1134 838 1168 ipso
851 1133 915 1164 loco,
929 1134 981 1159 rni-

188 1171 260 1197 nime
280 1171 402 1205 apposito
421 1170 454 1196 ad
471 1170 632 1197 tolerandam
650 1171 676 1197 in
693 1176 763 1197 tanto
780 1171 852 1197 luctu
869 1170 981 1197 calami-

187 1212 278 1234 tatem.
321 1208 349 1234 In
370 1207 482 1242 Epirum
505 1207 577 1239 ideo,
600 1213 628 1234 ut
647 1209 820 1243 scripseram,
839 1216 890 1234 non
907 1208 978 1239 veni,

186 1245 259 1279 quod
275 1244 365 1271 subito
380 1244 448 1270 mihi
461 1245 581 1271 universi
593 1246 681 1271 nuntii
693 1250 820 1272 venerant
831 1250 856 1271 et
867 1244 977 1276 litterae,

186 1290 268 1316 quare
284 1281 352 1308 nihil
368 1286 438 1308 esset
450 1290 558 1308 necesse
569 1291 650 1317 quarn
663 1283 784 1317 proxime
795 1282 897 1308 ltaliam
909 1291 978 1309 esse.

186 1319 268 1349 Hinc,
281 1319 305 1345 si
316 1318 420 1353 aliquid
431 1328 445 1345 a
456 1319 573 1345 comitiis
584 1319 751 1346 audierimus
762 1341 768 1350 ,
786 1328 834 1346 nos
846 1320 873 1346 in
888 1320 979 1346 Asiam

185 1360 387 1382 convertemus:
410 1364 497 1390 neque
512 1356 600 1382 adhuc
611 1357 706 1386 stabat.
720 1365 774 1391 quo
789 1357 976 1391 potissimum3

185 1393 232 1419 sed
244 1393 323 1420 scies.
345 1393 402 1420 Dat.
417 1401 467 1419 xu.
483 1393 542 1419 Kal.
557 1393 631 1420 Sext.
647 1393 862 1421 Thessalonicae.

239 1462 289 1482 XV.
304 1463 467 1486 (Tlicnaluuicac,
478 1464 552 1485 Pisone,
563 1464 644 1482 Gabinio
652 1472 697 1482 coss.
709 1467 764 1485 0¹30.)

241 1545 263 1570 t.
284 1538 389 1578 Accepi
407 1543 446 1570 Id.
467 1544 540 1571 Sext.
560 1549 686 1580 quattuor
701 1545 827 1580 epistolas
843 1554 857 1572 a
873 1549 897 1572 te
913 1546 980 1572 mis-

184 1589 240 1612 sas;
258 1589 349 1610 unam.
362 1590 414 1616 qua
422 1590 464 1607 me
473 1581 610 1617 obiurgas,
623 1586 653 1609 ut
662 1583 714 1608 sim
726 1583 839 1615 firmior3
858 1582 977 1614 alteram,

183 1626 236 1652 qua
243 1617 332 1645 Crassi
344 1617 471 1645 libertum
482 1619 616 1646 aistibide
623 1627 682 1646 mea
688 1619 872 1646 sollicitudine
880 1621 979 1647 macie-

183 1662 237 1689 que
253 1663 386 1688 narrasse,
408 1657 527 1687 tertiam,
543 1665 597 1691 qua
612 1656 779 1684 demonstras
790 1662 846 1684 acta
861 1658 888 1684 in
899 1666 978 1684 sena-

183 1696 226 1724 tu;
258 1697 379 1727 quartam
394 1692 427 1719 de
441 1702 486 1725 eo,
503 1693 576 1728 quod
592 1702 606 1720 a
621 1694 737 1721 Varrone
747 1694 846 1721 scribis
857 1695 907 1721 tibi
918 1703 977 1721 esse

183 1729 370 1756 confirmatum
393 1730 426 1756 de
448 1730 584 1758 voluntate
598 1731 729 1766 Pompeii.
763 1733 786 1759 2.
805 1731 846 1758 Ad
861 1733 976 1766 primam

184 1766 233 1792 tibi
255 1766 304 1793 hoc
316 1767 414 1798 scribo,
432 1776 474 1794 me
490 1768 526 1794 ita
541 1767 643 1800 dolere,
660 1773 690 1795 ut
705 1777 757 1795 non
773 1769 852 1796 modo
863 1778 877 1796 a
888 1774 976 1796 mente

185 1811 235 1829 non
255 1803 371 1835 deserar,
394 1804 442 1831 sed
462 1804 489 1831 id
510 1805 601 1839 ipsum
619 1805 737 1837 doleam,
760 1815 816 1837 me,
833 1810 887 1833 tam
901 1807 976 1833 tirma

184 1845 271 1867 mente
287 1841 335 1867 ubi
351 1846 423 1873 utar.
437 1846 463 1868 et
473 1842 652 1877 quibuscum,
670 1851 722 1870 non
734 1843 842 1870 habere.
873 1844 940 1870 Nam
952 1845 976 1870 si

184 1882 213 1903 tu
229 1886 270 1903 me
286 1887 339 1904 uno
355 1887 406 1905 non
423 1879 481 1905 sine
497 1888 615 1907 maerore
629 1888 718 1911 cares,
735 1880 803 1915 quid
818 1889 861 1907 me
871 1889 974 1912 censes,

184 1914 232 1948 qui
246 1919 272 1940 et
287 1920 311 1942 te
326 1920 352 1941 et
362 1916 507 1943 omnibus?
525 1921 551 1944 et
563 1918 588 1944 si
600 1921 628 1944 tu
639 1917 783 1944 incolumis
794 1926 837 1944 me
849 1919 974 1953 requiris,

184 1959 269 1985 ecquo
294 1952 372 1978 modo
392 1962 406 1979 a
427 1962 470 1980 me
491 1955 578 1989 ipsam
598 1954 810 1982 incolumitatem
829 1955 977 1982 desiderari

185 1987 280 2022 putas?
309 1989 375 2016 Nolo
389 1999 611 2023 commemorare,
633 1992 735 2027 quibus
751 1993 832 2019 rebus
847 1993 899 2019 sim
914 2002 978 2028 spo-

186 2025 275 2056 liatus,
299 2035 350 2052 non
371 2027 458 2054 solum
481 2029 546 2063 quia
566 2037 619 2055 non
642 2030 762 2065 ignoras,
785 2029 833 2056 sed
847 2030 928 2056 etiam
944 2039 977 2057 ne

184 2062 307 2089 scindam
324 2064 380 2097 ipse
394 2064 512 2091 dolorem
529 2075 630 2092 meum.
667 2067 721 2093 Hoc
735 2066 876 2098 confirmo,
889 2076 978 2103 neque

185 2100 266 2125 tantis
281 2099 358 2126 bonis
373 2110 431 2128 esse
446 2103 582 2137 privatum
592 2111 767 2139 quemquam,
780 2113 868 2140 neque
880 2105 907 2131 in
919 2110 978 2132 tan-

184 2140 226 2162 tas
246 2137 368 2163 miserias
390 2139 527 2166 incidisse.
558 2141 621 2167 Dies
641 2146 731 2168 autem
751 2150 805 2168 non
825 2141 904 2169 modo
924 2151 977 2169 non

186 2172 256 2200 levat
273 2173 374 2200 luctum
386 2175 471 2207 hunc,
484 2177 531 2203 sed
543 2178 624 2204 etiam
635 2183 724 2214 auget.
757 2179 824 2205 Nam
836 2180 918 2206 ceteri
929 2179 979 2206 do-

185 2209 254 2237 lores
270 2211 427 2247 mitigantur
441 2218 581 2245 vetustate,
594 2215 639 2241 hic
654 2224 706 2242 non
718 2220 805 2251 potest
813 2225 865 2243 non
876 2221 902 2243 et
915 2225 978 2243 sen·-

184 2255 218 2289 su
242 2249 391 2282 praesentis
416 2251 540 2278 miseriae
562 2256 588 2278 et
611 2253 793 2280 recordatione
820 2255 977 2289 praeteritae

185 2289 256 2311 vitae
274 2285 395 2320 quotidie
411 2288 513 2322 augeri.
555 2289 682 2316 Desidero
699 2291 772 2317 enim
790 2299 842 2318 non
861 2300 921 2318 mea
933 2299 978 2318 so—

186 2320 242 2348 lum
263 2331 350 2357 neque
366 2331 453 2354 meos,
474 2324 522 2350 sed
533 2333 575 2351 me
587 2326 687 2360 ipsum.
728 2327 800 2360 Quid
814 2329 887 2355 enim
898 2327 978 2355 sum?

185 2358 238 2385 Sed
253 2368 305 2386 non
320 2359 429 2392 faciam,
445 2366 475 2387 ut
489 2366 534 2388 aut
547 2366 624 2389 tuum
637 2364 758 2391 animum
772 2373 869 2401 angam
880 2374 978 2401 quere-

185 2394 220 2421 lis
230 2401 275 2422 aut
286 2397 353 2423 meis
365 2397 525 2424 vulneribus
535 2401 643 2434 saepius
654 2409 750 2428 manus
760 2402 878 2429 afferam.
909 2403 976 2429 Nam

185 2432 258 2474 quod
278 2442 378 2469 purgas
397 2443 456 2466 eos,
478 2444 546 2470 quos
565 2445 614 2471 ego
635 2438 702 2464 mihi
718 2440 816 2474 scripsi
832 2439 974 2471 invidisse,

186 2473 212 2494 et
231 2478 258 2496 iu
279 2471 318 2496 eis
339 2471 478 2505 Catonem
509 2481 559 2508 ego
574 2482 636 2500 vero
652 2479 754 2502 tantum
769 2476 846 2503 illum
862 2482 928 2512 puto
942 2477 976 2503 ab

186 2505 238 2531 isto
252 2507 351 2534 scelere
367 2509 500 2540 abfuisse,
519 2514 548 2536 ut
562 2511 679 2537 maxime
694 2511 812 2544 doleam,
830 2513 893 2548 plus
904 2513 977 2549 apud

187 2549 230 2583 me
249 2543 447 2572 simulationem
466 2546 593 2578 aliorum,
617 2556 698 2582 quam
719 2550 797 2576 istius
818 2551 912 2583 fidem,
929 2559 978 2578 va-

187 2577 288 2621 luisse.¹
313 2581 422 2622 Ceteri,
444 2592 512 2618 quos
532 2593 645 2620 purgas,
668 2585 766 2613 debent
786 2588 855 2614 mihi
869 2588 977 2624 purgati

187 2623 255 2646 esse,
270 2616 320 2643 tibi
331 2618 354 2643 si
365 2624 437 2646 sunt.
459 2622 483 2646 3.
496 2620 550 2647 Sed
560 2621 626 2648 haec
635 2630 694 2649 sero
705 2624 821 2659 agimus.
843 2625 933 2652 Crassi
944 2625 978 2652 li-

187 2651 294 2679 bertum
313 2654 381 2681 nihil
397 2661 461 2690 puto
475 2658 578 2684 sincere
594 2657 722 2686 locutum.
759 2661 789 2688 ln
807 2667 902 2690 senatu
920 2671 977 2690 rem

764 137 805 161 92.
837 134 871 161 M.
902 135 932 161 T.
966 134 1236 163 ClCERONlS

1033 205 1115 240 probe
1139 206 1238 232 scribi·
1257 211 1353 233 aetam.
1393 206 1446 234 Sed
1465 208 1532 243 quid
1552 208 1650 235 Curio?
1680 209 1720 236 Aa
1745 208 1819 237 illam

1031 243 1177 269 orationem
1193 252 1244 270 non
1262 242 1343 278 legit?
1370 252 1440 279 quae
1455 245 1525 271 unde
1541 246 1574 272 nit
1586 245 1700 280 prolata.
1718 247 1818 274 nescio.

1033 279 1085 305 Sed
1098 280 1195 310 Axius.
1210 280 1331 307 eiusdem
1342 280 1396 308 diei
1407 281 1528 308 scriben-
1538 282 1571 309 ad
1583 292 1625 309 me
1636 288 1706 313 acta,
1720 292 1771 310 non
1785 285 1819 311 ita

1034 316 1123 342 laudat
1137 316 1291 344 Curionem.
1330 318 1362 344 Λι
1376 323 1461 353 potest
1476 318 1521 345 ille
1537 319 1639 354 aliquid
1651 322 1820 355 praetermit-

1033 358 1099 380 tere:
1122 358 1159 384 tu.
1173 354 1226 380 nisi
1258 354 1309 381 uod
1320 359 1384 385 erat.
1397 355 1513 390 prolecto
1524 365 1576 383 non
1586 358 1729 392 scripsisti.
1757 358 1822 384 Var-

1033 391 1106 417 ronis
1129 400 1218 418 sermo
1237 363 1306 418 ‘iacit
1325 393 1551 427 exspectationem
1575 393 1709 426 Caes-rin
1741 399 1822 430 atquo

1034 429 1136 454 utinam
1156 429 1212 463 ipse
1228 428 1310 455 Varro
1326 429 1463 456 incumbat
1478 430 1505 456 in
1516 432 1652 457 causeam!
1675 431 1747 466 quod
1760 441 1822 467 pro-

1033 464 1101 491 tecto
1111 474 1196 500 quum
1210 474 1258 492 sua
1270 471 1372 500 sponte,
1385 471 1441 493 tum
1453 467 1691 494 teinstantetnciet.
1714 470 1738 495 6.
1754 469 1820 504 Ego,

1032 503 1055 528 si
1078 511 1119 528 me
1137 502 1282 537 aliquando
1298 504 1378 530 vestri
1393 508 1419 530 et
1436 505 1536 539 patriae
1551 510 1701 539 compotem
1717 505 1821 533 fortun·

1034 539 1138 570 fecerit,
1160 545 1231 566 certe
1253 539 1382 571 efficiam.
1405 545 1433 567 ut
1456 542 1573 568 maxime
1590 541 1686 568 laetere
1703 551 1774 569 unus
1787 551 1821 570 ex

1032 577 1159 603 omnibus
1174 578 1284 609 amici133
1313 586 1426 613 meaque
1440 577 1528 605 officia
1540 583 1565 605 et
1575 578 1677 610 studia,
1693 588 1763 614 quae
1774 589 1822 615 pa-

1034 623 1092 640 rum
1109 619 1183 640 antea
1201 614 1340 645 luxerunt.
1357 614 1506 649 (fatendum
1521 620 1562 642 est
1576 616 1670 650 enim.)
1685 617 1725 642 sic
1743 625 1822 644 eue—

1032 659 1112 686 quar,
1135 656 1163 677 ut
1183 660 1224 678 me
1240 660 1324 686 acque
1340 652 1403 682 tibi.
1421 661 1451 678 ac
1466 651 1553 683 fratri.
1571 657 1596 679 et
1608 652 1701 680 liberis
1712 655 1820 685 nostris,

1033 689 1184 715 restitutum
1206 694 1293 723 putes.
1335 689 1363 716 Si
1379 689 1446 724 quid
1462 690 1489 716 in
1505 694 1529 716 te
1544 691 1668 724 peccavi,
1685 699 1716 717 ac
1732 691 1823 726 potius

1032 727 1160 760 quoniam
1176 727 1300 761 peccavi,
1318 727 1435 762 ignosce.
1474 727 1502 754 ln
1519 735 1560 753 me
1570 728 1643 754 enim
1656 728 1746 762 ipsum
1758 736 1823 763 pec-

1031 763 1091 789 cavi
1108 763 1305 790 vehementius.
1340 764 1431 799 Neque
1444 763 1508 790 haec
1518 772 1549 790 eo
1559 764 1657 795 scribo,
1670 773 1724 800 quo
1734 769 1758 792 te
1769 774 1822 792 non

1033 808 1092 827 meo
1111 809 1174 827 casu
1197 801 1314 827 maximo
1329 801 1419 828 dolore
1434 810 1493 828 csse
1508 801 1631 828 affectum
1646 803 1743 834 eciam;
1774 802 1823 829 sed

1032 837 1158 872 profecto.
1180 838 1213 868 si.
1235 843 1366 873 quantum
1387 847 1429 865 me
1449 847 1523 865 amas
1543 843 1568 865 et
1589 840 1698 870 amasti.
1719 844 1822 866 tantum

1032 883 1120 901 amare
1135 875 1247 901 deberes
1258 884 1287 901 ac
1298 875 1453 906 debuisses.
1471 885 1619 911 numquam
1630 884 1705 903 esses
1714 885 1821 911 passus,

1032 920 1083 943 me,
1097 921 1150 947 quo
1162 918 1188 939 tu
1201 912 1367 943 abundabas,
1380 921 1458 948 egere
1468 913 1594 946 consilio;
1617 922 1665 940 nec
1675 922 1750 940 esses
1760 922 1824 949 pas-

1031 958 1078 975 sus
1095 950 1160 976 mihi
1173 950 1342 984 persuaderi.
1354 950 1418 977 utile
1430 950 1507 977 nobis
1518 959 1586 981 csse,
1601 950 1687 986 legem
1697 950 1731 977 de
1741 950 1824 978 colle-

1039 987 1084 1021 ,iis
1101 986 1221 1021 perferri.
1260 987 1311 1014 Sed
1324 993 1350 1014 tu
1363 993 1465 1014 tantum
1482 987 1604 1014 lacrimas
1615 987 1764 1023 praebuisti
1774 987 1824 1015 do-

1041 1025 1080 1050 ori
1092 1033 1160 1055 meo.
1178 1024 1249 1059 quod
1263 1030 1319 1052 erat
1328 1026 1435 1055 amoris,
1449 1030 1585 1060 tamquam
1597 1026 1654 1060 ipse
1665 1033 1727 1061 ego:
1749 1024 1822 1060 quod

1032 1062 1134 1087 meritis
1151 1063 1218 1088 meis
1233 1062 1380 1096 perfectum
1398 1071 1456 1088 esse
1468 1063 1562 1097 potuit.
1576 1067 1604 1089 ut
1615 1062 1674 1089 dies
1685 1067 1711 1089 et
1721 1067 1820 1092 noctes.

1031 1098 1097 1133 quid
1113 1099 1180 1125 mihi
1197 1099 1349 1126 faciendum
1361 1104 1439 1129 esset.
1453 1100 1592 1135 cogitares,
1606 1099 1633 1126 id
1645 1099 1693 1125 abs
1704 1104 1738 1130 te,
1752 1107 1820 1130 meo,

1032 1144 1083 1162 non
1099 1141 1144 1162 tuo
1155 1136 1254 1162 scelere
1268 1137 1488 1171 praetermissum
1499 1142 1540 1163 est
1552 1158 1558 1163 .
1579 1136 1656 1169 Quod
1667 1137 1691 1163 si
1702 1145 1754 1163 non
1765 1145 1823 1163 mo-

1031 1172 1064 1199 do
1080 1177 1117 1203 tu,
1135 1173 1181 1199 sed
1197 1174 1343 1208 quisquam
1359 1173 1463 1204 fuisset.
1476 1174 1524 1208 qui
1536 1182 1587 1204 me.
1602 1174 1720 1208 Pompeii
1731 1175 1822 1200 minus

1032 1209 1136 1236 liberali
1158 1219 1285 1245 responso
1305 1211 1488 1245 perterritum.
1506 1219 1519 1237 a
1535 1211 1693 1245 turpissimo
1709 1210 1823 1237 consilio

1031 1252 1175 1278 revocaret,
1193 1247 1266 1282 quod
1281 1256 1352 1274 unus
1362 1253 1391 1274 tu
1405 1247 1490 1274 facere
1502 1248 1619 1274 maxime
1630 1248 1755 1283 potuisti:
1778 1252 1823 1274 aut

1030 1284 1219 1311 occubuissem
1235 1285 1354 1316 honeste,
1376 1290 1421 1312 aut
1436 1279 1550 1312 victores
1566 1284 1645 1312 hodie
1657 1285 1822 1312 viveremus.

1031 1322 1078 1348 Hic
1095 1322 1162 1348 mihi
1174 1322 1308 1358 ignosces.
1347 1322 1388 1349 Me
1399 1323 1472 1349 enim
1484 1323 1574 1357 ipsum
1586 1322 1670 1349 multo
1681 1323 1768 1358 magis
1778 1330 1824 1349 ac-

1030 1367 1108 1392 cuso;
1139 1359 1237 1386 deinde
1253 1364 1287 1391 te,
1309 1360 1389 1395 quasi
1404 1368 1446 1386 me
1461 1359 1587 1392 alterum;
1611 1364 1637 1386 et
1649 1360 1732 1386 simul
1748 1367 1823 1386 meae

1030 1396 1126 1431 culpae
1148 1398 1252 1423 socium
1268 1406 1380 1432 quaero:
1403 1406 1433 1424 ac
1443 1398 1466 1424 si
1477 1397 1611 1428 restituor,
1625 1397 1704 1424 etiam
1716 1396 1824 1424 videbi-

1031 1443 1092 1460 mur
1111 1433 1274 1469 deliquisse,
1292 1434 1340 1461 abs
1357 1439 1435 1470 teque
1449 1439 1529 1465 certe,
1545 1435 1672 1469 quoniam
1689 1433 1764 1461 nullo
1774 1442 1824 1461 uo-

1031 1476 1093 1502 stro,
1107 1476 1152 1498 tuo
1164 1472 1251 1506 ipsius
1262 1471 1392 1499 beneficio
1403 1471 1559 1507 diligemur.
1599 1473 1624 1498 5.
1636 1471 1713 1504 Quod
1725 1476 1749 1498 te
1759 1479 1822 1498 cum

1030 1508 1147 1535 Culeone
1168 1509 1266 1536 scribis
1284 1509 1317 1535 de
1336 1509 1481 1545 privilegio
1497 1508 1630 1540 locutum,
1647 1513 1688 1536 est
1702 1508 1820 1544 aliquid;

1030 1545 1078 1572 sed
1092 1545 1177 1573 multo
1190 1551 1231 1573 est
1241 1546 1339 1573 melius
1350 1546 1482 1582 abrogari.
1523 1546 1553 1573 Si
1563 1546 1636 1572 enim
1647 1555 1726 1572 nemo
1736 1546 1824 1581 impe-

1030 1583 1094 1614 diet,
1111 1583 1179 1618 quid
1193 1588 1234 1610 est
1249 1583 1372 1610 firmius?
1400 1583 1449 1610 Sin
1464 1584 1523 1614 erit,
1536 1584 1585 1618 qui
1596 1583 1659 1610 ferri
1672 1592 1725 1610 non
1735 1584 1820 1616 sinan

1030 1620 1102 1647 idem
1122 1625 1232 1648 senatus
1252 1620 1374 1648 consulto
1394 1620 1549 1648 intercedet.
1599 1621 1654 1647 Nec
1672 1620 1823 1655 quidquam

1029 1657 1104 1684 aliud
1124 1666 1192 1693 opus
1213 1663 1266 1689 est,
1288 1658 1421 1694 abrogari.
1460 1658 1528 1684 Nam
1543 1658 1616 1692 prior
1633 1657 1676 1684 lex
1691 1665 1739 1684 nos
1754 1656 1823 1684 nihil

1030 1694 1161 1721 laedebat.
1201 1695 1287 1727 Quam
1308 1696 1341 1726 si,
1359 1700 1388 1722 ut
1403 1699 1442 1722 est
1458 1694 1636 1730 promulgata.
1655 1694 1764 1721 laudare
1774 1703 1823 1722 vo—

1029 1731 1185 1763 luissemus,
1199 1738 1253 1763 aut,
1267 1737 1296 1759 ut
1306 1737 1361 1759 erat
1375 1731 1704 1768 negligenda.negligere;
1727 1740 1823 1758 nocere

1026 1770 1136 1796 omnino
1141 1769 1219 1796 nobis
1225 1778 1277 1796 non
1283 1770 1423 1805 potuisset.
1435 1769 1555 1796 Hicmihi
1562 1770 1680 1804 primum
1686 1777 1739 1796 non
1745 1768 1824 1796 modo

1028 1807 1172 1834 consilium
1187 1807 1283 1838 defuit,
1298 1807 1346 1833 sed
1359 1807 1439 1833 etiam
1452 1806 1549 1833 obfuit.
1584 1806 1672 1837 Caeci,
1685 1807 1767 1836 caeci,
1781 1807 1824 1833 in-

1027 1853 1119 1879 quam,
1136 1844 1248 1874 fuimus,
1265 1845 1293 1870 in
1309 1845 1409 1871 vestitu
1425 1843 1562 1874 mutando,
1575 1844 1603 1870 in
1614 1843 1716 1878 populo
1726 1852 1824 1879 rogan-

1028 1882 1071 1908 do.
1093 1881 1179 1914 Quod,
1196 1883 1250 1908 nisi
1261 1882 1420 1908 nominatim
1432 1889 1539 1908 mecum
1550 1881 1595 1916 agi
1605 1885 1731 1915 coeptum
1740 1886 1820 1911 esset,

1029 1920 1085 1945 lieri
1101 1919 1282 1954 perniciosum
1297 1918 1357 1945 fuit.
1379 1918 1432 1945 Sed
1443 1926 1525 1954 pergo
1536 1918 1686 1953 praeterita.
1708 1918 1824 1945 Verum-

1028 1961 1116 1983 tamen
1130 1956 1164 1983 ob
1176 1956 1244 1982 hanc
1254 1964 1388 1986 caussam,
1402 1960 1439 1986 ut,
1452 1957 1476 1982 si
1487 1955 1554 1990 quid
1565 1953 1721 1991 age[re]tur,
1735 1955 1822 1991 legens

1029 1993 1113 2024 illam,
1122 1994 1149 2020 in
1160 2002 1213 2029 qua
1227 1993 1366 2028 popularia
1378 1993 1461 2019 multa
1472 1997 1544 2023 sunt.
1553 2001 1586 2019 ne
1597 1993 1721 2028 tangatis.
1737 1994 1762 2018 6.
1770 1992 1823 2019 Ve-

1029 2039 1089 2057 rum
1104 2035 1145 2057 est
1157 2030 1280 2061 stultum,
1297 2039 1340 2057 me
1351 2031 1514 2065 praecipere,
1527 2029 1594 2065 quid
1605 2030 1699 2065 agatis,
1712 2033 1759 2056 aut
1767 2037 1822 2064 quo

1029 2068 1117 2094 modo.
1158 2068 1265 2095 Utinam
1286 2067 1365 2094 modo
1388 2072 1483 2103 agatur
1502 2066 1621 2102 aliquid!
1643 2067 1672 2093 In
1692 2075 1747 2102 quo
1761 2067 1822 2101 ipso

1029 2105 1113 2132 multa
1132 2105 1267 2132 occultant
1281 2110 1341 2132 tuae
1352 2104 1466 2137 litterae;
1487 2104 1576 2134 credo,
1589 2112 1622 2130 ne
1633 2103 1821 2130 vehementius

1028 2142 1214 2177 desperatione
1229 2142 1378 2177 perturber.
1418 2141 1490 2174 Quid
1505 2142 1578 2168 enim
1589 2140 1667 2167 vides
1677 2141 1721 2176 agi
1730 2148 1818 2175 posse,

1029 2185 1074 2206 aut
1084 2188 1138 2215 quo
1148 2179 1244 2206 modo?
1262 2180 1312 2206 Per
1322 2177 1497 2206 senatumne?
1516 2178 1564 2205 Ast
1574 2183 1629 2205 tute
1639 2178 1821 2213 perscripsisti

1029 2217 1061 2243 ad
1078 2225 1129 2248 me,
1152 2216 1288 2252 quoddam
1299 2221 1380 2252 caput
1391 2216 1459 2252 legis
1470 2215 1595 2243 Clodium
1605 2216 1633 2241 in
1643 2215 1734 2241 curiae
1745 2219 1821 2249 poste

1029 2254 1130 2285 fixisse,
1147 2263 1180 2281 ne
1191 2253 1284 2280 referri
1294 2262 1362 2280 neve
1373 2253 1428 2280 dici
1439 2253 1539 2279 liceret.
1579 2252 1637 2284 Quo
1648 2251 1726 2278 modo
1737 2252 1821 2287 igitur

1028 2292 1160 2318 Domitius
1179 2300 1208 2317 se
1224 2291 1293 2318 dixit
1308 2289 1474 2318 relaturum?
1492 2289 1550 2322 Quo
1569 2288 1648 2316 modo
1661 2293 1760 2319 autem,
1773 2289 1818 2319 iis,

1028 2337 1096 2364 quos
1117 2333 1145 2355 tu
1161 2329 1268 2360 scribis,
1285 2328 1354 2355 etde
1366 2337 1393 2355 re
1404 2327 1567 2357 dicentibus,
1579 2330 1613 2357 et,
1626 2330 1655 2352 ut
1666 2325 1817 2355 referretur,

1028 2365 1241 2401 postulantibus,
1263 2365 1374 2392 Clodius
1384 2363 1485 2392 tacuit?
1512 2364 1563 2394 Ac,
1585 2363 1609 2389 si
1619 2371 1667 2397 per
1675 2361 1817 2397 populum,

1028 2403 1168 2438 poteritne,
1187 2404 1240 2429 nisi
1255 2403 1288 2429 de
1298 2403 1420 2429 omnium
1432 2401 1600 2428 tribunorum
1611 2399 1700 2434 plebis
1710 2404 1820 2426 senten-

1029 2439 1082 2467 tia‘?
1105 2439 1176 2473 Quid
1186 2441 1219 2467 de
1230 2439 1327 2467 bonis?
1354 2439 1422 2475 quid
1433 2439 1466 2465 de
1476 2436 1573 2464 domo?
1595 2437 1727 2463 Poteritne
1739 2437 1819 2462 resti-

1028 2477 1085 2504 tui‘?
1112 2478 1177 2509 Aut,
1195 2478 1219 2504 si
1236 2486 1289 2504 non
1303 2477 1413 2512 poterit.
1433 2479 1539 2512 egomet
1553 2482 1606 2509 quo
1621 2473 1700 2500 modo
1710 2472 1820 2509 potero?

1027 2515 1097 2541 llaec
1120 2515 1173 2541 nisi
1187 2515 1264 2541 vides
1279 2514 1414 2549 expediri,
1429 2520 1512 2548 quam
1529 2512 1556 2538 in
1571 2519 1647 2545 spem
1663 2519 1706 2537 me
1721 2509 1820 2537 vocas?

1027 2552 1074 2578 Sin
1089 2557 1178 2578 autem
1193 2553 1253 2586 spei
1263 2551 1332 2578 nihil
1344 2555 1396 2582 est,
1416 2557 1486 2585 quae
1496 2553 1537 2574 est
1546 2548 1614 2574 mihi
1625 2547 1698 2574 vita?
1725 2549 1818 2582 Itaque

1027 2593 1152 2623 exspecto
1172 2588 1376 2615 Thessalonicae
1394 2591 1451 2613 acta
1474 2585 1533 2612 Kal.
1554 2585 1644 2616 Sext..
1666 2593 1701 2611 ex
1715 2585 1818 2620 quibus

1027 2630 1151 2656 statuam,
1164 2626 1192 2652 in
1203 2631 1298 2652 tuosne
1309 2633 1387 2660 agros
1395 2623 1558 2658 confugiam,
1571 2627 1601 2648 ut
1611 2630 1699 2656 neque
1709 2621 1818 2648 videam

1027 2662 1158 2694 homines,
1167 2671 1235 2698 quos
1246 2662 1339 2693 nolim,
1351 2666 1378 2688 et
1387 2666 1421 2692 te,
1434 2665 1464 2687 ut
1474 2659 1581 2691 scribis,
1594 2659 1711 2691 videam,
1719 2663 1745 2685 et
1754 2666 1818 2694 pro-
