1941 3052
235 156 278 177 m
803 153 842 176 to.
878 150 911 176 M.

946 150 975 175 Τ.
1011 149 1285 176 ‹tltztiuoxts

231 223 285 249 fiori
301 223 422 257 »mpvrior
437 227 532 256 posset.
560 224 600 247 stt.
618 222 662 247 llis
677 222 801 256 opposuit
815 230 872 245 aesc·
886 221 1014 250 Socratem¹
1043 220 1046 229 ’
1069 220 1187 255 quidem.
1205 224 1233 246 ut
1247 219 1338 254 populi
1354 220 1462 246 Rornani
1476 225 1546 246 notun
1559 225 1608 250 est.
1624 228 1715 251 senem
1738 227 1766 247 ut
1777 222 1854 248 Auie—

230 261 275 295 qui
300 260 445 286 »nin-'lituu-
467 260 580 294 qumlarn
604 259 756 292 disputandi
781 257 899 283 refellere
925 266 1016 283 eorum

231 298 350 324 iii-«tituta
366 297 474 322 noli-bnt.
499 297 582 321 ttnim
597 304 627 321 ex
640 295 780 320 uberrimis
791 294 959 320 sermonibus
971 303 1018 320 ex-

231 337 354 361 stiterunt
377 334 522 359 ‹lor-tissimi
545 334 606 360 viri:
631 333 801 366 primumque
820 336 876 356 tum
901 330 1018 365 pbiloso-

232 373 301 406 pliia.
329 381 378 397 non
399 371 442 396 illn
461 371 494 395 de
513 375 611 398 nntura.
633 377 700 402 qnae
716 368 799 394 fuerat
813 369 954 402 antiquior.
971 368 1016 394 scd

231 409 301 438 haer.
320 410 344 434 in
359 417 410 442 qun
426 408 458 433 (lv
473 407 547 432 bonis
563 406 641 431 relius
656 410 680 431 et
695 405 771 431 malis
781 405 867 439 deque
879 405 1016 431 hominum

231 447 282 471 vitu
306 451 330 471 et
355 446 472 470 moribus
496 444 655 477 disputatur,
677 443 782 468 inventa
801 442 907 468 dicitur.
941 442 1016 474 Quod

229 484 354 518 quoniam·
369 490 453 514 genus
468 481 500 506 ab
515 481 572 510 boc,
588 480 659 514 qumi
675 480 872 514 proposuimus,
885 479 1015 509 abhorret.

231 520 402 554 philo-mplius
417 518 488 543 aliud
504 518 529 543 in
546 522 651 551 tempus
665 517 830 544 reiiciamus2
846 516 877 542 acl
892 521 1015 546 oratores.

229 567 242 582 a
265 557 365 590 quibus
387 555 499 587 digressi
518 563 622 584 sumus.
644 558 816 580 revertamur.
851 556 890 579 322.
913 554 1018 579 Exstitit

231 595 310 626 igitur
333 593 383 618 iam
408 592 519 618 senibus
537 591 600 622 illis,
620 600 688 627 quos
707 591 797 626 paullo
814 595 873 616 nnio
887 591 1015 621 diximus.

231 633 362 660 kmi-ntes.
383 631 460 655 cuius
474 629 570 655 (lomus
584 633 692 654 cunctae
707 629 831 655 Graeciae
844 628 921 663 ‹luasi
938 628 1017 653 ludus

228 668 337 702 qnidam
354 667 438 701 patuit
451 671 530 701 atque
543 665 648 692 officina
663 665 781 697 dicendi,
807 674 920 700 magnus
933 670 1018 691 orator
1038 689 1039 697 ,

229 710 252 730 vt
272 704 403 739 perfectus
422 704 555 739 magister.
571 711 734 738 quamquam
751 702 846 729 forensi
863 702 920 728 luce
933 703 1018 728 caruit
1038 727 1039 730 ,

229 743 350 776 intraque
365 741 477 776 parietes
491 740 557 767 aluit
570 749 627 766 cnm
641 740 761 776 gloriam,
778 748 858 774 quam
871 748 947 765 nemo
959 748 1017 765 ineo
1038 768 1039 771 Ἴ

228 779 337 813 quidem
353 779 452 805 iudicio
466 782 554 812 postea
569 782 609 803 est
622 782 790 803 consecutus.
808 778 831 803 ls
845 777 938 812 etipse
951 777 1017 803 scri·
1038 806 1039 812 ¹

229 817 281 850 psit
301 815 383 842 multa
403 815 533 850 praeclare
551 819 576 841 et
589 815 680 841 docuit
693 814 772 846 alios;
794 818 819 840 et
833 823 917 848 quum
932 819 1016 840 ceu-ra
1038 819 1039 842 1

229 853 334 883 melius.
354 861 434 888 quam
454 853 612 886 superiores.
634 856 689 878 tum
710 852 812 886 primus
832 851 961 877 intellexit
978 856 1018 877 ct·
1038 867 1039 874 ι

228 891 279 916 iam
304 891 330 916 in
354 890 440 916 soluta
458 890 581 919 oratione.
602 889 666 914 dum
683 897 789 914 versum
803 888 942 923 effugeres
961 897 1018 914 mo-

228 927 292 953 ‹lum
313 931 399 954 tamen
417 931 442 953 et
461 935 601 953 numerum
616 925 758 960 quemdam
773 931 892 960 oportere
906 927 1015 951 servari.

229 966 269 990 33.
295 964 361 991 Ante
385 964 456 990 hunc
478 964 548 989 enim
573 963 713 989 verborum
737 963 814 997 quasi
838 967 969 989 structura
992 967 1019 989 et

227 1002 358 1036 quaedam
376 1001 408 1027 ad
427 1009 568 1027 numerum
587 1000 722 1026 conclusio
740 1000 812 1026 nulla
827 1004 894 1031 erat;
925 1004 978 1030 aut,
994 1001 1016 1026 si

227 1039 334 1074 quando
357 1043 419 1069 erat.
441 1047 491 1065 non
515 1038 665 1072 apparebat.
685 1046 743 1064 eam
761 1037 849 1063 dedita
867 1045 945 1071 opera
959 1045 1017 1063 esse

192 1082 196 1089 ¹
228 1077 389 1111 quaesitam:
416 1084 484 1110 quae
504 1075 610 1101 forsitan
632 1074 689 1101 laus
702 1075 750 1106 sit;
775 1079 957 1100 verumtamen
972 1083 1018 1100 na-

229 1118 285 1139 tura
308 1113 393 1148 magis
416 1118 482 1143 tum.
507 1121 624 1146 casuque
643 1120 853 1146 nonnumquam,
873 1120 954 1146 quam
973 1116 1018 1138 aut
1038 1111 1039 1115 ’

229 1151 327 1176 ratione
341 1149 429 1185 aliqua
444 1154 489 1176 aut
503 1150 685 1176 observatione
701 1149 787 1175 fiebat.
815 1150 855 1175 34.
873 1150 930 1183 {psa
945 1149 1016 1175 enim

229 1191 320 1213 natura
338 1187 582 1221 circumscriptione
601 1186 715 1221 quadam
736 1186 876 1212 verborum
897 1194 1018 1221 compre-

228 1224 320 1250 hendit
341 1223 529 1259 concluditque
551 1224 724 1256 sententiam3
754 1231 823 1258 quae
845 1232 930 1258 quum
949 1224 1017 1258 aptis

227 1262 367 1288 constricta
386 1262 475 1288 verbis
494 1265 541 1292 est,
567 1261 638 1286 cadit
655 1261 733 1286 etiam
749 1260 908 1295 plerumque
923 1269 1018 1286 nume-

228 1308 293 1325 rose.
329 1299 395 1325 Nam
409 1303 435 1325 et
448 1306 525 1324 aures
539 1299 621 1332 ipsae,
642 1297 708 1332 quid
723 1297 842 1332 plenum.
859 1297 924 1332 quid
939 1299 1017 1324 inane
1038 1304 1039 1323 l

227 1337 270 1366 sit.
291 1336 418 1367 iudicant.
439 1339 464 1362 et
482 1336 578 1370 spiritu
592 1335 669 1369 quasi
685 1335 840 1361 necessitate
854 1334 943 1369 aliqua
959 1343 1017 1360 ver—

227 1373 321 1399 borum
339 1373 540 1407 comprehensio
559 1373 728 1398 terminatur:
760 1372 787 1398 in
805 1379 860 1407 quo
874 1380 924 1398 non
939 1372 1017 1398 modo

226 1410 312 1441 defici,
329 1410 375 1436 sed
390 1411 467 1436 ctiam
483 1409 599 1436 laborare
614 1414 691 1443 turpe
704 1413 752 1435 est.
775 1409 821 1435 IX.
835 1410 875 1435 35.
888 1409 955 1435 Tum
966 1408 1017 1435 fuit

228 1447 329 1483 Lysias,
354 1448 411 1482 ipsc
430 1447 539 1482 quidem
559 1447 585 1472 in
604 1447 707 1472 caussis
725 1446 877 1472 forensibus
892 1455 943 1472 non
958 1454 1018 1472 ver-

226 1489 308 1515 satus,
333 1485 379 1511 sed
402 1484 507 1520 egregie
529 1483 637 1509 subtilis
660 1484 773 1518 scriptor
795 1488 875 1518 atque
898 1483 1014 1518 elegans,

226 1530 306 1556 quem
325 1522 376 1547 iam
396 1530 477 1556 prope
495 1521 593 1547 audeas
611 1525 739 1547 oratorem
757 1519 904 1555 perfectum
918 1520 1015 1547 dicere.

226 1559 292 1585 Nam
312 1559 389 1593 plane
407 1558 517 1593 quidem
532 1557 679 1593 perfectum
693 1562 719 1584 et
732 1558 775 1584 cui
790 1557 857 1584 nihil
871 1557 1016 1584 admodum

225 1596 302 1626 desit.
319 1596 522 1622 Demosthenem
537 1595 613 1621 facile
626 1595 734 1621 dixeris.
765 1594 838 1621 Nihil
852 1599 927 1621 acute
940 1595 1017 1620 inve—

227 1633 276 1659 niri
296 1634 381 1668 potuit
399 1634 427 1659 in
445 1633 484 1659 eis
502 1632 615 1663 caussis,
630 1640 699 1666 quas
713 1632 829 1666 scripsit.
846 1631 913 1658 nihil
927 1631 968 1666 (ut
980 1632 1016 1658 ita

225 1670 322 1705 dicam)
336 1670 457 1700 subdole,
474 1669 541 1696 nihil
556 1673 671 1700 versute.
691 1669 764 1704 quod
777 1669 824 1695 ille
837 1677 889 1695 non
904 1668 1014 1701 viderit;

226 1707 292 1734 nihil
307 1707 440 1733 subtiliter
453 1707 515 1737 dici,
532 1705 598 1732 nihil
613 1714 712 1741 presse.
728 1705 795 1732 nihil
809 1705 954 1737 enucleate,
962 1714 1017 1740 quo

227 1745 282 1770 fieri
297 1744 381 1779 possit
394 1743 495 1779 aliquid
510 1743 642 1775 limatius-3
669 1742 736 1769 nihil
750 1748 841 1769 contra
853 1742 962 1778 grande,
975 1743 1017 1769 ni—

226 1781 263 1807 hil
283 1781 429 1813 incitatum,
450 1780 517 1807 nihil
535 1785 657 1807 ornatum
671 1779 714 1806 vel
727 1780 870 1806 verborum
888 1780 1016 1816 gravitate

228 1818 268 1844 vel
292 1819 492 1849 sententiarum,
516 1826 571 1852 quo
593 1817 741 1852 quidquam
763 1821 833 1843 esset
846 1816 950 1843 elatius.
973 1819 1015 1843 36.

226 1856 293 1882 Ηυίο
312 1855 458 1891 Hyperides
476 1855 614 1890 proximus
629 1854 680 1881 fuit
692 1859 718 1881 et
731 1855 871 1890 Lycurgus
885 1858 911 1880 ct
923 1854 1017 1880 Dinar-

226 1893 293 1919 chus
307 1897 333 1919 et
346 1893 378 1924 is,
393 1893 472 1919 euius
486 1892 559 1919 nulla
572 1895 676 1918 exstant
693 1892 799 1926 scripta.
816 1891 944 1918 Demades
957 1891 1017 1917 alii-

226 1938 278 1965 que
293 1930 393 1965 plures.
415 1930 483 1956 Haec
496 1930 567 1956 enim
581 1933 651 1955 aetas
665 1928 758 1955 effudit
772 1928 839 1955 hanc
848 1929 964 1963 copiam;
981 1933 1014 1959 et.

227 1972 255 1993 ut
273 1967 364 2001 opinio
382 1975 440 1993 mea
454 1966 513 1998 fert,
529 1974 612 1993 sucus
625 1965 670 1992 ille
684 1970 710 1992 et
723 1966 833 2001 sanguis
847 1966 1017 2000 incorruptus

227 2013 313 2039 usque
327 2004 360 2030 ad
374 2004 442 2030 hanc
454 2008 565 2030 aetatem
579 2007 712 2030 oratorum
726 2002 785 2034 fuit,
801 2003 828 2029 in
843 2011 896 2038 qua
910 2007 1018 2029 natura—

228 2041 260 2067 lis
282 2042 394 2071 inesset,
419 2049 470 2068 non
494 2040 600 2067 fucatus
618 2040 696 2067 nitor.
729 2040 771 2066 37.
786 2039 931 2066 Phalereus
944 2040 1016 2066 enim

226 2079 356 2105 successit
377 2078 416 2104 eis
437 2078 548 2105 senibus
570 2077 732 2109 adolescens.
753 2077 954 2103 eruditissimus
971 2077 1017 2103 ille

226 2115 336 2151 quidem
354 2115 450 2142 horum
467 2115 597 2146 omnium,
616 2114 664 2141 sed
682 2123 735 2141 non
748 2118 801 2140 tam
814 2114 896 2141 armis
907 2114 1018 2141 institu—

227 2159 278 2184 tus,
287 2165 290 2168 ·
299 2161 381 2188 quam
399 2152 538 2187 palaestra.
572 2152 664 2187 Itaque
676 2151 823 2178 delectabat
836 2152 922 2187 magis
935 2151 1018 2178 Athe-

227 2191 342 2221 nienses,
357 2198 439 2225 quam
452 2188 642 2216 inflammabat.
668 2188 833 2215 Processerat
844 2189 918 2215 enim
931 2189 960 2215 in
973 2197 1018 2215 so-

227 2227 278 2254 lem
296 2231 322 2254 et
339 2227 488 2262 pulverem.
509 2235 560 2253 non
579 2230 609 2252 ut
625 2234 640 2252 e
653 2225 761 2252 militari
776 2225 953 2257 tabernaculo,
969 2226 1017 2252 sed

226 2269 256 2291 ut
277 2273 291 2290 e
309 2264 493 2299 Theophrasti,
517 2263 665 2290 doctissimi
688 2262 814 2294 hominis,
838 2262 1014 2289 umbraculis.

227 2304 267 2328 38.
282 2302 330 2328 Hic
348 2302 451 2336 primus
469 2299 572 2327 inflexit
589 2301 732 2327 orationem
746 2304 772 2326 et
785 2308 843 2326 eam
857 2299 964 2326 mollem
979 2305 1018 2326 te-

227 2347 371 2374 neramque
389 2338 512 2369 reddidit,
533 2342 559 2364 et
575 2338 676 2368 suavis,
696 2337 766 2363 sicut
785 2336 844 2368 fuit.
861 2337 946 2363 videri
959 2345 1017 2363 ma-

228 2376 285 2407 luit,
301 2383 381 2411 quam
395 2376 498 2411 gravis:
519 2375 566 2401 sed
579 2374 710 2401 suavitate
724 2383 762 2405 ea,
778 2382 832 2409 qua
846 2373 1017 2409 perfunderet

227 2413 337 2444 animos,
354 2421 405 2439 non
419 2421 472 2448 qua
486 2411 676 2448 perfringeret:
701 2415 803 2438 tantum
819 2416 848 2437 ut
861 2412 1016 2438 memoriam

227 2450 409 2476 concinnitatis
431 2458 503 2481 suae,
528 2458 593 2480 non,
617 2448 844 2484 quemadmodum
866 2448 900 2474 de
916 2448 1017 2475 Pericle

227 2487 334 2521 scripsit
350 2487 470 2521 Eupolis.
489 2495 552 2513 cum
569 2486 742 2512 delectatione
759 2485 865 2512 aculeos
883 2485 962 2511 etiam
974 2494 1016 2512 ie—

229 2523 359 2558 linqueret
371 2524 398 2550 in
413 2524 509 2550 animis
522 2532 624 2555 eorum,
640 2532 654 2549 a
667 2523 768 2558 quibus
781 2526 853 2548 esset
865 2522 983 2549 auditus.

282 2560 316 2586 X.
331 2561 371 2586 39.
390 2561 502 2587 Videsne
520 2561 610 2596 igitur.
630 2560 658 2586 in
676 2568 705 2586 ea
719 2560 778 2594 ipsa
791 2559 866 2590 urbe.
883 2560 910 2585 in
924 2567 977 2594 qua
991 2564 1016 2586 et

228 2601 286 2623 nata
304 2601 329 2623 et
347 2596 397 2623 alta
415 2597 449 2623 sit
462 2597 621 2632 eloquentia,
637 2605 719 2632 quam
732 2605 762 2622 ea
776 2604 835 2622 sero
848 2596 975 2630 prodierit
987 2597 1016 2622 iu

228 2633 333 2660 lucem‘?
369 2634 508 2669 Siquidem
526 2639 586 2660 ante
600 2634 705 2660 Solonis
723 2637 834 2659 aetatem
847 2636 873 2659 et
885 2633 1015 2659 Pisistrati

227 2671 260 2697 de
282 2670 356 2697 nullo
378 2675 408 2697 ut
430 2671 528 2697 ‹liserto
549 2671 691 2697 memoriae
709 2670 844 2705 proditum
858 2674 906 2695 est.
940 2672 974 2696 At
987 2670 1016 2696 hi

1044 2562 1045 2610 l

1043 2615 1045 2663 1

1070 258 1202 283 niensium
1227 256 1332 282 saccula
1355 262 1536 287 numeruntur.
1560 257 1739 284 udde-nentes
1760 258 1857 285 debent

1071 294 1164 320 videri.
1200 294 1264 319 Nam
1283 294 1332 319 etsi
1351 294 1444 320 Servio
1458 294 1545 320 Tullio
1564 300 1689 328 regnante
1703 296 1855 330 viguerunt.

1070 337 1156 357 tamen
1181 331 1266 357 multo
1287 330 1390 356 diutius
1412 331 1528 357 Athenae
1550 332 1603 358 inin
1621 337 1703 361 erant.
1723 341 1804 367 quain
1818 338 1858 358 eet

1071 369 1149 394 ltumn
1173 368 1204 393 ad
1225 367 1382 394 hodiernum
1400 368 1485 394 diem:
1509 377 1555 394 nec
1573 374 1659 395 tamen
1673 369 1776 399 dubito.
1791 370 1857 404 quin

1071 405 1191 431 habuc-rit
1207 405 1259 430 vini
1275 413 1397 437 magnam
1411 414 1516 439 semper
1525 407 1615 432 oratio.
1633 407 1672 432 40.
1686 407 1777 441 Neque
1786 407 1857 433 enim

1070 443 1120 468 iam
1145 442 1244 468 Troicis
1267 442 1431 475 temporibus
1454 447 1555 468 tantum
1584 443 1670 469 laudis
1697 444 1723 469 in
1745 443 1858 469 dicendo

1045 482 1047 487 ’
1070 479 1139 505 Ulixi
1155 479 1292 505 tribuisset
1307 479 1434 504 llorncrus
1447 484 1473 505 et
1488 480 1598 510 Nestori.
1617 488 1731 515 quorum
1745 480 1858 507 alterum

1071 517 1123 542 vim
1140 517 1236 542 habere
1251 515 1342 545 voluit.
1358 515 1470 542 alterum
1485 517 1652 547 suavitatem.
1668 518 1719 543 nisi
1734 518 1786 544 iarn
1801 523 1858 544 tum

1069 558 1139 579 esset
1162 553 1245 579 honos
1266 553 1446 588 eloquentiae.
1474 562 1561 588 neque
1579 554 1637 588 ipse
1655 559 1729 588 pocta
1748 554 1791 581 bic
1805 560 1857 581 um

1070 590 1139 617 idem
1153 596 1262 617 ornatus
1276 591 1302 616 in
1313 590 1426 616 dicendo
1435 599 1464 616 ac
1476 590 1553 625 plane
1563 595 1648 617 orator
1658 590 1761 617 fuisset.
1773 591 1859 618 Cuius

1069 629 1117 654 etsi
1140 628 1238 654 incerta
1257 633 1319 654 sunt
1343 633 1468 662 tempora,
1493 633 1580 654 tamen
1602 628 1679 654 annis
1697 628 1790 654 multis
1807 628 1859 655 fnit

1069 669 1128 691 ante
1147 665 1304 691 Romulum:
1331 664 1465 700 siquidem
1481 674 1532 691 non
1547 664 1614 691 infra
1627 666 1792 700 superiorem
1806 666 1859 701 Ly-

1068 711 1183 735 curgum
1203 701 1261 733 fuit.
1282 711 1295 727 a
1314 711 1368 737 quo
1381 707 1421 728 oet
1433 702 1576 737 disciplina
1591 702 1857 729 Lacedaemoniorum

1069 740 1172 766 astricta
1192 739 1306 775 legibus.
1341 741 1382 766 tt.
1402 739 1454 766 Sed
1472 739 1593 766 studium
1612 740 1670 766 eius
1683 741 1788 775 generis
1802 748 1858 766 ma·

1069 777 1161 811 iorque
1184 777 1225 803 vis
1247 777 1400 813 agnoscitur
1422 777 1447 803 in
1470 777 1616 803 Pisistrato.
1650 777 1768 812 Denique
1787 776 1859 804 hunc

1070 814 1192 848 proximo
1217 813 1323 840 saeculo
1349 813 1559 840 Themisthocles
1585 815 1723 840 insecutus
1747 819 1801 845 est.
1829 819 1859 840 ut

1069 851 1139 885 apud
1154 859 1210 880 nos.
1227 851 1411 886 perantiquus.
1429 856 1458 877 ut
1471 851 1542 886 apud
1557 851 1741 881 Athenienses.
1757 860 1809 878 non
1823 852 1858 878 ita

1069 896 1132 914 sane
1150 893 1236 914 vetus.
1271 888 1333 914 Fuit
1346 889 1416 914 enim
1431 893 1556 922 regnante
1570 889 1622 915 iam
1636 888 1754 919 Graecia.
1771 893 1858 915 nostra

1069 930 1156 951 autem
1171 925 1276 951 civitate
1295 933 1346 951 non
1361 926 1395 951 ita
1411 925 1512 960 pridem
1526 925 1662 952 dominatu
1677 926 1750 961 regio
1763 925 1859 952 libera-

1069 967 1103 988 ta.
1138 962 1204 988 Nam
1224 961 1324 988 bellum
1344 962 1498 988 Volscorum
1517 962 1584 988 illud
1598 963 1799 998 gravissimum.
1813 963 1858 989 cui

1038 1003 1039 1007 ’
1069 999 1224 1026 Coriolanus
1242 999 1319 1025 exsul
1339 999 1466 1030 interfuit,
1486 1000 1578 1025 eodem
1598 999 1651 1025 fere
1664 1004 1790 1034 tempore.
1805 1008 1860 1035 quo

1071 1037 1209 1063 Persarum
1229 1036 1339 1067 bellum.
1360 1036 1420 1067 fuit.
1440 1037 1592 1071 similisque
1610 1037 1713 1063 fortuna
1727 1036 1858 1064 clarorum

1070 1075 1203 1106 virorum,
1238 1074 1279 1100 42.
1298 1073 1433 1108 siquidem
1453 1079 1574 1108 uterque.
1594 1083 1680 1108 quum
1697 1074 1766 1100 civis
1783 1082 1859 1110 egre-

1068 1112 1130 1147 gius
1149 1111 1252 1141 fuisset.
1274 1111 1366 1145 populi
1381 1111 1476 1146 ingrati
1491 1111 1587 1146 pulsus
1601 1111 1707 1142 iniuria.
1723 1120 1752 1137 se
1764 1111 1797 1138 ad
1812 1111 1859 1138 ho—

1069 1153 1123 1174 stes
1144 1147 1257 1174 contulit
1274 1153 1452 1183 conatumque
1470 1148 1622 1174 iracundiae
1639 1157 1703 1174 suae
1721 1153 1804 1175 morte
1817 1157 1859 1175 se-

1069 1186 1151 1212 davit.
1186 1186 1252 1211 Nam
1275 1186 1323 1212 etsi
1338 1185 1413 1211 aliter
1425 1190 1466 1211 est
1479 1185 1551 1220 apud
1565 1190 1598 1216 te.
1614 1185 1707 1216 Attice,
1722 1185 1756 1212 de
1769 1185 1859 1212 Corio-

1071 1223 1138 1253 lano,
1161 1222 1276 1249 concede
1298 1227 1394 1253 tamen.
1418 1227 1448 1249 ut
1471 1222 1534 1249 huic
1554 1223 1644 1258 generi
1663 1223 1756 1249 mortis
1770 1223 1859 1258 potius

1069 1261 1207 1286 assentiar.
1239 1260 1286 1286 XI.
1302 1260 1334 1286 At
1345 1259 1389 1286 ille
1403 1260 1502 1290 ridens.
1519 1260 1576 1286 Tuo
1589 1268 1660 1289 vero.
1675 1261 1772 1294 inquit.
1788 1260 1859 1286 arbi-

1069 1302 1151 1329 tratu;
1181 1297 1308 1332 quoniam
1331 1296 1441 1331 quidem
1467 1305 1624 1323 concessum
1647 1301 1687 1323 est
1708 1297 1859 1323 rhetoribus

1068 1334 1190 1360 ementiri
1208 1335 1236 1360 in
1255 1334 1382 1365 historiis,
1403 1338 1433 1360 ut
1446 1333 1548 1369 aliquid
1562 1333 1650 1360 dicere
1664 1334 1767 1369 possint

1069 1372 1132 1398 tius.
1163 1371 1196 1397 Ut
1217 1372 1289 1397 enim
1308 1375 1336 1397 tu
1355 1379 1427 1397 nunc
1439 1371 1472 1397 de
1485 1370 1632 1402 Coriolano.
1648 1372 1687 1397 sic
1698 1371 1857 1398 Clitarchus.

1068 1410 1107 1435 sic
1121 1407 1262 1434 Stratocles
1275 1408 1308 1434 de
1322 1408 1499 1434 Themistocle
1512 1408 1598 1435 finxit.
1629 1409 1670 1435 43.
1685 1408 1761 1438 Nam,
1776 1416 1857 1444 quem

1069 1445 1248 1481 Thucydides,
1271 1446 1319 1480 qui
1338 1449 1364 1472 et
1380 1445 1551 1472 Atheniensis
1567 1449 1623 1472 erat
1640 1450 1666 1472 et
1682 1454 1790 1472 summo
1803 1445 1860 1472 loco

1045 1481 1046 1486 ¹
1069 1488 1147 1509 natus
1161 1490 1340 1517 summusque
1353 1483 1396 1509 vir
1407 1487 1434 1508 et
1446 1482 1538 1517 paullo
1550 1487 1633 1509 aetate
1647 1483 1784 1517 posterior.
1801 1487 1860 1509 tnn-

1069 1525 1127 1546 tum
1148 1524 1284 1546 mortuum
1306 1520 1414 1554 scripsit
1434 1524 1460 1546 et
1475 1520 1504 1546 in
1521 1520 1607 1546 Attica
1623 1519 1692 1546 clam
1706 1520 1856 1550 humatum.

1068 1556 1171 1583 addidit
1189 1555 1273 1583 ruisse
1295 1557 1476 1591 susp-'cionem
1497 1565 1601 1583 veneno
1622 1557 1675 1584 sibi
1696 1557 1859 1584 conscivisse

1068 1599 1192 1620 mortem:
1220 1593 1291 1620 hunc
1308 1594 1353 1620 isti
1369 1594 1454 1625 aiunt,
1473 1602 1560 1629 quum
1574 1598 1679 1620 taurum
1693 1593 1859 1621 immolavis-

1067 1635 1115 1662 set.
1136 1631 1273 1665 excepisse
1290 1638 1320 1657 sa
1378 1630 1449 1657 inern
1466 1635 1568 1666 patera.
1587 1635 1613 1657 et
1630 1639 1662 1658 eo
1679 1635 1741 1665 poto
1758 1636 1844 1658 mortu

1069 1676 1114 1694 um
1131 1667 1289 1694 concidisse.
1345 1676 1394 1694 anc
1411 1669 1483 1694 enim
1502 1672 1614 1694 mortem
1627 1668 1755 1694 rhetorice
1768 1673 1795 1694 et
1807 1673 1845 1695 tra

1067 1706 1125 1741 gice
1147 1713 1240 1731 ornare
1262 1708 1419 1739 potuerunt3
1452 1704 1498 1731 illa
1520 1713 1591 1732 mom
1614 1705 1734 1741 vulgaris
1757 1705 1856 1732 nullan·

1068 1742 1211 1777 praebebat
1233 1742 1369 1768 materiem
1391 1741 1425 1768 ad
1446 1747 1579 1769 ornatum.
1611 1741 1712 1774 Quare.
1731 1743 1858 1777 quoniam

1068 1779 1116 1805 tibi
1130 1780 1166 1805 ita
1179 1778 1301 1814 quadrat.
1317 1779 1405 1806 omnia
1420 1778 1505 1806 fuisse
1517 1779 1545 1806 in
1559 1779 1736 1806 Themistocle
1746 1779 1820 1814 paria
1831 1783 1858 1806 et

1068 1816 1213 1847 Coriolano,
1233 1820 1350 1850 pateram
1368 1824 1476 1852 quoque
1493 1825 1508 1842 a
1525 1825 1569 1843 me
1581 1825 1673 1843 sumas
1686 1816 1761 1843 licet:
1783 1824 1860 1851 prae-

1068 1853 1136 1880 bebo
1149 1854 1228 1880 etiam
1244 1853 1365 1884 hostiam,
1374 1858 1403 1880 ut
1416 1853 1571 1880 Coriolanus
1584 1854 1620 1880 sit
1631 1853 1710 1889 plane
1719 1853 1859 1880 alter'l'he*

1068 1890 1213 1917 mistocles.
1248 1891 1290 1917 Η.
1309 1890 1350 1917 Sit
1366 1899 1439 1922 sane.
1459 1891 1578 1925 iuquam.
1599 1895 1629 1917 ut
1646 1890 1729 1921 lubet.
1745 1890 1779 1917 de
1791 1891 1857 1922 istm

1068 1933 1093 1954 et
1106 1936 1157 1963 ego
1169 1928 1275 1954 cautius
1289 1927 1398 1962 posthac
1412 1927 1550 1954 historiam
1563 1928 1699 1963 attingam,
1712 1932 1737 1954 te
1746 1927 1860 1954 audien-

1069 1970 1106 1998 te3
1132 1973 1214 2000 quem
1232 1972 1322 1991 rerum
1335 1965 1514 1991 Romanarum
1527 1969 1661 1991 auctorem
1676 1964 1783 1991 laudare
1797 1973 1860 1999 pos—

1068 2011 1130 2029 sum
1151 2001 1397 2037 religiosissimum.
1431 2001 1485 2028 Sed
1502 2006 1559 2028 tum
1577 2001 1632 2028 fere
1645 2001 1769 2033 Pericles,
1784 2002 1859 2028 Xan-

1069 2039 1155 2074 thippi
1165 2038 1247 2070 filius.
1255 2038 1289 2065 de
1297 2047 1352 2074 quo
1360 2043 1420 2065 ante
1433 2038 1499 2070 dixi,
1515 2039 1620 2074 primus
1628 2038 1753 2066 adhibuit
1761 2038 1860 2066 doctri-

1069 2085 1143 2109 nam;
1158 2084 1228 2111 quae
1241 2084 1405 2111 quamquam
1420 2081 1477 2102 tum
1491 2075 1565 2102 nulla
1578 2080 1634 2102 erat
1641 2075 1757 2107 dicendi,
1770 2080 1858 2103 tamen

1067 2114 1101 2140 ab
1114 2114 1269 2148 Anaxagora
1283 2113 1395 2149 physico
1405 2113 1526 2139 eruditus
1537 2113 1752 2140 exercitationem
1761 2114 1858 2140 mentis

1067 2159 1082 2177 a
1101 2150 1244 2177 reconditis
1262 2150 1448 2185 abstrusisque
1469 2150 1550 2177 rebus
1568 2150 1602 2176 ad
1618 2158 1727 2177 caussas
1740 2149 1859 2177 forenses

1068 2187 1264 2223 popularesque
1279 2187 1355 2214 facile
1369 2187 1530 2214 traduxerat.
1561 2187 1648 2214 Huius
1660 2187 1792 2214 suavitate
1802 2195 1859 2214 ma-

1067 2226 1140 2252 xime
1153 2224 1280 2251 hilaratae
1292 2229 1356 2251 sunt
1369 2224 1501 2251 Athenae:
1524 2223 1605 2251 buius
1619 2224 1765 2251 ubertatem
1778 2229 1860 2251 etco-

1068 2263 1139 2297 piam
1162 2261 1315 2293 admiratae,
1331 2261 1453 2288 eiusdem
1474 2262 1530 2288 vim
1550 2261 1656 2288 dicendi
1679 2265 1858 2296 terroremque

1068 2299 1224 2326 timuerunt.
1257 2298 1317 2325 XII.
1338 2300 1379 2325 45.
1398 2299 1468 2325 Haec
1484 2299 1568 2334 igitur
1583 2302 1656 2324 aetas
1673 2298 1759 2332 prima
1775 2298 1859 2325 Athe-

1068 2336 1109 2363 nis
1131 2340 1261 2362 oratorem
1283 2344 1365 2371 prope
1386 2336 1535 2371 perfectum
1556 2334 1627 2362 tulit.
1660 2335 1715 2361 Nec
1735 2335 1808 2362 enim
1829 2335 1858 2362 in

1067 2373 1292 2400 constituentibus
1310 2372 1504 2408 rempublicam
1517 2380 1566 2398 nec-
1578 2372 1606 2398 in
1620 2371 1690 2398 bella
1702 2372 1859 2408 gerentibus

1068 2419 1116 2437 nec
1141 2411 1170 2436 in
1196 2410 1333 2444 impeditis
1359 2418 1389 2436 ae
1526 2409 1705 2436 dominatione
1726 2409 1858 2436 devinctis

1067 2447 1140 2474 nasci
1153 2447 1287 2482 cupiditas
1300 2447 1407 2474 dicendi
1419 2446 1494 2473 solet.
1515 2446 1591 2472 Pacis
1604 2451 1645 2472 est
1655 2454 1745 2472 comes
1757 2446 1858 2481 otiique

1066 2484 1138 2511 socia
1155 2489 1181 2510 et
1197 2485 1250 2510 iam
1268 2484 1336 2510 bene
1351 2483 1509 2510 constitutae
1526 2483 1641 2509 civitatis
1658 2484 1738 2518 quasi
1749 2483 1857 2510 alumna

1066 2521 1197 2556 quaedam
1211 2521 1372 2556 eloquentia.
1395 2521 1435 2547 46.
1450 2521 1542 2555 Itaque
1552 2520 1588 2546 ait
1595 2519 1759 2551 Aristoteles.
1771 2528 1856 2555 quum

1066 2558 1180 2585 sublatis
1196 2559 1226 2584 in
1244 2558 1335 2585 Sicilia
1352 2558 1472 2593 tyrannis
1490 2565 1532 2583 res
1549 2557 1667 2592 privatae
1684 2556 1764 2592 longo
1775 2557 1854 2583 inter-

1067 2595 1137 2622 vallo
1155 2595 1264 2621 iudiciis
1281 2598 1472 2629 repeterentur,
1489 2598 1546 2620 tum
1559 2594 1686 2628 primum,
1701 2593 1775 2629 quod
1787 2598 1858 2620 esset

1066 2637 1143 2658 acuta
1159 2631 1206 2658 illa
1223 2640 1290 2667 gens
1306 2636 1332 2658 et
1349 2635 1517 2657 controversa
1529 2635 1632 2662 natura.
1646 2635 1730 2658 artem
1742 2635 1770 2658 et
1780 2639 1858 2666 prae-

1036 2667 1045 2696 .l
1065 2673 1141 2704 cepta
1159 2668 1264 2695 Siculos
1282 2668 1406 2695 Coracem
1424 2672 1449 2694 et
1462 2668 1562 2694 Tisiam
1575 2668 1780 2703 conscripsisse:
1795 2676 1856 2694 nam
