1941 3052
494 130 782 166 DEOFFICHS
809 131 1097 159 LIB.111.CAP.
1131 135 1278 160 ⁴8—23.

69 206 125 235 lud,
141 205 209 238 quod
221 204 284 230 utile
297 204 410 233 videtur,
426 207 499 236 turpe
511 212 542 229 ne
555 205 588 229 sit
594 213 602 235 ,·
623 208 680 233 aut,
700 205 723 229 si
735 207 807 236 turpe
817 208 860 233 est,

67 251 98 268 ne
113 244 230 268 videatur
239 249 290 266 esse
303 242 371 266 utile.
411 239 482 272 Quid
494 240 594 276 igitur?
627 249 806 275 possumusne
818 244 863 266 aut

68 278 146 305 illum
158 278 271 304 Marium
283 278 373 303 virum
384 276 485 303 bonum
497 277 630 309 iudicare,
643 282 688 304 aut
699 277 788 304 huno‘?
806 278 863 304 Ex-

67 315 139 351 plica
158 319 238 350 atque
257 319 353 341 excute
373 314 578 350 intelligentiam
598 319 686 345 tuam,
709 320 738 341 ut
758 314 860 345 videas,

68 361 137 388 quae
153 353 188 379 sit
203 353 230 379 in
247 361 276 378 ea
294 352 408 387 species,
421 351 505 378 forma
516 356 542 378 et
552 353 622 378 notio
636 353 688 378 viri
700 352 772 378 boni.
813 352 863 379 Ca-

69 390 109 417 dit
131 398 194 426 ergo
214 390 242 416 in
263 390 353 416 virum
373 389 474 415 bonum
496 390 603 415 mentiri
624 389 798 416 emolumenti
819 390 862 415 sui

68 436 173 459 caussa,
187 427 334 458 criminari,
348 427 511 461 praeripere,
525 425 635 452 saltere?
660 426 733 452 Nihil
746 427 862 461 profecto

68 465 170 491 minus.
210 466 251 491 82.
276 465 324 490 Est
346 472 408 500 ergo
423 463 478 490 ulla
494 472 535 489 res
551 464 616 490 tanti
633 468 678 490 aut
691 464 861 490 commodum

67 502 155 529 ullum
176 505 228 528 tam
246 501 440 536 expetendum,
461 505 491 527 ut
505 501 557 527 viri
573 501 636 527 boni
652 505 678 527 et
692 501 861 535 splendorem

68 544 94 566 et
113 547 211 566 nomen
232 538 356 565 amittas?
383 538 454 570 Quid
470 542 523 569 est,
543 537 616 572 quod
641 538 734 564 afferre
759 543 861 565 tantum

67 576 169 604 utilitas
190 577 249 607 ista.
271 584 340 611 quae
355 576 467 606 dicitur,
485 576 582 610 possit,
600 580 730 610 quantum
747 576 860 606 auferre,

67 614 92 641 si
107 614 171 641 boni
187 614 239 640 viri
256 622 352 640 nomen
364 613 506 648 eripuerit,
525 612 605 638 fidem
618 613 803 648 iustitiamque
815 613 863 639 de-
884 611 885 614 ’

66 650 194 678 traxerit‘?
223 651 295 683 Quid
318 651 390 677 enim
409 652 531 681 interest,
554 655 643 676 utrum
661 658 693 678 ex
711 650 818 676 homine
834 659 862 676 se
884 674 885 682 ,

66 689 276 723 convertatquis
287 689 315 714 in
329 688 458 718 belluam,
471 696 503 713 an
515 687 667 713 inliominis
675 687 863 723 liguraimma-
884 709 891 726 ,ἵ

66 727 178 753 nitatem
197 730 272 762 gerat
294 725 418 752 belluae‘?
456 725 529 751 xxi.
550 724 638 756 Quid‘?
652 725 699 759 qui
715 725 804 751 omnia
821 733 863 751 re-

67 768 108 790 cta
129 767 154 790 et
173 763 284 789 honesta
300 763 455 798 negligunt,
473 761 620 788 dnmmodo
637 763 782 796 potentiam
799 771 863 788 con—

67 805 228 836 sequantur,
250 809 337 827 nonne
358 800 430 826 idem
447 799 561 830 faciunt,
579 799 700 834 quadis,
719 800 766 834 qui
782 800 862 826 etiam

67 846 190 865 socerum
206 837 305 864 habere
320 837 407 864 voluit
421 846 497 868 eum,
519 838 597 863 cuius
614 837 671 871 ipse
687 836 798 862 audacia
815 846 863 871 po-

66 880 126 902 tens
143 875 231 902 esset?
250 874 320 902 Utile
334 876 359 901 ei
378 874 533 905 videbatur,
547 874 695 909 plurimum
707 882 785 909 posse
797 874 863 900 alte-

67 913 124 939 rius
136 912 249 939 invidia.
276 912 305 938 Id
316 921 397 947 quam
410 913 541 938 iniustum
553 912 579 937 in
592 912 714 946 patriam,
727 920 809 946 quam
821 912 863 938 in-

66 949 142 980 utile,
165 958 247 985 quam
265 954 342 984 turpe
363 954 446 980 esset,
471 958 523 976 non
540 949 659 975 videbat.
699 950 758 983 Ipse
774 954 862 975 autem

67 995 142 1014 socer
157 988 185 1013 in
203 995 247 1014 ore
265 995 373 1022 semper
388 987 502 1013 Graecos
515 995 609 1013 versus
620 989 650 1012 cte
664 986 805 1012 Phoenissis
816 986 863 1012 ha-

66 1024 160 1056 bebat,
178 1033 246 1059 quos
262 1024 351 1050 dicam
366 1029 396 1051 ut
406 1029 509 1059 potero,
527 1023 662 1050 incondite
674 1023 798 1056 fortasse,
816 1024 863 1050 sed

66 1066 165 1093 tamen,
176 1066 205 1088 ut
215 1070 257 1088 res
268 1062 354 1097 possit
364 1062 495 1097 intelligi:

123 1100 190 1126 Nam
203 1101 228 1126 si
239 1101 387 1126 violandum
398 1104 434 1125 est
447 1102 496 1128 iiis,
511 1101 637 1132 requandi
649 1101 739 1132 yrdtia

121 1138 270 1163 violandum
286 1141 335 1163 est:
366 1138 427 1162 aliis
442 1138 516 1162 rebus
533 1138 651 1169 pietatem
662 1138 738 1161 colas.

65 1173 194 1208 Capitalis
205 1173 334 1205 Eteocles,
351 1173 392 1199 vel
405 1174 494 1208 potius
505 1173 657 1208 Euripides,
671 1172 756 1208 quiid
766 1181 861 1205 unum,

66 1211 139 1246 quod
153 1211 275 1237 omnium
286 1210 525 1237 sceleratissimum
538 1210 626 1241 fuerit,
640 1211 787 1245 exceperit!
819 1213 860 1237 83.

65 1248 137 1280 Quid
155 1249 237 1283 igitur
251 1249 352 1274 minuta
365 1248 532 1283 colligimus,
546 1248 715 1278 hereditates.
729 1253 863 1275 mercatu—

65 1294 122 1316 ras,
140 1285 309 1312 venditiones
324 1285 527 1312 fraudulentas?
546 1286 613 1312 Ecce
625 1286 684 1314 tibi,
698 1286 745 1320 qui
758 1294 804 1312 rex
814 1294 863 1320 po-

65 1322 125 1358 puli
140 1323 251 1349 Romani
267 1323 448 1358 dominusque
463 1323 584 1349 omnium
596 1324 716 1359 gentium
729 1331 788 1348 esse
799 1331 863 1349 con-

65 1360 200 1395 cupiverit
215 1360 297 1395 idque
312 1360 465 1395 perfeceritl
498 1361 570 1386 Hanc
585 1360 759 1395 cupiditatem
775 1361 798 1386 si
815 1361 863 1387 ho-

65 1401 169 1424 nestam
185 1397 247 1432 quis
263 1406 321 1424 esse
336 1397 416 1429 dicit,
429 1406 522 1424 amens
539 1402 588 1424 est.
629 1398 725 1424 Probat
739 1398 811 1424 enim
825 1397 863 1424 le-

65 1443 132 1471 gum
148 1438 174 1461 et
189 1435 319 1461 libertatis
331 1436 484 1466 interitum,
501 1444 648 1470 earumque
659 1436 861 1470 oppressionem

66 1476 176 1499 taetram
193 1476 222 1499 et
242 1472 428 1499 detestabilem
452 1472 596 1509 gloriosam
617 1477 701 1507 putat.
742 1472 793 1505 Qui
814 1481 862 1499 au-

65 1514 119 1536 tem
136 1508 244 1540 fatetur,
262 1509 406 1536 honestum
423 1519 475 1536 non
491 1519 550 1537 esse
567 1511 593 1537 in
609 1519 639 1536 ea
650 1511 772 1540 civitate,
790 1519 860 1545 quae

65 1546 149 1573 libera
161 1546 212 1573 fuit
222 1555 345 1582 quaeque
356 1556 416 1574 esse
427 1547 535 1579 debeat,
554 1556 677 1583 regnare,
695 1547 742 1573 sed
758 1548 796 1578 ei,
813 1548 860 1582 qni

64 1584 93 1610 id
109 1583 195 1610 facere
211 1585 309 1619 possit,
332 1593 391 1611 esse
406 1584 486 1612 utile:
508 1593 561 1620 qua
578 1585 649 1611 hunc
664 1585 859 1620 obiurgatione,

65 1625 112 1648 aut
131 1629 186 1656 quo
204 1622 294 1656 potius
310 1623 432 1649 convicio
447 1631 461 1648 a
477 1627 549 1649 tanto
564 1631 651 1649 errore
667 1630 747 1648 coner
761 1622 862 1648 avelle·
882 1637 884 1643 ·

65 1657 111 1685 re‘?
130 1659 218 1685 Potest
229 1660 311 1691 enim,
328 1659 555 1686 diiimmortalesl
584 1660 711 1694 cuiquam
726 1668 784 1686 esse
796 1659 860 1686 utile

65 1695 253 1723 foedissimum
284 1701 310 1723 et
334 1698 515 1723 taeterrimum
545 1697 718 1732 parricidium
745 1698 858 1732 patriae:

64 1734 190 1768 quamvis
203 1734 239 1765 is,
256 1735 344 1769 quise
355 1742 386 1761 eo
399 1735 586 1766 obstrinxerit,
602 1735 635 1761 ab
645 1735 782 1769 oppressis
793 1735 862 1761 eivi-

65 1770 116 1797 bus
143 1780 238 1804 parens
262 1771 432 1798 nominetur?
465 1773 601 1798 Honestate
624 1773 707 1807 igitur
727 1774 861 1804 ‹tsriqencm

65 1810 165 1834 utilitas
183 1813 231 1839 est,
252 1813 278 1835 et
292 1809 404 1844 quidem
421 1810 473 1840 sic,
494 1814 524 1836 ut
539 1809 604 1835 haec
614 1809 681 1840 duo,
700 1809 781 1835 verbo
794 1811 862 1835 inter

65 1853 94 1872 se
117 1845 284 1880 discrepare,
301 1854 329 1872 re
345 1855 430 1873 unum
447 1855 540 1873 sonare
552 1846 704 1873 videantur.
745 1848 786 1873 84.
803 1847 859 1873 Non

64 1882 165 1914 habeo,
198 1882 231 1909 ad
252 1882 329 1918 vulgi
358 1884 512 1918 opinionem
538 1892 607 1919 quae
635 1884 719 1910 maior
746 1883 858 1915 utilitas,

64 1927 146 1955 quam
172 1919 302 1955 regnandi
322 1928 380 1946 esse
403 1921 500 1955 possit;
533 1921 601 1947 nihil
621 1926 711 1947 contra
736 1921 859 1948 inutilius

64 1994 98 2021 ad
113 1995 251 2020 veritatem
267 1995 343 2029 coepi
360 2003 483 2021 revocare
499 1995 637 2021 rationem.
664 1996 777 2021 Possunt
787 1996 859 2021 enim

64 2031 192 2066 cuiquam
212 2040 272 2058 esse
293 2032 372 2058 utiles
388 2040 513 2067 angores,
535 2031 746 2063 sollicitudines,
768 2032 860 2058 diurni

65 2072 92 2095 et
111 2069 234 2095 nocturni
254 2073 355 2100 metus,
374 2070 427 2096 vita
443 2069 602 2095 insidiarum
624 2068 860 2104 periculorumque

64 2105 242 2141 plenissima?

120 2144 198 2170 Μιλὶιι·
212 2146 296 2178 iniqui
309 2148 386 2178 atque
403 2145 516 2178 infideles
525 2146 614 2177 re'yno,
628 2145 708 2176 pauci
720 2146 778 2169 sitne
793 2145 858 2172 bont,

65 2181 155 2215 inquit
175 2180 284 2207 Accius.
324 2181 358 2208 At
380 2181 424 2207 cni
446 2179 544 2215 regno?
573 2180 649 2213 Quod
669 2189 683 2207 a
706 2180 815 2206 Tantalo
835 2185 860 2207 et

64 2217 160 2252 Pelope
176 2218 312 2252 proditum
323 2219 381 2245 iure
392 2218 569 2245 obtinebatur.
610 2219 675 2244 Nam
685 2223 786 2252 quanto
798 2217 843 2252 plu
852 2233 859 2237 -

64 2263 106 2281 res
122 2255 147 2281 ei
163 2255 219 2290 regi
235 2260 326 2290 putas,
343 2256 391 2290 qui
407 2256 525 2282 exercitu
542 2255 633 2290 populi
651 2255 760 2281 Romani
773 2263 859 2290 popu-

65 2291 121 2319 lum
137 2293 227 2327 ipsum
244 2293 392 2319 Romanum
409 2293 588 2327 oppressisset
603 2293 793 2327 civitatemque
806 2301 857 2318 non

64 2329 143 2356 modo
160 2329 285 2360 liberam,
308 2329 355 2356 sed
372 2331 451 2356 etiam
467 2330 594 2365 gentibus
610 2330 785 2364 imperantem
801 2338 859 2355 ser-

64 2367 121 2393 vire
132 2367 185 2393 sibi
201 2366 350 2403 coegisset?
371 2369 410 2393 85.
424 2368 499 2393 Hunc
511 2371 538 2393 tu
552 2375 619 2401 quas
630 2367 808 2393 conscientiae
821 2367 858 2392 ln-

63 2403 112 2430 hes
127 2405 154 2431 in
171 2405 260 2431 animo
274 2412 368 2431 censes
381 2404 521 2430 habuisse!
543 2412 612 2439 quae
624 2403 750 2430 vulnera!
773 2405 857 2430 Cuius

64 2445 152 2468 autem
169 2442 222 2468 vita
239 2443 291 2477 ipsi
308 2446 393 2476 potest
404 2441 479 2468 utilis
490 2449 562 2471 esse,
575 2449 660 2476 quum
673 2442 732 2467 eins
744 2441 813 2467 vitae
827 2449 856 2467 ea

63 2478 181 2506 conditio
190 2479 234 2511 sit,
247 2484 285 2511 ut,
298 2480 345 2514 qui
358 2479 430 2505 illum
442 2479 578 2513 eripuerit,
593 2479 619 2504 in
633 2479 748 2504 maxima
760 2483 785 2505 et
795 2487 857 2513 grn-

64 2516 99 2542 tia
120 2515 227 2543 futurus
248 2517 292 2548 sit,
318 2516 457 2552 etgloriu?
481 2515 557 2548 Quod
577 2516 600 2541 si
622 2516 685 2542 lineo
707 2515 782 2542 utilia
804 2524 856 2542 non

62 2557 134 2584 sunt,
147 2561 216 2588 quae
228 2555 345 2581 maxime
357 2554 490 2582 videntur,
503 2553 565 2588 qnia
578 2552 655 2587 plena
669 2558 732 2579 sunt
743 2553 858 2579 ‹ledeco-

62 2590 100 2616 ris
111 2598 141 2617 ac
153 2591 342 2626 turpitudinis,
377 2591 442 2617 satis
454 2598 612 2625 persuasum
623 2598 681 2616 esse
692 2590 780 2619 debet,
794 2592 858 2616 nituit

63 2636 115 2654 esse
132 2629 206 2658 unte,
226 2631 293 2662 quod
310 2637 360 2655 non
375 2630 502 2654 honestum
513 2630 556 2654 sit.
595 2627 678 2654 xxii.
701 2629 742 2653 86.
757 2628 858 2659 Quam-

63 2673 145 2699 quam
156 2664 183 2692 id
195 2665 320 2700 quidem,
334 2674 420 2701 quum
431 2674 510 2700 saepe
521 2664 600 2695 alias.
614 2670 670 2691 tum
681 2664 775 2700 Pyrrhi
787 2664 857 2691 bello

889 1804 890 1812 ¹
912 1808 1013 1834 catonis
1030 1808 1123 1834 talium
1138 1809 1342 1843 quaestionum:

83 1957 88 1962 ,
176 1957 180 1962 ,
223 1957 230 1982 l
882 1932 891 1963 ἶ*
912 1925 963 1946 tate
973 1920 1092 1946 officium
1102 1920 1196 1955 dirigit
1207 1922 1301 1956 magis,
1314 1929 1395 1956 qnam
1409 1921 1582 1947 immanitate.

64 1965 103 1988 ei,
134 1965 181 1991 qui
203 1958 221 1982 i(
254 1957 354 1983 iniuste
374 1963 534 1984 consecutus
557 1958 605 1988 sit,
628 1958 750 1989 invenio,
773 1966 859 1993 quum

1639 139 1703 164 ⁴255

913 211 927 229 a
939 203 967 230 C.
980 203 1115 235 Fabricio,
1133 204 1243 231 consule
1257 205 1367 237 iterum,
1385 210 1411 232 et
1426 215 1439 232 a
1454 211 1548 233 senatu
1560 212 1648 234 nostro
1663 210 1706 235 iu-

913 241 1031 267 dicatum
1052 246 1101 268 est.
1141 242 1230 274 Quum
1251 244 1323 269 enim
1344 252 1391 270 rex
1406 244 1525 279 Pyrrhus
1539 245 1639 279 populo
1654 246 1707 272 Ro-

914 287 991 304 mano
1012 278 1114 305 bellum
1134 279 1203 305 ultro
1219 280 1366 311 intulisset,
1387 289 1526 316 quumque
1543 281 1575 307 de
1592 283 1706 317 imperio

913 320 1046 342 certamen
1063 321 1132 342 esset
1147 325 1209 342 cum
1226 326 1287 352 rege
1304 326 1432 352 generoso
1447 327 1477 344 ac
1493 324 1611 353 potente,
1645 328 1706 354 per-

914 352 976 387 fuga
992 353 1025 379 ab
1041 361 1071 379 eo
1088 355 1160 380 venit
1176 354 1202 380 in
1218 360 1301 380 castra
1321 355 1436 382 Fabricii
1456 357 1534 390 eique
1550 362 1589 383 est
1600 357 1707 391 pollici-

914 394 970 420 tus,
995 393 1019 416 si
1031 394 1171 423 praemium
1187 393 1236 417 sibi
1250 396 1385 424 posuisset,
1405 402 1443 423 se,
1462 398 1490 419 nt
1506 396 1571 419 clam
1591 398 1705 425 venisset,

913 429 950 453 sic
970 429 1035 453 clam
1058 430 1084 453 in
1110 429 1201 461 Pyrrhi·
1224 435 1309 455 castra
1334 432 1473 456 rediturum
1493 436 1516 456 et
1539 440 1593 456 eum
1614 440 1708 457 veneno

913 469 1070 490 necaturum.
1111 465 1185 491 llunc
1201 466 1339 493 Fabricius
1355 467 1537 494 reducendum
1553 470 1658 495 curavit
1673 468 1706 494 ad

891 498 892 505 ¹
914 501 1055 536 Pyrrhum,
1069 501 1151 536 idque
1172 503 1231 529 eius
1248 503 1345 530 tactum
1363 504 1498 531 laudatum
1515 514 1528 531 a
1544 511 1637 531 senatu
1654 511 1705 532 est.

914 538 994 573 Atqui
1011 539 1033 564 si
1049 540 1166 573 speciem
1184 540 1306 567 utilitatis
1317 542 1525 577 opinionemque
1536 544 1704 577 quaerimus,

914 584 1041 611 magnum
1058 576 1125 602 illud
1142 577 1242 603 bellum
1260 578 1371 614 perfuga
1388 588 1472 609 unus,
1490 585 1515 606 et
1529 588 1638 615 gravem
1658 580 1707 606 ad-

914 614 1062 639 versarium
1081 614 1187 649 imperii
1199 616 1366 642 sustulisset:
1389 616 1436 642 sed
1448 625 1574 651 magnum
1587 617 1704 643 dedecus

914 654 939 676 et
959 650 1099 685 flagitium,
1122 653 1232 686 quicum
1255 652 1342 679 laudis
1362 659 1495 680 certamen
1512 653 1620 685 suisset,
1642 662 1705 681 eum

915 695 965 713 non
978 689 1088 718 virtute,
1107 689 1154 714 sed
1165 689 1264 716 scelere
1275 696 1440 724 superatum.
1481 692 1521 717 87.
1545 692 1637 717 Utrum
1653 692 1706 726 igi-

914 729 956 750 tur
972 725 1066 751 utilius
1082 725 1124 751 vel
1141 726 1275 758 Fabricio,
1293 729 1340 762 qui
1353 728 1412 754 talis
1424 728 1451 754 in
1464 728 1512 753 hac
1524 728 1603 758 urbe,
1616 729 1705 763 qualis

914 762 1044 788 Aristides
1063 763 1174 789 Athenis
1192 763 1254 794 fuit,
1273 764 1314 790 vel
1331 766 1434 791 senatui
1452 770 1552 794 nostro,
1566 767 1613 800 qui
1626 774 1706 792 num-

913 807 995 833 quam
1010 799 1151 826 utilitatem
1167 809 1179 826 a
1196 801 1326 836 dignitate
1341 803 1474 832 seiunxit,
1492 803 1573 828 armis
1584 811 1645 828 cum
1658 803 1706 829 bo-

913 840 952 862 ste
967 841 1079 867 certare,
1099 846 1131 863 an
1148 838 1276 864 venenis?
1302 839 1328 865 Si
1345 839 1444 874 gloriae
1455 848 1548 865 caussa
1562 840 1704 874 imperium

913 874 1092 908 expetendum
1110 880 1162 905 est,
1182 875 1271 901 scelus
1282 876 1365 906 absit,
1384 877 1410 902 in
1422 885 1475 911 quo
1487 885 1537 902 uon
1550 882 1706 911 potestesse

914 910 1012 945 gloria:
1035 912 1076 937 sin
1089 912 1163 946 ipsae
1173 921 1237 947 opes
1252 918 1414 947 expetuntur
1423 922 1533 948 quoquo
1547 914 1638 943 modo.
1653 922 1704 940 non

914 953 1039 982 poterunt
1055 949 1134 974 utiles
1150 958 1208 975 esse
1223 958 1284 976 cum
1301 950 1420 977 infamia.
1461 951 1517 977 Non
1534 952 1616 986 igitur
1632 951 1706 977 utilis

913 985 958 1011 illa
979 986 1008 1011 L.
1029 986 1157 1021 Philippi,
1183 987 1214 1018 Q.
1232 988 1272 1018 F.‚
1290 989 1434 1014 sententia:
1463 997 1527 1021 quas
1545 991 1660 1014 cii-itales
1678 989 1706 1014 L.

913 1023 987 1049 Sulla
1006 1032 1115 1056 pecunia
1138 1029 1242 1057 accepta
1265 1034 1298 1051 ea:
1319 1030 1422 1051 sentitus
1442 1027 1553 1051 consutio
1573 1027 1708 1051 liberavis-

913 1065 962 1089 set,
990 1065 1017 1086 ut
1041 1069 1084 1086 eae
1095 1070 1187 1087 rursus
1206 1064 1341 1095 vectiyales
1354 1067 1442 1091 essent,
1466 1071 1546 1095 neque
1569 1064 1607 1088 his
1628 1072 1708 1096 pecu-

913 1100 998 1128 niam,
1018 1106 1099 1132 quam
1116 1107 1164 1133 pro
1180 1098 1300 1126 libertate
1311 1099 1451 1130 dederant,
1465 1102 1635 1125 redderemus.
1676 1100 1707 1125 Ei

914 1139 1023 1161 senatus
1047 1139 1088 1161 est
1106 1144 1242 1163 assensus.
1284 1137 1373 1171 Turpe
1396 1137 1521 1171 imperio!
1559 1137 1707 1163 Piratarum

914 1173 987 1198 enim
1011 1172 1105 1198 melior
1127 1173 1203 1200 tides.
1243 1174 1277 1200 At
1294 1179 1369 1200 aucta
1386 1174 1540 1209 vectigalia:
1574 1174 1639 1200 utile
1656 1175 1708 1209 igi-

915 1214 967 1235 tur.
1007 1209 1155 1245 Quousque
1187 1211 1325 1238 audebunt
1345 1211 1433 1237 dicere
1453 1211 1604 1246 quidquam
1630 1211 1705 1241 utile,

913 1246 985 1281 quod
998 1255 1049 1273 non
1067 1247 1228 1274 honestum?
1266 1250 1307 1275 88.
1323 1249 1410 1275 Potest
1422 1254 1509 1274 autem
1523 1248 1570 1275 ulli
1583 1250 1706 1283 imperio,

890 1292 892 1300 ’
913 1284 985 1318 quod
1007 1284 1092 1320 gloria
1118 1284 1214 1311 fultum
1236 1294 1294 1311 esse
1314 1286 1394 1312 debet
1413 1291 1438 1312 et
1457 1285 1642 1312 benevolentia
1664 1294 1710 1312 so-

890 1331 892 1337 ’
913 1322 1029 1352 ciorum,
1057 1322 1122 1348 utile
1146 1331 1205 1348 esse
1229 1323 1320 1349 odium
1346 1328 1372 1350 et
1392 1322 1520 1349 infamia?
1552 1324 1607 1357 Ego
1626 1323 1707 1349 etiam

913 1367 974 1385 cum
990 1359 1088 1385 Catone
1104 1368 1162 1386 meo
1177 1369 1256 1395 saepe
1271 1361 1398 1387 dissensi.
1444 1361 1531 1386 Nimis
1548 1360 1614 1386 milii
1631 1368 1708 1394 prae-

914 1396 993 1423 fracte
1020 1396 1163 1423 videbatur
1188 1399 1320 1424 aerarium
1351 1398 1547 1433 vectigaliaque
1579 1397 1708 1423 desende-

913 1442 954 1459 re:
989 1435 1077 1460 omnia
1099 1434 1252 1468 publicanis
1273 1444 1383 1469 negare,
1405 1435 1486 1461 multa
1504 1435 1598 1461 sociis:
1621 1443 1706 1469 quum

914 1472 940 1497 in
958 1471 1005 1497 lios
1021 1471 1134 1498 bcnelici
1149 1480 1208 1498 esse
1224 1472 1397 1503 deberemus,
1419 1481 1481 1499 cum
1498 1472 1551 1498 illis
1567 1473 1606 1497 sic
1618 1480 1705 1507 agere,

913 1513 942 1534 ut
957 1517 1018 1534 cum
1035 1508 1136 1535 colonis
1153 1510 1250 1536 nostris
1265 1510 1396 1537 solemus:
1434 1518 1519 1544 eoque
1539 1510 1634 1544 magis,
1653 1517 1708 1544 quo

890 1550 891 1563 ³
913 1545 957 1572 illa
973 1546 1098 1572 ordinum
1110 1547 1262 1573 coniunctio
1277 1547 1308 1573 ad
1324 1547 1436 1573 salutem
1449 1546 1612 1581 reipublicae
1625 1547 1708 1581 perti-

913 1583 1001 1610 nebat.
1038 1584 1104 1610 Malc
1121 1585 1200 1610 ctiam
1212 1584 1301 1615 Curio,
1314 1593 1399 1620 quum
1413 1593 1529 1611 caussam
1543 1585 1708 1616 Transpada-

912 1629 1003 1646 norum
1018 1630 1125 1654 aequam
1139 1631 1191 1647 csse
1202 1622 1321 1648 dicebat:
1358 1630 1465 1657 semper
1476 1626 1564 1647 autem
1577 1621 1704 1646 addebat:

912 1659 1023 1684 »Vincat
1043 1660 1173 1684 utilitas!«
1194 1660 1284 1685 Potius
1300 1659 1412 1690 diecret,
1439 1668 1488 1685 non
1506 1667 1564 1684 esse
1582 1666 1704 1692 aequam,

912 1696 975 1730 quia
992 1705 1044 1722 non
1055 1700 1125 1722 esset
1140 1696 1214 1722 utilis
1227 1697 1404 1731 reipublicae,
1417 1705 1508 1731 qnam,
1521 1704 1606 1731 quum
1622 1697 1708 1721 utitem

912 1734 1013 1759 diceret
1024 1742 1074 1759 non
1086 1742 1154 1764 esse,
1167 1743 1273 1767 aequum
1290 1733 1423 1760 fateretur.

966 1770 1063 1797 xxm.
1085 1772 1126 1796 89.
1148 1771 1245 1797 Plenus
1260 1776 1300 1798 est
1315 1776 1407 1798 sextus
1421 1771 1487 1797 liber
1498 1770 1530 1796 de
1545 1769 1641 1795 officiis
1655 1769 1707 1795 lle-

1380 1810 1451 1835 Sitne
1469 1811 1526 1834 boni
1544 1810 1593 1833 riri
1608 1810 1633 1832 in
1651 1816 1708 1832 nui-

912 1849 984 1872 rrima
1003 1849 1112 1871 caritate
1126 1855 1243 1872 urniorum
1254 1849 1381 1879 familiam
1395 1855 1443 1871 non
1457 1846 1546 1871 ‹itm-0?
1567 1845 1594 1870 ln
1606 1850 1707 1870 utram-

912 1891 964 1918 que
981 1888 1082 1917 partem
1097 1882 1229 1917 disputan
1259 1883 1305 1909 sed
1322 1888 1408 1910 tamen
1425 1883 1456 1909 ad
1470 1888 1620 1909 extremum
1633 1880 1707 1907 nnti-

1619 1920 1708 1950 Quae-

912 1959 959 1989 rit,
976 1961 999 1984 si
1013 1961 1040 1984 in
1057 1960 1125 1983 nutri
1139 1961 1241 1984 iactura
1255 1961 1372 1992 facienda
1386 1961 1428 1986 sit,
1441 1960 1530 1991 equum
1543 1959 1648 1989 pretiosi
1660 1965 1707 1988 pc)-

912 1998 963 2021 titis
986 1998 1113 2021 iacturam
1138 1998 1227 2028 saciat.
1252 2005 1287 2021 nn
1310 1997 1406 2022 seri-uli
1424 1995 1502 2021 vilis?
1544 1993 1708 2019 ttienliores

913 2032 1067 2063 familiaris,
1084 2032 1137 2058 ulio
1147 2032 1222 2059 ducit
1234 2033 1396 2059 hnmanitas.
1437 2033 1466 2059 Si
1480 2033 1591 2058 tabulam
1602 2033 1632 2055 ‹te
1643 2039 1707 2055 ηιιη-

910 2072 996 2104 srayio
1020 2071 1114 2096 stultus
1135 2073 1286 2103 arripuerit,
1311 2072 1502 2103 extorquebitne
1521 2078 1575 2094 enin
1596 2070 1705 2100 sopiens.

910 2110 934 2133 si
950 2107 1080 2140 potuerit?
1106 2107 1202 2141 Negat,
1219 2110 1281 2140 quia
1294 2110 1328 2133 sit
1342 2110 1476 2133 {niun-mm.
1519 2105 1605 2137 Quid?
1624 2107 1706 2130 ‹iomi-

911 2153 958 2170 nus
981 2146 1062 2173 nuris,
1083 2146 1204 2176 eripietne
1216 2144 1310 2169 suum?
1339 2145 1458 2170 Minime:
1480 2153 1528 2169 nnn
1546 2145 1612 2176 ptus,
1629 2150 1705 2174 quum

910 2183 1071 2214 itaviynntem
1095 2183 1121 2206 in
1145 2182 1198 2206 atto
1223 2183 1314 2206 eiicere
1339 2183 1369 2206 tta
1395 2183 1456 2207 miri
1478 2183 1549 2207 vetit,
1575 2182 1636 2212 quin
1658 2187 1706 2203 sun

909 2221 949 2244 sit.
991 2220 1080 2250 Quoad
1098 2220 1163 2243 enim
1180 2222 1327 2250 perventuri»
1344 2221 1377 2244 sit
1395 2227 1434 2246 eo.
1452 2227 1501 2251 quo
1517 2222 1616 2249 sninptn
1633 2217 1706 2240 nai-is

909 2260 952 2283 est.
972 2264 1022 2281 non
1040 2257 1136 2280 domiui
1151 2259 1187 2280 est
1199 2257 1285 2284 navis,
1296 2257 1340 2280 sert
1351 2258 1535 2288 nnviynutiwn.
1556 2256 1594 2278 90.
1619 2251 1706 2283 Quat?

908 2296 931 2319 si
949 2301 1001 2318 una
1020 2294 1106 2318 tabula
1124 2295 1170 2320 sit.
1187 2294 1237 2317 (iun
1251 2295 1385 2325 rinusmyi.
1403 2295 1470 2325 iiqnw
1483 2295 1621 2324 sapui-ntes.-
1641 2291 1705 2314 sitii-

909 2339 939 2355 rw
958 2335 1015 2355 ntor
1031 2332 1130 2362 rapiat.
1150 2338 1182 2354 nn
1194 2334 1260 2355 atter
1274 2332 1345 2355 cednt
1356 2329 1452 2355 ultori?
1483 2330 1559 2354 t'mtnt
1571 2336 1642 2352 rrr‹›:
1662 2328 1705 2351 sed

908 2371 943 2397 ei,
961 2370 1033 2393 cuius
1051 2369 1132 2399 inopis
1148 2369 1259 2394 intersit.
1279 2368 1318 2392 vet
1334 2375 1382 2391 sua
1402 2368 1439 2391 vet
1458 2367 1611 2398 reipublicae
1629 2372 1704 2389 ‹wus-

907 2413 936 2430 sa
951 2407 1042 2430 vivero.
1083 2404 1170 2436 Quid?
1201 2408 1224 2429 si
1241 2405 1302 2429 hcwc
1315 2407 1392 2436 petrin
1407 2406 1431 2428 in
1444 2402 1569 2435 utroquo?
1600 2401 1704 2427 Nullum

908 2444 956 2468 crit
983 2446 1122 2469 certamen,
1142 2442 1198 2470 sed,
1227 2443 1302 2474 quusi
1323 2445 1390 2466 sorta
1408 2445 1454 2465 unt
1477 2441 1595 2464 mirandi»
1614 2441 1702 2466 rictus,

907 2481 984 2505 atteri
1002 2481 1069 2505 cedet
1085 2480 1159 2504 niter.
1202 2478 1289 2509 Quid?
1312 2481 1416 2510 stpcuer
1429 2480 1490 2510 surm
1502 2478 1609 2509 ‹xi-pitrt.
1630 2478 1704 2501 cuni-

909 2518 978 2543 culos
997 2520 1058 2549 ayn!
1077 2518 1111 2541 nd
1133 2518 1278 2542 aerarium:
1316 2517 1440 2540 indici-tim
1463 2516 1488 2539 iit
1512 2515 1704 2546 imiyistrntutms

908 2553 996 2586 silius?
1018 2553 1095 2586 Nefas
1107 2555 1133 2579 id
1143 2555 1254 2586 quatem.
1283 2554 1350 2584 Qum
1366 2556 1442 2577 etiam
1460 2553 1577 2584 ‹tu-semtnt
1594 2555 1701 2583 ,uiti-em.

907 2593 930 2617 ,τί
959 2595 1094 2624 (ιιῃιιαων.
1144 2590 1200 2616 Non
1227 2593 1306 2622 iyitur
1334 2592 1421 2622 patria
1448 2593 1562 2621 priwsteit
1588 2589 1703 2612 oninitms

908 2628 1018 2661 officiis?
1051 2628 1129 2653 Ιηιηιο
1147 2635 1219 2653 vero:
1251 2629 1294 2652 sed
1312 2629 1361 2659 ipsi
1378 2629 1479 2659 pun-tac
1497 2627 1626 2652 comineit.
1647 2627 1703 2657 pios

908 2667 999 2691 habore
1010 2667 1076 2691 cives
1093 2667 1119 2691 in
1136 2669 1262 2698 parentes.
1304 2663 1392 2695 Quid?
1415 2667 1438 2689 si
1452 2664 1612 2696 tyr-nunidem
1627 2671 1702 2687 occu-
