1941 3052
295 138 606 166 29.0RAT101.
638 139 689 165 DE
720 138 847 165 LEGE
879 137 1114 165 AGRARIA.
1150 138 1384 165 CAP.t-6.
1613 141 1661 166 5397

18 211 53 239 lia
67 211 161 242 locare,
179 211 230 237 nisi
244 210 272 237 in
286 214 430 245 conspectu
445 209 538 245 populi
548 210 661 237 Romani
675 219 727 236 non
739 209 815 236 licet:

17 249 61 276 his
75 248 192 276 vendere
205 247 248 274 vel
262 248 290 274 in
304 247 408 274 ultimis
424 248 500 274 terris
512 247 620 274 licebit?
633 248 667 274 At
677 247 726 274 hoc
736 247 816 273 etiam

17 286 179 322 nequissimi
198 285 321 312 homines
339 286 507 320 consumptis
521 286 689 320 patrimoniis
705 285 814 315 faciunt,

16 328 47 351 ut
60 325 88 350 in
102 324 176 350 atriis
190 323 362 350 auctionariis
377 323 477 357 potius,
493 332 575 358 quam
589 323 617 349 in
632 323 719 349 triviis
734 323 816 348 autin

15 361 141 396 compitis
156 361 350 387 auctionentur.
372 361 421 387 Hic
433 361 562 395 permittit
575 369 624 387 sua
640 361 697 396 lege
711 360 817 386 decem-

15 399 92 430 viris,
104 403 143 429 ut,
156 399 184 424 in
195 398 297 432 quibus
307 399 479 424 commodum
490 399 525 424 sit
535 398 661 429 tenebris,
675 403 713 429 ut,
725 398 753 424 in
763 406 816 433 qua

15 436 101 463 velint
113 435 271 466 solitudine,
288 435 356 462 bona
371 436 464 471 populi
479 436 590 462 Romani
604 436 709 470 possint
722 435 817 462 diven-

15 473 88 500 dere.
111 475 135 499 8.
147 474 202 499 Iam
217 473 261 499 illa
277 473 404 499 omnibus
419 474 446 500 in
460 474 616 508 provinciis,
633 474 732 509 regnis,
750 473 817 499 libe-

15 511 53 538 ris
71 510 180 546 populis
198 519 281 545 quam
299 511 406 542 acerba,
427 520 509 546 quam
529 510 713 541 formidolosa,
733 519 815 545 quam

14 553 176 584 quaestuosa
191 549 358 575 concursatio
375 548 562 575 decemviralis
582 548 671 574 futura
689 548 738 579 sit,
764 557 815 574 non

15 585 132 612 videtis?
145 586 326 612 Hereditatum
337 586 522 612 obeundarum
533 594 638 616 caussa,
655 585 756 620 quibus
768 594 815 612 vos

15 622 162 660 legationes
173 623 295 654 dedistis,
311 624 395 658 quiet
408 624 515 658 privati,
531 627 557 649 et
570 623 706 658 privatum
721 622 754 649 ad
769 632 816 649 ne-

14 661 118 697 gotium
133 661 269 691 exierunt.
287 670 338 687 non
352 661 478 687 maximis
493 661 591 695 opibus
607 669 694 695 neque
708 669 815 687 sumnia

14 698 169 725 auctoritate
191 698 317 733 praediti,
343 703 430 725 tamen
453 698 553 724 auditis
576 698 707 733 profecto,
733 707 814 733 quam

13 744 110 772 graves
133 744 225 762 eorum
248 735 380 762 adventus
402 737 483 762 sociis
503 736 600 762 vestris
619 745 678 762 esse
701 735 813 762 soleant.

14 775 40 800 9.
52 773 232 806 Quamobrem
242 773 308 808 quid
321 774 420 808 putatis
432 773 587 808 impendere
599 774 647 800 hac
659 773 716 809 lege
727 774 815 800 onini-

13 810 67 837 bus
79 811 207 847 gentibus
222 811 328 837 terroris
343 815 368 837 et
382 811 458 842 mali,
475 820 561 846 quum
576 812 717 837 mittantur
731 812 758 837 in
772 820 815 837 or—

13 848 76 875 bem
90 852 218 875 terrarum
234 848 379 875 decemviri
394 858 502 875 summo
515 858 577 875 cum
591 849 718 884 imperio,
739 858 815 875 sum-

13 895 56 912 ma
70 894 133 912 cum
147 886 258 913 avaritia
272 886 429 921 infinitaque
444 887 565 913 omnium
580 896 670 913 reruni
681 887 814 921 cupidita-

13 923 57 950 te?
69 932 185 958 quorum
199 932 285 958 quum
299 924 431 950 adventus
445 933 549 960 graves,
566 933 652 959 quum
665 924 749 950 fasces
762 923 815 950 sor—

13 961 153 992 midolosi,
173 965 231 987 tum
245 970 308 988 vero
321 961 454 988 iudicium
470 971 500 988 ac
514 967 631 997 potestas
646 963 695 988 erit
709 971 761 988 non
777 961 815 988 fe-

12 998 103 1025 renda.
143 999 245 1025 Licebit
259 1000 345 1031 enim,
361 1000 435 1034 quod
449 1000 599 1031 videbitur,
616 1000 756 1035 publicum
772 1000 815 1025 iu-

13 1036 116 1063 dicare:
133 1036 206 1071 quod
220 1037 373 1068 iudicarint,
390 1037 515 1064 vendere.
543 1038 630 1064 Etiam
645 1037 723 1068 illud.
741 1037 814 1072 quod

12 1074 136 1100 homines
155 1075 240 1101 sancti
258 1083 311 1101 non
332 1074 440 1106 facient,
462 1079 491 1101 ut
510 1076 651 1110 pecuniam
671 1076 811 1110 accipiant,

12 1120 46 1138 ne
64 1111 195 1138 vendant:
220 1116 309 1138 tamen
328 1112 356 1138 id
374 1113 408 1138 iis
428 1113 518 1147 ipsum
537 1122 586 1148 per
604 1113 690 1149 legem
711 1113 811 1139 licebit.

12 1149 80 1175 Hinc
94 1158 141 1176 vos
156 1158 223 1184 quas
233 1149 416 1184 spoliationes,
432 1159 500 1185 quas
513 1151 657 1185 pactiones,
674 1159 756 1185 quam
767 1150 814 1176 de-

12 1187 96 1222 nique
115 1187 143 1213 in
161 1187 288 1213 omnibus
309 1187 374 1214 locis
394 1188 615 1215 nundinationem
635 1189 702 1215 iuris
717 1197 746 1214 ac
761 1187 814 1214 for-

11 1229 139 1251 tunarum
162 1224 217 1251 fore
239 1225 357 1260 putatis?
387 1227 427 1252 40.
452 1226 558 1252 Etenim
581 1226 655 1261 quod
675 1226 813 1261 superiore

12 1266 86 1297 parte
101 1261 168 1298 legis
183 1262 354 1297 praefinitum
369 1262 428 1294 suit,
445 1263 519 1289 Sulla
534 1268 560 1290 et
574 1264 701 1298 Pompeio
715 1272 813 1290 consu-

13 1299 98 1331 libus,
115 1299 142 1326 id
156 1309 251 1326 rursus
267 1300 381 1327 liberum
395 1301 587 1336 infinitumque
602 1301 731 1328 fecerunt.

67 1338 111 1364 1V.
130 1338 207 1364 lubet
224 1337 332 1365 eosdem
351 1339 517 1365 decemviros
535 1339 662 1365 omnibus
676 1339 747 1375 agris
762 1347 813 1374 pu—

10 1374 91 1401 hlicis
106 1375 255 1411 pergrande
270 1376 383 1412 vectigal
398 1377 548 1411 imponere,
568 1381 598 1403 ut
612 1377 693 1403 iidem
709 1378 813 1412 possint

11 1416 38 1439 et
52 1412 164 1438 liberare
178 1421 266 1448 agros,
281 1422 350 1448 quos
364 1414 536 1440 commodum
550 1415 594 1446 sit,
611 1419 645 1446 et,
661 1424 730 1450 quos
745 1415 812 1449 ipsis

11 1449 101 1481 libeat,
118 1450 265 1485 publicare.
287 1451 346 1483 Quo
360 1452 387 1478 in
401 1451 501 1478 iudicio
516 1452 632 1487 perspici
647 1462 699 1479 non
714 1457 809 1487 potest,

10 1492 102 1514 utrum
117 1488 246 1515 severitas
260 1489 392 1521 acerbior,
411 1498 444 1516 an
458 1489 611 1526 benignitas
625 1490 813 1526 quaestuosior

10 1525 46 1552 sit
58 1524 158 1552 futura.

66 1562 135 1589 Sunt
154 1567 242 1590 tamen
261 1564 289 1590 in
308 1568 360 1590 tota
380 1563 438 1600 lege
456 1566 628 1600 exceptiones
651 1565 734 1597 duae,
760 1575 812 1592 non

10 1604 64 1627 tam
78 1601 197 1636 iniquae,
213 1610 293 1637 quam
309 1602 485 1637 suspiciosae.
523 1603 632 1638 Excipit
645 1603 672 1630 in
688 1603 812 1640 vectigali

11 1638 173 1673 imponendo
184 1647 278 1675 agrum
289 1640 491 1666 Recentoricum
503 1640 673 1667 Siciliensem
681 1662 687 1672 ,
704 1642 731 1668 in
748 1650 813 1668 ven-

10 1675 106 1702 dendis
121 1677 192 1712 agris
206 1685 251 1703 eos
266 1685 352 1713 agros,
368 1677 401 1704 de
413 1678 516 1713 quibus
527 1683 637 1705 cautum
649 1679 685 1705 sit
695 1678 810 1706 foedere.

9 1713 44 1740 Hi
66 1718 130 1740 sunt
152 1713 179 1740 in
197 1713 299 1746 Africa,
327 1715 376 1750 qui
399 1715 432 1741 ab
450 1716 603 1751 Hiempsale
627 1717 810 1751 possidentur.

12 1752 53 1778 tt.
73 1751 121 1778 Hic
133 1760 247 1787 quaero,
262 1752 286 1778 si
301 1753 449 1788 Hiempsali
463 1753 528 1779 satis
542 1758 583 1780 est
597 1759 706 1780 cautum
722 1754 813 1781 foede-

10 1796 50 1820 re,
67 1793 92 1815 et
105 1789 294 1816 Recentoricus
308 1799 371 1826 ager
385 1791 506 1826 privatus
520 1795 573 1822 est,
594 1792 662 1827 quid
675 1792 813 1818 attinuerit

10 1825 117 1862 excipi?
138 1827 180 1854 sin
199 1831 225 1854 et
242 1827 337 1854 foedus
355 1828 425 1854 illud
440 1828 520 1855 habet
533 1828 652 1864 aliquam
665 1829 813 1856 dubitatio-

11 1872 70 1890 nem
79 1885 85 1895 ,
101 1868 127 1891 et
140 1873 202 1900 ager
215 1865 404 1892 Recentoricus
418 1865 518 1892 dicitur
531 1875 736 1903 nonnumquam
751 1876 812 1894 esse

9 1901 150 1937 publicus,
175 1911 257 1938 quem
276 1907 352 1938 putet
365 1904 598 1936 existimaturum,
619 1904 688 1931 duas
702 1914 811 1932 caussas

8 1939 38 1966 in
56 1939 119 1966 orbe
137 1944 266 1967 terrarum
286 1945 417 1976 repertas,
445 1942 547 1976 quibus
569 1943 653 1978 gratis
675 1943 813 1978 parceret?

9 1976 81 2003 Num
99 1977 245 2012 quisquam
263 1979 370 2005 tandem
389 1978 531 2006 abstrusus
551 1988 667 2015 usquam
682 1989 812 2007 nummus

9 2014 126 2046 videtur,
142 2023 223 2049 quem
239 2024 291 2042 non
303 2016 440 2043 architecti
451 2016 564 2043 huiusce
576 2017 643 2053 legis
654 2017 813 2045 olfecerint?

9 2051 177 2083 Provincias.
199 2053 321 2080 civitates
342 2053 453 2085 liberas,
474 2055 575 2086 socios,
599 2055 709 2087 amicos,
735 2064 811 2092 reges

9 2088 127 2124 denique
145 2089 321 2117 exhauriunt:
346 2091 490 2118 admovent
513 2101 609 2119 manus
633 2093 811 2129 vectigalibus

10 2127 103 2162 populi
118 2127 239 2153 Romani.
281 2128 339 2154 Non
353 2133 394 2154 est
407 2129 483 2155 satis.
527 2131 566 2156 12.
586 2130 697 2162 Audite,
721 2131 812 2158 audite

10 2172 71 2196 vos,
87 2164 135 2200 qui
150 2164 319 2200 amplissimo
333 2166 426 2200 populi
440 2171 605 2203 senatusque
620 2168 721 2195 iudicio
734 2177 812 2195 exer-

10 2202 79 2228 citus
95 2202 229 2229 habuistis
244 2207 270 2228 et
284 2203 354 2229 bella
367 2204 506 2239 gessistis:
529 2214 605 2235 ouon
619 2214 655 2232 An
668 2215 809 2237 Qusnoua

10 2247 157 2266 naverin-
171 2249 225 2267 Aur
239 2249 439 2273 venvznsnir,
460 2250 496 2268 ex
515 2251 644 2274 ιηιΛευΛ,
665 2252 700 2270 ax
713 2253 811 2271 anuu-

9 2285 79 2309 nns,
104 2286 139 2304 ex
163 2287 237 2304 Auno
259 2286 440 2310 cononum,
464 2288 541 2309 ouon
563 2289 659 2311 κεουε
677 2290 811 2308 consuu-

10 2322 84 2341 nun
107 2324 135 2341 ni
158 2324 350 2347 nouunenro,
375 2324 472 2346 uenus
498 2325 525 2342 iu
544 2325 698 2345 ΑειιΛιιιυκ
717 2328 811 2345 ιιι-,ιΑ-

10 2359 64 2379 τωι
78 2361 135 2384 sir,
160 2361 189 2379 in
214 2361 250 2379 An
273 2362 464 2380 nect-:uvinos
482 2362 612 2381 neri-:nni
631 2355 715 2382 iubet.
757 2357 810 2383 lloc

10 2389 95 2424 capite
109 2389 192 2416 multa
208 2395 329 2425 sperant:
346 2391 373 2417 in
388 2400 482 2417 omnes
497 2391 669 2426 imperatores
685 2393 811 2420 heredes-

10 2433 62 2461 que
80 2435 172 2454 eorum
190 2429 377 2463 quaestionem
391 2437 441 2455 suo
455 2428 556 2455 iudicio
569 2435 737 2465 comparant;
762 2430 810 2457 sed

11 2464 154 2491 maximam
173 2466 315 2500 pecuniam
333 2475 362 2492 se
381 2474 394 2492 a
410 2466 508 2493 Fausto
525 2466 661 2493 ablaturos
679 2468 811 2494 arbitran-

11 2504 62 2527 tur.
101 2501 188 2534 Quam
205 2512 330 2530 caussam
349 2504 488 2538 suscipere
502 2504 580 2530 iurati
596 2505 700 2531 iudices
716 2505 810 2532 nolue-

11 2542 80 2570 runt,
97 2538 165 2566 hanc
178 2540 224 2567 isti
238 2540 385 2567 decemviri
399 2550 553 2576 suscepere.
577 2542 676 2569 ltlcirco
686 2552 699 2568 a
712 2543 810 2569 iudici-

11 2573 62 2617 bus
76 2575 186 2604 sortasse
201 2579 415 2613 praetermissam
431 2588 490 2605 esse
504 2579 675 2611 arbitrantur,
691 2580 763 2615 quod
775 2581 810 2607 sit

10 2613 77 2647 ipsis
93 2620 233 2641 reservata.
276 2617 316 2642 43.
341 2616 442 2643 Deinde
455 2617 534 2643 etiam
550 2617 576 2643 in
591 2617 727 2652 reliquum
743 2623 810 2644 tem-

11 2656 62 2684 pus
77 2650 285 2687 diligentissime
299 2654 397 2685 sancit,
415 2659 457 2685 ut,
473 2654 546 2689 quod
560 2655 678 2690 quisque
693 2656 810 2690 impera-

11 2689 50 2714 tor
63 2687 158 2715 habeat
169 2691 312 2725 pecuniae.
333 2692 456 2726 protinus
469 2692 502 2718 ad
516 2692 683 2720 decemviros
697 2693 806 2720 deserat.

868 210 916 236 llic
931 214 1018 236 tamen
1033 210 1133 244 excipit
1146 210 1318 244 Pompeium:
1335 209 1483 240 simillime,
1499 214 1529 236 ut
1543 210 1610 236 mibi
1625 211 1667 237 vi-

868 247 954 277 detur.
971 252 1050 282 atque
1064 248 1091 273 in
1106 247 1151 273 illa
1167 247 1233 283 lege,
1250 256 1303 282 qua
1318 247 1451 282 peregrini
1461 248 1543 273 Roma
1553 248 1667 274 eiiciun-

869 289 919 315 tur,
937 284 1105 319 Glaucippus
1120 285 1262 319 excipitur.
1288 286 1346 311 Non
1361 285 1432 310 enim
1448 284 1496 310 liae
1511 286 1667 319 exceptione

868 331 939 348 unus
962 321 1078 348 aflicitur
1096 322 1238 353 beneficio,
1263 322 1310 348 sed
1329 331 1401 348 unus
1419 322 1540 357 privatur
1558 323 1665 348 iniuria.

868 359 920 385 Sed
935 360 978 385 cui
993 359 1134 385 manubias
1154 360 1277 391 remittit,
1298 360 1326 386 in
1340 360 1422 386 huius
1436 359 1577 395 vectigalia
1591 361 1668 386 inva-

868 397 916 423 dit.
956 397 1033 423 Iubet
1046 398 1118 423 enim
1134 398 1285 431 pecuniam,
1302 398 1325 423 si
1339 406 1393 432 qua
1407 401 1467 432 post
1481 406 1528 423 nos
1542 397 1666 423 consules

868 443 902 461 ex
915 435 992 461 novis
1006 434 1185 470 vectigalibus
1200 435 1354 469 recipiatur,
1373 435 1421 461 hac
1435 435 1474 460 uti
1488 434 1666 461 decemviros.

867 471 949 504 Quasi
962 480 1024 498 vero
1034 481 1086 498 non
1098 472 1290 507 intelligamus,
1304 473 1368 499 haec
1380 481 1424 499 eos
1437 472 1586 508 vectigalia,
1598 481 1667 507 quae

868 510 916 536 Cn.
931 510 1076 543 Pompeius
1090 509 1250 541 adiunxerit,
1268 510 1383 536 vendere
1397 511 1522 546 cogitare.

922 547 953 573 V.
969 548 1008 573 ⁴4.
1021 547 1123 573 Videtis
1137 548 1199 578 iam,
1217 552 1304 582 patres
1318 548 1471 582 conscripti,
1488 547 1614 574 omnibus
1626 556 1668 574 re-

867 584 918 611 bus
938 589 963 610 et
982 584 1068 610 modis
1086 589 1267 611 constructam
1286 590 1312 611 et
1329 590 1509 611 coacervatam
1525 586 1666 620 pecuniam

867 622 1083 648 decemviralem.
1124 622 1260 649 Minuetur
1286 623 1368 649 huius
1395 624 1523 657 pecuniae
1549 623 1664 649 invidia:

866 664 1040 686 consumetur
1053 660 1125 685 enim
1140 660 1167 686 in
1182 669 1305 695 agrorum
1321 661 1513 695 emptionibus.
1548 660 1665 695 Optime.

866 696 932 729 Quis
955 706 1017 732 ergo
1041 702 1111 723 emet
1133 706 1210 733 agros
1234 697 1318 724 istos?
1344 698 1427 724 Iidem
1450 698 1609 724 decemviri:
1638 703 1667 724 tu

866 734 945 761 Rulle
968 735 1076 770 (missos
1096 735 1167 761 enim
1188 735 1255 761 facio
1273 735 1383 770 ceteros)
1402 744 1474 761 emes
1489 736 1561 770 quod
1576 735 1664 762 voles:

867 772 966 798 vendes
980 772 1054 807 quod
1068 772 1156 798 voles:
1177 777 1323 807 utrumque
1343 773 1438 798 liorum
1458 773 1552 803 facies,
1572 773 1667 808 quanti

866 810 950 836 voles.
991 810 1072 837 Cavet
1086 811 1158 836 enim
1173 810 1215 836 vir
1228 811 1359 845 optimus,
1380 819 1413 836 ne
1431 815 1501 836 emat
1520 811 1552 836 ab
1571 811 1666 837 invito.

866 847 949 880 Quasi
963 856 1026 874 vero
1041 856 1092 874 non
1107 847 1305 884 intelligamus,
1327 848 1360 874 ab
1375 848 1458 874 invito
1472 856 1573 879 emere,
1595 849 1667 874 iniu-

867 886 968 912 riosum
983 894 1055 916 esse,
1072 885 1106 911 ab
1120 894 1172 911 non
1188 886 1281 916 invito,
1297 890 1503 920 quaestuosum.
1529 885 1666 918 Quantum

867 923 916 949 tibi
931 923 988 958 agri
1003 923 1108 954 vendet,
1126 927 1155 949 ut
1169 923 1235 949 alios
1249 924 1379 954 omittam,
1396 932 1471 949 socer
1485 922 1567 949 tuus?
1593 928 1627 954 et,
1643 924 1667 950 si

866 970 915 997 ego
932 962 992 987 eius
1011 961 1173 995 aequitatem
1193 961 1275 987 animi
1295 961 1377 996 probe
1396 961 1472 992 novi,
1498 961 1596 987 vendet
1614 970 1666 987 non

866 999 979 1025 invitus.
1002 999 1109 1024 Facient
1123 998 1195 1024 idem
1210 999 1289 1025 ceteri
1306 998 1427 1029 libenter,
1445 1003 1473 1025 ut
1487 999 1667 1034 possessionis

867 1036 997 1063 invidiam
1017 1036 1130 1071 pecunia
1149 1041 1327 1062 commutent:
1353 1037 1498 1071 accipiant,
1524 1036 1597 1071 quod
1619 1045 1668 1063 cu-

867 1075 954 1109 piant:
971 1073 1042 1105 dent,
1059 1073 1132 1109 quod
1143 1074 1255 1100 retinere
1268 1074 1313 1100 vix
1326 1075 1439 1109 possint.
1464 1075 1504 1101 ⁴5.
1518 1074 1595 1100 Nunc
1607 1082 1668 1109 pro-

865 1112 960 1146 spicite
978 1112 1100 1138 omnium
1119 1120 1209 1137 rerum
1228 1112 1359 1138 infinitam
1379 1116 1460 1147 atque
1473 1111 1667 1138 intolerandam

867 1149 1012 1176 licentiam.
1054 1150 1169 1175 Pecunia
1183 1154 1271 1175 coacta
1287 1154 1326 1176 est
1340 1150 1373 1176 ad
1388 1158 1465 1185 agros
1479 1150 1621 1176 emendos:
1647 1150 1666 1175 ii

866 1196 944 1222 porro
957 1187 991 1213 ab
1005 1187 1098 1213 invitis
1113 1196 1165 1213 non
1180 1191 1312 1213 ementur.
1354 1187 1382 1214 Si
1401 1188 1586 1214 consenserint
1605 1195 1668 1222 pos-

865 1233 984 1251 sessores
999 1234 1050 1251 non
1066 1225 1194 1256 vendere,
1219 1224 1286 1260 quid
1305 1224 1425 1251 futurum
1445 1224 1504 1252 est?
1529 1224 1668 1251 Reseretur

865 1261 997 1297 pecunia?
1007 1272 1059 1289 non
1072 1262 1142 1289 licet.
1164 1262 1313 1298 Exigetur‘?
1327 1267 1406 1289 vetat.
1429 1263 1528 1289 Verum
1539 1267 1608 1289 esto:
1626 1263 1668 1289 ni-

865 1300 903 1327 bil
918 1305 973 1331 est,
993 1299 1066 1336 q'uod
1081 1309 1133 1326 non
1149 1301 1201 1327 emi
1217 1301 1316 1335 possit,
1341 1301 1364 1326 si
1379 1305 1483 1327 tantum
1498 1300 1559 1332 des,
1579 1309 1668 1336 quan-

865 1342 923 1364 tum
938 1337 1003 1364 velit
1017 1338 1149 1365 venditor.
1172 1338 1326 1373 Spoliemus
1341 1338 1433 1364 orbem
1446 1343 1584 1369 terrarum,
1602 1347 1667 1365 ven-

864 1376 962 1402 damus
976 1375 1129 1411 vectigalia,
1146 1376 1316 1402 effundamus
1330 1377 1476 1407 aerarium,
1493 1380 1530 1406 ut,
1549 1375 1668 1410 locuple-

865 1414 925 1440 tatis
940 1418 986 1440 aut
1001 1413 1119 1440 invidiae
1133 1419 1179 1440 aut
1192 1414 1361 1449 pestilentiae
1376 1414 1592 1448 possessoribus,
1609 1414 1667 1450 agri

865 1456 952 1478 tamen
967 1456 1099 1478 emantur.

923 1491 963 1515 16.
983 1488 1054 1521 Quid
1069 1488 1145 1515 tum?
1163 1498 1232 1524 quae
1246 1489 1296 1515 erit
1310 1489 1337 1515 in
1352 1489 1417 1515 istos
1431 1497 1508 1525 agros
1522 1487 1668 1515 deductio?

864 1535 933 1562 quae
953 1527 1034 1553 totius
1053 1527 1091 1553 rei
1110 1527 1176 1554 ratio
1194 1531 1274 1562 atque
1296 1526 1459 1562 descriptio?
1485 1526 1664 1557 Deducentur,

865 1565 962 1600 inquit,
978 1564 1105 1591 coloniae.
1145 1565 1222 1597 Quo?
1242 1573 1358 1599 quorum
1374 1564 1533 1591 hominum?
1555 1564 1583 1590 in
1597 1572 1666 1599 quae

866 1602 939 1630 loca?
964 1602 1031 1634 Quis
1054 1603 1126 1629 enim
1151 1611 1203 1629 non
1228 1602 1312 1633 videt,
1338 1602 1365 1628 in
1389 1601 1501 1629 coloniis
1524 1610 1583 1628 esse
1602 1602 1667 1628 haec

864 1641 953 1667 omnia
967 1639 1178 1667 consideranda?
1192 1640 1251 1666 Tibi
1266 1649 1323 1671 nos,
1340 1639 1427 1671 Rulle,
1444 1645 1469 1666 et
1483 1640 1542 1666 istis
1554 1640 1608 1666 tuis
1619 1639 1668 1666 ha-

865 1687 925 1705 rum
947 1678 1070 1704 omnium
1094 1687 1182 1704 reruni
1207 1677 1435 1704 machinatoribus
1460 1682 1539 1704 totam
1564 1676 1665 1704 ltaliam

864 1716 994 1742 inermem
1009 1716 1154 1742 tradituros
1168 1716 1337 1746 existimasti,
1353 1724 1434 1750 quani
1451 1715 1592 1750 praesidiis
1603 1723 1667 1741 con-

865 1753 1020 1785 firmaretis,
1037 1753 1149 1780 coloniis
1164 1753 1344 1788 occuparetis,
1365 1753 1493 1779 omnibus
1509 1752 1605 1779 vinclis
1620 1752 1667 1779 de·

865 1792 981 1818 vinctam
996 1796 1022 1818 et
1034 1791 1204 1818 constrictam
1224 1790 1367 1817 teneretis?
1393 1791 1443 1817 Ubi
1459 1791 1530 1816 enim
1545 1795 1664 1821 cavetur,

864 1837 897 1856 ne
911 1829 938 1856 in
953 1829 1072 1856 laniculo
1085 1828 1217 1855 coloniam
1231 1828 1419 1855 constituatis?
1442 1837 1473 1854 ne
1489 1828 1582 1854 urbem
1599 1828 1667 1854 lianc

865 1867 931 1893 urbe
945 1866 996 1893 alia
1011 1875 1133 1902 premere
1147 1870 1227 1901 atque
1242 1874 1337 1901 urgere
1356 1865 1483 1901 possitis?
1510 1866 1566 1892 Non
1587 1865 1667 1892 sacie-

864 1914 935 1936 mus,
953 1905 1051 1940 inquit.
1086 1904 1206 1931 Primum
1221 1905 1324 1931 nescio:
1341 1904 1438 1930 deinde
1453 1904 1546 1930 timeo:
1564 1908 1666 1938 postre-

864 1951 908 1969 mo
923 1951 975 1969 non
989 1942 1165 1973 committam,
1183 1945 1211 1968 ut
1226 1947 1314 1968 vestro
1328 1941 1457 1968 beneficio
1472 1941 1570 1975 potius,
1583 1950 1664 1976 quani

864 1985 954 2006 nostro
971 1979 1086 2006 consilio
1103 1979 1172 2006 salvi
1191 1988 1251 2005 esse
1270 1979 1418 2014 possimus.
1459 1979 1501 2005 Vl.
1524 1980 1563 2005 Π.
1589 1978 1664 2011 Quod

864 2026 927 2045 vero
941 2022 1023 2045 totam
1038 2017 1140 2044 ltaliam
1156 2017 1252 2043 vestris
1266 2016 1369 2043 colonis
1383 2016 1518 2051 complere
1529 2016 1662 2044 voluistis.

864 2055 891 2082 id
905 2055 1059 2082 cuiusmodi
1078 2059 1162 2086 esset,
1184 2054 1355 2081 neminemne
1375 2059 1495 2081 nostrum
1514 2054 1666 2080 intellectu-

864 2102 924 2119 rum
939 2091 1163 2120 existimavistis?
1177 2092 1313 2127 Scriptum
1324 2097 1364 2118 est
1375 2093 1461 2119 enim:
1477 2101 1553 2123 ουΛε
1569 2101 1595 2117 ιη
1610 2101 1665 2118 uu-

864 2140 993 2162 ΝιειιηΑ,
1009 2139 1142 2162 QUAsoua
1158 2139 1185 2156 iu
1199 2139 1344 2156 cocosms
1358 2138 1527 2156 nsceuvini
1543 2138 1663 2159 VSMNT,

863 2177 1021 2195 nanucmr
1035 2177 1165 2195 coaouos
1179 2177 1250 2198 Quos
1269 2177 1389 2199 vamur,
1411 2176 1444 2193 ar
1459 2176 1496 2193 iis
1512 2176 1603 2193 Aenos
1617 2175 1665 2192 As—

862 2214 1004 2237 sicwsur,
1019 2215 1125 2236 oureus
1140 2214 1166 2232 iu
1181 2214 1266 2231 Locts
1280 2214 1401 2231 vstixr:
1427 2209 1465 2234 ut.
1481 2213 1567 2239 quum
1583 2208 1661 2230 totam.

863 2243 965 2270 Italiam
989 2243 1123 2269 militibus
1141 2243 1200 2268 suis
1218 2243 1388 2277 occuparint,
1414 2242 1490 2268 vobis
1511 2251 1562 2268 non
1587 2241 1664 2268 modo

862 2280 1002 2316 dignitatis
1017 2279 1184 2310 retinendae.
1207 2279 1255 2305 scd
1271 2288 1302 2306 ne
1318 2279 1447 2306 libertatis
1462 2279 1572 2314 quidem
1588 2287 1664 2305 recu-

864 2318 996 2352 perandae
1010 2326 1074 2353 spes
1088 2317 1265 2352 relinquatur.
1306 2317 1394 2352 Atque
1409 2317 1473 2343 baec
1487 2326 1500 2342 a
1517 2325 1558 2342 me
1572 2317 1663 2351 suspi-

862 2355 987 2381 cionibus
1001 2360 1027 2382 et
1040 2355 1191 2381 coniectura
1205 2353 1406 2389 coarguuntur?
1447 2356 1486 2380 ⁴8.
1509 2355 1560 2380 lam
1575 2355 1663 2380 omnis

861 2393 984 2419 omnium
1009 2392 1116 2419 tolletur
1138 2400 1223 2418 error:
1251 2392 1304 2418 iam
1324 2396 1413 2426 aperte
1432 2391 1585 2422 ostendent,
1610 2391 1662 2418 sibi

863 2439 959 2456 nomen
975 2430 1057 2457 liuius
1072 2429 1251 2464 reipublicae,
1271 2429 1363 2456 sedem
1379 2429 1458 2456 Urbis
1477 2434 1556 2464 atque
1577 2429 1663 2464 imp&

863 2468 903 2497 rii,
921 2467 1039 2503 deniquo
1054 2467 1102 2493 lioc
1118 2466 1249 2501 templum
1265 2467 1334 2493 lovis
1347 2467 1441 2501 optimi
1457 2466 1568 2492 maximi
1583 2471 1662 2501 atquc

862 2505 930 2531 lumc.
943 2514 1030 2531 arcem
1043 2505 1164 2531 omnium
1176 2505 1298 2540 gentium
1310 2504 1462 2539 displicere.
1485 2504 1603 2539 Capuam
1616 2504 1661 2530 ‹le—

861 2543 923 2569 duci
939 2542 1046 2569 colonos
1067 2542 1174 2568 volunt:
1198 2541 1272 2568 illum
1292 2542 1385 2568 urbem
1406 2541 1468 2568 liuic
1488 2542 1547 2568 urbi
1567 2550 1661 2568 rursus

861 2589 1008 2615 opponere,
1030 2579 1095 2606 illuc
1113 2589 1177 2614 opes
1196 2588 1259 2605 suus
1278 2579 1382 2606 deferre
1400 2584 1425 2605 ct
1444 2579 1548 2614 imperii
1565 2588 1660 2605 nomen

862 2617 1003 2644 transferre
1026 2618 1153 2653 cogitant.
1193 2617 1245 2649 Qui
1270 2617 1356 2648 locus,
1382 2622 1488 2652 propter
1514 2618 1660 2643 ubertatem

861 2665 985 2691 agrorum
997 2655 1244 2689 abundantiamque
1255 2664 1342 2681 rerum
1358 2656 1490 2686 omnium,
1506 2654 1660 2689 superbiam

861 2698 886 2720 ct
899 2693 1084 2720 crudelitatem
1099 2692 1226 2729 genuisse
1240 2692 1347 2725 dicitur,
1364 2693 1402 2719 ibi
1414 2693 1496 2719 nostri
1506 2692 1602 2722 coloni,
1615 2692 1661 2717 ile-
