1941 3052
233 130 291 153 tusto

226 203 274 224 uati
291 203 316 224 ct
330 199 410 224 vri-nti
426 206 533 226 ›eumn-⁴.
553 197 599 222 scd
617 197 733 231 profecto
751 197 799 223 fuit
815 197 946 232 quaedam
965 198 1014 228 vis,
1038 206 1047 250 Η

225 244 294 270 qmw
310 236 399 267 goni-ri
417 234 566 259 consuleret
583 234 712 264 humano,
731 243 778 260 nce
795 234 820 260 id
836 235 958 267 gigneret
972 240 1018 261 aut
1038 255 1046 282 η

226 273 318 300 nli-rvi,
333 272 417 306 ‘1¹¹¹'¹¹·
433 280 517 305 quum
529 270 719 296 nuntiavisset
729 280 822 297 ornnes
835 272 946 301 labores,
961 277 1017 298 tum

228 309 354 335 invida-rvi
368 318 392 334 m
406 308 496 333 :nortis
509 307 607 333 molum
620 309 828 342 sempiternum:
847 314 952 343 portum
971 318 1017 344 po-
1037 279 1046 350 il

892 348 945 372 119.
959 348 1017 378 Quo
1038 338 1046 382 l!

226 384 326 409 utimini
350 382 415 407 velis
437 382 522 415 passis
547 381 657 415 pervehi
679 382 768 408 lii-cat!
792 383 839 409 Sin
861 382 1017 410 reflantibus
1037 393 1046 418 Η

227 420 311 445 ventis
325 419 484 447 reficiemur.
499 423 585 444 tomen
598 419 690 445 codem
703 419 793 453 paullo
805 420 906 446 tardius
919 420 1017 447 refera-
1037 421 1046 460 j)

503 456 579 487 Quml
594 461 682 482 autern
699 457 827 483 omnibus
843 466 951 484 necesse
966 463 1014 487 cst.
1037 461 1045 484 »l

224 493 284 519 idm¹
298 493 424 518 miserum
437 501 495 517 esse
508 493 553 518 uni
566 494 668 527 potest?
678 508 713 513 —
725 494 811 520 llahes
822 495 970 530 epilogum.
985 504 1016 521 ne
1036 498 1046 539 l

223 529 288 564 quid
301 530 518 563 praetenuis-sum
531 535 576 556 aut
588 530 709 556 relictum
722 536 809 566 putes.
825 533 856 558 Α.
869 533 926 567 Ego
938 541 1012 558 vero:
1044 541 1045 565 l

223 572 247 592 et
263 566 372 600 quidem
387 566 447 592 fecit
459 568 537 593 ctiam
551 568 599 593 istc
612 576 653 593 me
665 568 788 604 epilogus
801 569 955 596 firmiorem.
979 570 1014 596 M.
1036 587 1045 607 Q

522 604 574 630 Scd
591 614 662 631 nunc
679 606 790 640 quidem
808 606 955 633 valetudini
969 608 1016 633 tri-
1036 610 1045 639 l}

223 641 337 666 huamus
352 640 470 675 aliquid:
492 650 550 667 cras
566 647 668 673 autem,
686 648 711 669 et
725 648 790 678 quot
805 643 864 670 dies
875 645 976 670 erimus
989 645 1014 670 in
1036 644 1045 664 l!

226 347 279 372 tius
291 351 410 380 puratum
424 345 500 370 nohis
512 350 536 370 vt
547 344 700 378 perfugium
713 350 849 379 putemus.

225 465 268 482 mu
274 465 285 481 Γ
297 464 403 481 111·(*(!sst¹
415 461 453 480 [Ἧι
459 477 463 481 .

222 604 341 638 (iptime.
362 604 481 638 inquam.

221 677 385 709 Tusculano,
399 687 511 713 agamus
524 679 601 709 haec,
619 685 645 706 et
655 688 685 705 ea
698 681 882 715 potissimum.
896 690 965 716 quae
979 681 1016 707 le·
1036 681 1045 715 γ’

222 716 353 741 vationcm
367 715 481 742 habeant
494 716 704 752 aegritudinum.
715 717 1016 753 formidinum.cupidi-

221 757 318 779 tatum:
331 753 379 788 qui
390 754 463 780 omni
475 762 488 780 c
500 753 670 789 philosophia
682 760 722 782 est
734 755 837 782 fructus
849 756 1013 783 uberrimus.

590 1087 646 1113 ⁴17.

351 1149 521 1179 LIBER
561 1150 880 1181 SECUNDUS.

271 1277 346 1297 Ano.
365 1278 420 1298 Post
435 1277 610 1299 cohortationem
625 1279 650 1299 ad
666 1279 830 1307 philosophiam
846 1280 966 1306 diligenter
976 1288 1011 1302 cn-

217 1311 301 1333 lendam
313 1316 334 1333 et
344 1312 431 1333 Latini·
441 1313 535 1333 maxime
546 1313 700 1334 illustrandam
711 1314 803 1339 littei-in,
814 1323 832 1336 c*
843 1319 852 1336 ¹
860 1319 894 1337 -3.
906 1323 977 1337 nermo
989 1317 1011 1337 in

216 1347 345 1368 Tunculano
356 1349 382 1368 de
391 1348 465 1368 dolore
474 1347 592 1369 institutus
603 1349 729 1376 exponitur.
756 1351 777 1370 1-
787 1351 900 1371 inducitur
910 1352 936 1371 ab
947 1358 1011 1372 exor-

215 1382 252 1402 dio
263 1383 289 1402 de
299 1382 454 1410 philosophiae
465 1382 580 1407 laudibus.
596 1388 617 1404 et
628 1384 737 1405 auditoria
747 1386 858 1406 sententia
869 1387 895 1406 de
906 1386 1010 1407 malorum

215 1417 296 1437 finibus
306 1417 329 1437 in
339 1417 416 1438 dolore
424 1418 533 1444 ponendi·
544 1418 584 1439 hoc
590 1419 685 1440 maxime
691 1425 818 1444 armamento
826 1420 945 1445 refellitur,
953 1422 1010 1448 quod

215 1452 308 1472 dedecus
318 1452 395 1473 dolore
404 1453 475 1474 ninius
485 1453 516 1473 ait
527 1453 613 1474 malurn.
624 1461 643 1474 c.
654 1457 674 1475 5.
705 1455 790 1475 Dein-le
800 1457 904 1480 docetur,
921 1457 1009 1477 omuino

214 1493 242 1507 ne
256 1487 334 1508 medum
349 1487 435 1514 quidem
451 1495 499 1509 esse
509 1488 614 1509 dolorem.
642 1489 667 1509 ln
677 1496 719 1511 ouo
731 1490 823 1517 primum
834 1490 950 1511 multorum
961 1491 1010 1518 phi-

214 1521 356 1549 losophorum
366 1522 543 1544 imbecillitatem
554 1524 624 1544 docet.
655 1524 793 1552 Aristippum
805 1525 863 1546 enirn
873 1526 1009 1547 Socraticum

214 1563 257 1576 non
273 1557 388 1578 dubitasne
402 1557 499 1578 dolorem
516 1565 620 1579 nummum
638 1560 716 1579 malum
727 1560 812 1585 dicere,
827 1568 890 1587 quem
901 1561 1010 1588 Epicuro·

214 1595 302 1612 aeeutur
318 1592 360 1612 ait:
379 1593 538 1619 Hieronymum
553 1597 625 1614 autem
640 1594 749 1615 Rhodium
765 1603 870 1616 summum
881 1597 959 1616 honum
971 1603 1009 1623 po·

214 1626 287 1647 unisse
302 1627 324 1647 in
339 1627 450 1648 vacuitate
465 1628 569 1649 adolere.
598 1630 690 1650 Ceteros
701 1634 792 1657 excepto
804 1631 905 1655 Zenone,
922 1631 1008 1651 Aristo-

214 1668 261 1682 nem
272 1665 293 1682 et
302 1662 451 1687 Pyrrhonem,
466 1663 545 1684 malurn
558 1667 655 1691 putasse.
684 1665 767 1685 Poeta:
778 1672 864 1692 quoque
874 1666 900 1685 ab
911 1665 951 1686 hat
961 1666 1008 1693 opi-

213 1696 280 1717 nione
289 1704 332 1717 non
342 1699 428 1722 abesse.
438 1699 494 1725 quod
505 1698 610 1719 inducant
617 1706 712 1720 summ-n
723 1700 822 1720 homine·
832 1701 855 1720 in
866 1701 938 1721 acutis
947 1701 1009 1721 dolu-

213 1731 275 1752 ribus
286 1739 328 1752 non
338 1733 436 1754 viriliter
445 1733 598 1755 lamentantes.
609 1741 627 1755 c.
638 1737 704 1756 6-12.
721 1736 840 1756 Contortu
850 1743 901 1756 vero
912 1743 961 1756 esse
971 1743 1008 1757 eu

213 1766 323 1791 rationes,
339 1768 420 1794 quibua
434 1768 458 1788 in
473 1769 601 1794 frangendis
617 1769 651 1790 his
666 1770 810 1797 opinionibus
824 1774 915 1791 utantur
928 1771 1008 1796 Stoici.

213 1808 294 1828 eoaque
304 1802 395 1823 definire
406 1803 459 1824 aliis
470 1804 544 1825 verbis
554 1804 663 1829 dolorem.
680 1812 723 1825 non
733 1805 820 1826 tollere.
849 1806 929 1826 Verum
940 1806 1010 1831 igitur

213 1835 253 1857 hoc
263 1843 319 1862 esse,
330 1837 427 1859 dolorem
438 1839 603 1866 opprimendum
614 1846 664 1860 esse
674 1840 783 1867 patienti·
792 1844 814 1861 et
825 1841 964 1865 fortitudine.
974 1841 1008 1862 id-

213 1878 254 1897 que
268 1872 347 1899 partim
363 1873 525 1894 exercitatione
536 1874 584 1895 fieri
594 1877 617 1895 et
626 1875 793 1900 consuetudine.
807 1883 824 1896 c.
837 1879 876 1897 1³-
885 1880 916 1897 Π.
928 1877 1007 1904 partim

212 1906 299 1927 ratione
309 1911 329 1927 et
345 1908 468 1935 sapientia3
484 1909 507 1929 in
521 1917 562 1936 quo
578 1909 635 1930 nihil
650 1910 727 1936 prus-ei
737 1911 802 1931 docet
811 1911 898 1932 ratione
909 1912 1007 1939 Epicuri,

212 1940 299 1966 longum
310 1941 406 1963 dolorem
417 1943 497 1968 levem,
511 1950 596 1969 gravem
611 1948 682 1965 autem
699 1946 784 1966 brevem
799 1953 849 1966 esse
858 1947 977 1968 censentis.
989 1955 1007 1968 c.

212 1979 245 1997 18.
257 1979 287 1998 ¹9.
317 1977 392 2004 ltaque
406 1978 500 2005 primum
516 1982 618 2006 oportere
632 1979 673 2000 hoc
687 1979 733 2000 sibi
747 1987 853 2007 quemque
867 1983 1007 2008 persuadere,

211 2010 270 2031 nihil
280 2011 396 2033 honestius
406 2021 455 2034 esse
465 2021 490 2035 nc
500 2013 644 2038 laudabilius.
651 2018 672 2034 et
682 2015 836 2042 neoptabilius
843 2017 937 2043 quidem.
945 2024 1006 2044 quam

212 2046 270 2067 ferre
282 2047 389 2068 dolorem:
403 2049 482 2070 deinde
497 2049 541 2070 sibi
554 2050 626 2077 ipsum
641 2049 756 2076 imperare.
780 2051 836 2071 Nam
847 2051 948 2077 quoniam
960 2052 1007 2072 ani-

211 2088 258 2101 mus
270 2082 332 2102 sitin
343 2088 417 2110 partes
427 2084 524 2105 tributus
535 2085 602 2109 duas,
613 2084 704 2105 alteram
716 2084 810 2106 rationis
821 2086 950 2114 participem
958 2103 963 2111 ,
974 2087 1006 2107 al-

212 2120 278 2137 teram
289 2121 413 2144 expertem,
428 2119 489 2139 illam
501 2119 552 2141 huic
561 2120 682 2147 imperare.
694 2123 801 2147 tamquam
812 2121 922 2142 dominum
935 2129 1006 2146 servo.

211 2150 231 2171 h.
243 2158 261 2172 e.
272 2152 359 2173 ratione
369 2154 466 2174 coerceri
477 2154 621 2175 temeritatem
633 2158 741 2183 oportere.
765 2156 789 2175 Si
801 2163 824 2176 ae
833 2156 928 2183 turpiter
937 2161 1006 2182 ger-t,

211 2190 231 2206 et
241 2187 358 2211 gentitibus
370 2195 394 2208 ac
404 2189 493 2210 fletibus
503 2190 576 2214 dedat,
583 2190 701 2211 amicorum
708 2190 922 2218 propinquorumque
933 2196 1006 2213 cuato-

210 2221 254 2241 diis
265 2222 455 2248 constringendam
467 2231 527 2249 esse3
539 2225 573 2245 sin
584 2228 655 2245 autem
663 2225 747 2245 tirmior
756 2225 794 2249 sit.
806 2230 915 2252 tamquam
927 2227 1005 2247 bonum

210 2255 301 2277 militen»
314 2258 426 2278 admonitu
436 2260 578 2280 revocandam
589 2267 639 2280 esse
649 2260 675 2280 ad
685 2259 822 2285 dignitatem.
834 2268 853 2281 c.
863 2263 896 2282 20.
907 2264 940 2282 21.
969 2262 1005 2282 ln-

210 2291 329 2312 tentionem
344 2293 410 2313 eiiam
425 2293 569 2315 adhibendam
585 2302 646 2319 esse.
661 2295 737 2320 cuiue,
751 2299 775 2315 ut
785 2295 809 2315 in
819 2303 923 2323 torpore,
939 2296 972 2317 sic
981 2296 1004 2316 in

210 2326 281 2346 animo
292 2334 368 2352 magna
377 2328 412 2348 vis
423 2328 459 2348 sit.
467 2336 484 2349 c.
495 2331 527 2350 22.
537 2332 570 2350 23.
591 2330 753 2351 Contemnendo
764 2330 830 2350 etiam
841 2329 911 2350 levari
921 2338 1005 2352 omnem

210 2360 305 2382 laborem
313 2362 460 2390 doloremque.
467 2371 485 2384 c.
493 2366 526 2385 24.
534 2364 590 2385 lllud
597 2364 860 2392 deniqueproponendum
872 2365 952 2391 auimo,
961 2373 1004 2387 nm-

209 2394 421 2421 plitudinemanimi.
429 2405 484 2425 quae
494 2399 588 2419 maxime
599 2399 694 2420 emineat
703 2400 870 2420 contemnendis
879 2400 1003 2426 doloribus,

209 2436 272 2450 unam
288 2438 336 2452 esse
344 2433 438 2453 omnium
449 2441 492 2454 rem
503 2434 680 2461 pulcherrimam.
693 2441 710 2455 e.
721 2437 754 2456 25.
765 2437 798 2455 26.
822 2435 943 2456 Nitendum
952 2443 1003 2457 vero

211 2470 266 2489 esse,
277 2470 300 2486 ut
311 2467 434 2493 aequabilis
445 2469 474 2488 sit
484 2469 507 2489 in
517 2469 577 2489 omni
587 2469 664 2490 dolore
674 2469 763 2490 ferendo
774 2470 891 2496 patientia.

265 2542 284 2568 1.
305 2544 326 2569 l.
343 2539 538 2580 Neoptolemus
553 2547 664 2583 quidem
679 2546 752 2582 apud
762 2547 881 2574 Ennium
890 2550 1004 2582 philoso-

208 2579 285 2610 phari
293 2581 342 2605 sibi
352 2582 388 2607 ait
399 2592 495 2610 necesse
505 2593 565 2616 esse,
577 2588 622 2611 sed
631 2587 738 2618 paucis:
753 2593 813 2611 nam
822 2588 924 2612 omnino
934 2587 1004 2612 haud

208 2616 318 2646 placere.
357 2618 413 2654 Ego
424 2625 521 2652 autem,
534 2622 623 2653 Brute„
635 2630 744 2648 necesse
756 2622 825 2648 mibi
836 2623 947 2657 quidem
959 2631 1004 2649 es-

209 2660 236 2677 se
249 2652 360 2680 arbitror
369 2656 568 2693 philosophari:
586 2668 648 2686 nam
659 2659 726 2695 quid
737 2667 863 2695 possum,
879 2669 1003 2696 praeser-

405 128 439 154 M.
461 127 569 153 'l'lILLll
591 127 766 153 (luti-:noxis
785 127 879 153 Tt'SC.
903 127 1134 154 msvuTA'rtox.
1157 128 1218 154 LlB.
1241 129 1260 154 Ι.
1283 129 1356 156 (ΣΑΡ.
1379 131 1419 157 ⁴9.
1451 131 1512 158 Lux.
1535 131 1563 157 ΙΙ.
1585 131 1658 158 CAV.
1683 134 1705 158 ⁴.
1727 134 1750 158 2.

1071 198 1117 224 tim
1130 198 1198 224 nihil
1210 207 1301 232 agens.
1311 208 1388 234 agere
1401 200 1517 227 melion?
1527 202 1572 228 scd
1585 211 1635 229 non
1648 203 1751 238 paucis.
1765 207 1793 229 ut
1805 202 1860 229 illc.

1070 235 1183 261 ninivite
1198 241 1238 261 est
1253 237 1324 262 enirn
1343 238 1368 263 in
1385 238 1554 274 philosophia
1570 248 1653 274 pauca
1672 248 1731 265 esse
1746 240 1770 266 ei
1790 245 1860 270 nota.

1069 273 1112 298 cui
1129 281 1180 298 non
1196 273 1250 299 aint
1266 278 1311 299 aut
1326 274 1452 310 pleraque
1463 281 1508 302 aut
1518 278 1617 303 omnia.
1659 278 1724 303 Nam
1737 286 1784 302 nec
1797 285 1862 311 pau-

1069 318 1107 337 ca.
1122 310 1200 335 nisio
1213 310 1314 340 multis.
1327 311 1391 346 eligi
1403 318 1525 346 possunt,
1539 323 1599 343 nec.
1615 316 1662 349 qui
1675 323 1758 349 pauca
1770 322 1862 349 perco-

1069 347 1146 381 perit.
1161 356 1211 373 non
1226 347 1296 373 idem
1308 348 1410 384 reliqua
1422 349 1514 376 eodem
1527 350 1616 377 studio
1627 356 1812 386 persequetur.
1836 352 1861 377 Ξ.

1068 383 1119 409 Sed
1134 385 1160 410 in
1175 385 1226 409 vita
1240 389 1326 411 tamen
1338 392 1466 421 occupata
1478 393 1570 422 atquc.
1588 393 1616 414 ut
1628 388 1792 423 Neoptolemi
1805 393 1862 414 turn

1069 426 1132 450 erat.
1146 421 1255 447 militari
1267 431 1350 457 pauca
1363 424 1419 458 ipsa
1433 424 1547 450 multum
1562 434 1640 460 saepe
1653 431 1772 460 prosunt.
1786 430 1812 451 et
1824 425 1863 451 fe-

1069 463 1130 484 runt
1143 457 1257 489 fructus.
1272 460 1358 486 sinon
1371 465 1470 491 tantos.
1488 463 1581 496 quanti
1593 471 1626 489 ex
1638 464 1762 489 universa
1773 462 1863 497 philo-

1069 495 1162 530 sophia
1176 497 1276 530 percipi
1290 503 1414 531 possum
1434 503 1521 525 tamen
1534 508 1593 528 eos.
1610 500 1712 534 quihus
1727 499 1816 534 aliqua
1828 508 1861 526 ex

1069 538 1141 567 parte
1154 533 1287 559 interdum
1299 539 1343 560 aut
1354 535 1501 569 cupiditate
1515 542 1560 563 aut
1570 537 1738 572 aegritudine
1749 542 1794 562 aut
1805 545 1862 562 me-

1069 575 1095 596 tu
1109 570 1268 596 inmemor:
1283 571 1356 598 velut
1367 581 1400 598 ex
1411 581 1440 598 ea
1452 573 1642 608 disputatione.
1651 582 1720 608 quae
1732 573 1799 599 mihi
1811 582 1861 600 nu-

1069 607 1216 642 perhabita
1229 613 1268 634 est
1281 609 1306 634 in
1319 609 1484 638 Tusculano.
1508 620 1603 646 magna
1617 611 1759 637 videbatur
1769 611 1862 637 mortis

1067 645 1157 671 effecta
1174 647 1348 680 contemptio:
1366 655 1435 681 quac
1451 656 1502 674 non
1519 649 1662 674 minimum
1680 648 1748 674 valet
1759 647 1792 674 ad
1803 647 1862 674 nni-

1068 691 1142 708 mum
1155 687 1225 708 metu
1240 682 1420 711 liberandum.
1447 685 1513 711 Nam
1524 687 1572 720 qui
1585 685 1621 715 id.
1634 685 1706 720 quod
1720 685 1797 711 vitari
1809 693 1861 711 non

1067 724 1162 754 potest,
1177 721 1284 750 metuit,
1299 721 1321 746 is
1333 722 1424 748 vivere
1435 723 1524 749 animo
1535 724 1627 758 quieto
1639 722 1712 749 nullo
1724 722 1802 748 modo
1813 730 1862 756 po-

1068 762 1130 783 test:
1144 757 1190 782 sed
1202 758 1259 791 qui.
1277 767 1327 784 non
1341 759 1419 785 modo
1429 761 1493 794 quia
1506 769 1614 786 necesse
1625 765 1665 786 est
1677 760 1752 788 moriv
1766 767 1860 785 verum

1042 811 1044 817 f
1066 798 1146 820 etiam
1167 794 1230 829 quia
1251 795 1318 821 nihil
1341 796 1420 822 habet
1441 806 1524 828 mors„
1547 797 1619 833 quod
1635 798 1670 823 sit
1686 796 1858 825 horrendum.

1067 836 1178 857 mortem
1200 840 1251 858 non
1273 833 1361 863 timet.
1383 842 1510 870 magnum
1534 836 1556 861 is
1576 834 1629 861 sibi
1646 834 1810 869 praesidium
1827 833 1860 860 ad

1067 868 1171 894 beatam
1188 869 1269 895 vitam
1285 876 1430 905 comparat.
1471 874 1495 898 3.
1517 872 1686 907 Quamquam
1702 880 1753 898 non
1764 879 1860 897 sumus

1042 902 1044 912 '
1067 906 1166 940 ignari.
1181 906 1278 932 multos
1289 908 1408 934 studiose
1418 915 1506 935 contra
1518 918 1577 935 esse
1588 909 1720 940 dicturos;
1734 908 1807 943 quod
1819 908 1862 934 vi-

1042 961 1043 970 1
1066 948 1119 969 tare
1130 943 1204 969 nullo
1215 944 1293 970 modo
1305 946 1451 979 potuimus,
1465 948 1516 973 nisi
1530 947 1596 973 nihil
1608 947 1718 973 omnino
1728 946 1861 972 scribere-

1041 976 1043 1013 ,¹
1067 989 1136 1006 mus.

1041 1020 1043 1030 ’
1065 1017 1135 1043 dicio
1151 1018 1257 1052 probari
1274 1019 1445 1051 volebamus,
1463 1021 1610 1056 (popularis
1626 1026 1665 1047 est
1678 1021 1750 1047 enim
1764 1020 1808 1046 illa
1821 1019 1861 1046 fa-

1041 1059 1042 1078 ]
1064 1055 1163 1085 cultas,
1186 1060 1211 1081 et
1225 1056 1335 1083 effectus
1351 1057 1519 1093 eloquentiae
1533 1064 1573 1085 est
1584 1058 1751 1084 audientium
1763 1065 1861 1092 appro-

1041 1109 1042 1113 =
1065 1092 1159 1127 bati0);
1173 1092 1220 1118 sed
1231 1094 1254 1119 si
1267 1095 1468 1128 reperiebantur
1479 1096 1610 1125 nonnulli,
1627 1096 1674 1130 qui
1687 1094 1754 1121 nihil
1767 1093 1861 1120 lauda-

1041 1146 1043 1166 ζ
1065 1134 1132 1160 rent,
1149 1130 1200 1156 nisi
1212 1131 1285 1164 quod
1296 1140 1324 1157 se
1337 1132 1434 1159 imitari
1447 1142 1524 1167 posse
1536 1133 1707 1161 confiderent.
1724 1139 1861 1167 quemque

1042 1175 1043 1179 ¹
1065 1167 1190 1202 sperandi
1206 1167 1274 1198 sibi.
1291 1169 1417 1196 eumdem
1434 1170 1502 1196 bene
1517 1170 1624 1196 dicendi
1637 1170 1715 1196 [inem
1727 1177 1861 1204 propone-

1177 981 1281 1007 Etenim
1293 983 1316 1008 si
1327 984 1468 1013 orationes,
1484 993 1552 1019 quas
1564 993 1611 1010 nos
1623 983 1805 1010 multitudinis
1818 983 1860 1009 iu-

1065 1209 1136 1235 rent,
1154 1210 1187 1235 et.
1203 1213 1289 1239 quum
1303 1206 1480 1234 obruerentur
1490 1209 1565 1242 copia
1577 1207 1769 1233 sententiarum
1780 1211 1860 1241 atque

1066 1242 1394 1272 verborum.ieiunitatem
1401 1250 1426 1271 et
1438 1244 1535 1271 famem
1548 1253 1576 1271 se
1589 1244 1766 1279 malle‚quam
1779 1243 1860 1270 uber-

1065 1284 1144 1306 tatem
1161 1284 1187 1305 et
1201 1280 1306 1314 copiam
1323 1281 1455 1314 dicerent;
1479 1282 1550 1308 unde
1565 1287 1621 1308 erat
1634 1286 1756 1308 exortum
1772 1289 1860 1316 genus

1064 1317 1225 1348 Atticorum,
1248 1318 1282 1344 iis
1298 1319 1379 1353 ipsis,
1401 1320 1449 1354 qui
1466 1319 1493 1346 id
1509 1321 1587 1355 sequi
1606 1328 1634 1345 se
1655 1318 1858 1354 profitebantur,

1065 1355 1199 1389 ignotum3
1217 1356 1265 1389 qui
1277 1356 1331 1382 iam
1341 1357 1506 1388 conticuere,
1521 1366 1604 1392 paene
1615 1356 1649 1382 ab
1660 1357 1719 1391 ipso
1731 1355 1786 1382 foro
1797 1355 1861 1382 irri-

1063 1393 1100 1418 si:
1126 1392 1192 1427 quid
1212 1392 1333 1420 futurum
1349 1399 1490 1429 putamus.
1513 1403 1598 1430 quum
1614 1394 1734 1420 adiutore
1748 1392 1857 1428 populo.

1062 1438 1116 1464 quo
1130 1431 1273 1457 utebamur
1288 1437 1377 1462 antea,
1395 1441 1466 1459 nunc
1478 1433 1590 1458 minime
1605 1440 1653 1458 nos
1668 1432 1706 1457 uti
1722 1439 1801 1466 posse
1817 1430 1860 1456 vi-

1062 1467 1193 1494 deamus?
1227 1470 1251 1495 4.
1277 1469 1325 1496 Est
1338 1470 1410 1496 enim
1427 1469 1598 1505 philosophia
1619 1469 1713 1504 paucis
1736 1471 1859 1494 contenta

1062 1505 1210 1536 iudicibus,
1224 1505 1427 1533 multitudinem
1438 1507 1560 1534 consulto
1572 1507 1630 1542 ipsa
1642 1506 1762 1542 fugiem,
1778 1506 1859 1540 eique

1062 1543 1115 1577 ipsi
1131 1547 1156 1569 et
1171 1548 1295 1578 suspecta
1310 1549 1336 1570 et
1351 1545 1452 1571 invisa:
1471 1549 1500 1571 ut
1515 1544 1571 1575 vel.
1589 1544 1613 1570 si
1627 1544 1689 1578 quis
1703 1544 1857 1569 universam

1061 1580 1127 1606 velit
1138 1581 1299 1615 vituperare,
1312 1581 1432 1608 secundo
1442 1581 1468 1608 id
1482 1581 1581 1617 populo
1592 1580 1678 1607 facere
1688 1581 1787 1622 possit}
1803 1578 1856 1610 vel,

1061 1618 1084 1643 si
1097 1618 1123 1644 in
1136 1626 1204 1648 eam,
1220 1627 1302 1653 quam
1314 1627 1362 1645 nos
1374 1619 1491 1645 maxime
1502 1619 1652 1653 sequimur,
1660 1623 1771 1644 conetur
1781 1625 1858 1643 inva-

1061 1654 1133 1685 dere,
1142 1664 1238 1691 magna
1251 1656 1348 1682 habere
1358 1657 1443 1691 possit
1453 1656 1554 1682 auxilia
1564 1664 1578 1681 a
1591 1655 1756 1690 reliquorum
1768 1653 1859 1696 philo-

1061 1692 1207 1727 sophorum
1219 1693 1384 1728 disciplinis.
1425 1694 1456 1719 ΙΙ.
1477 1693 1530 1719 Nos
1541 1698 1629 1719 autem
1643 1693 1784 1718 universae
1794 1691 1858 1733 pbi-

1062 1729 1198 1764 losophiae
1216 1730 1443 1765 vituperatoribus
1459 1730 1648 1764 respondimus
1663 1730 1690 1755 in
1702 1729 1854 1759 nonensim

1061 1776 1109 1801 pro
1119 1767 1263 1793 Academia
1274 1772 1362 1793 autem
1375 1776 1444 1802 quae
1455 1767 1569 1794 dicenda
1580 1771 1669 1793 essent
1677 1787 1683 1794 .
1700 1767 1765 1792 satis
1777 1774 1858 1792 accu-

1061 1809 1115 1830 rate
1131 1805 1158 1830 in
1174 1804 1344 1831 Academicis
1358 1809 1484 1840 quattuor
1499 1804 1577 1830 libris
1593 1803 1726 1838 explicata
1743 1803 1858 1829 arbitra-

1060 1850 1135 1868 mur:
1148 1841 1195 1868 sed
1207 1847 1296 1868 tamen
1308 1847 1410 1868 tantum
1422 1841 1506 1871 abest.
1515 1846 1544 1868 ut
1554 1841 1636 1868 scribi
1647 1846 1738 1867 contra
1750 1849 1797 1866 nos
1809 1848 1858 1866 no-

1060 1878 1156 1909 limus,
1179 1884 1208 1905 ut
1223 1879 1250 1905 id
1264 1880 1344 1905 etiam
1361 1880 1478 1906 maxime
1491 1884 1626 1913 optemus.
1666 1879 1694 1904 ln
1710 1878 1768 1912 ipsa
1783 1878 1856 1903 enim

1060 1916 1170 1943 Graecia
1181 1916 1352 1951 philosophia
1364 1921 1435 1943 tanto
1447 1917 1474 1943 in
1486 1916 1584 1942 honore
1590 1923 1739 1950 numquam
1751 1914 1855 1946 fuisset,

1059 1954 1112 1980 nisi
1123 1953 1343 1980 doctissimorum
1353 1953 1571 1980 contentionibus
1583 1951 1856 1987 dissensionibusque

1059 1991 1202 2026 viguisset.

1115 2029 1140 2054 5.
1162 2028 1342 2060 Quamobrem
1358 2028 1448 2055 hortor
1461 2036 1568 2058 omnes,
1586 2027 1633 2062 qui
1653 2026 1738 2053 facere
1753 2025 1782 2052 id
1792 2034 1856 2068 pos-

1059 2070 1136 2096 sunt.
1154 2070 1183 2092 ut
1198 2065 1280 2092 huius
1291 2074 1400 2101 quoque
1413 2066 1521 2101 generis
1533 2064 1639 2091 laudem
1651 2065 1705 2090 iam
1717 2063 1855 2106 languenti

1059 2103 1186 2129 Graeciae
1201 2103 1317 2138 eripiant
1330 2108 1357 2130 et
1371 2103 1506 2138 perferant
1521 2103 1548 2128 in
1564 2102 1633 2128 hanc
1653 2101 1763 2132 urbem,
1784 2104 1856 2127 sicut

1058 2140 1177 2174 reliquas
1187 2148 1294 2170 omnes,
1312 2149 1381 2175 quae
1396 2140 1508 2175 quidem
1519 2145 1593 2166 erant
1604 2138 1783 2173 expetendae,
1795 2142 1855 2164 stu-

1057 2176 1102 2203 dio
1122 2182 1202 2212 atque
1223 2177 1354 2204 industria
1375 2186 1424 2204 sua
1445 2177 1559 2204 maiores
1580 2177 1663 2203 nostri
1683 2175 1851 2215 tratulerunt.

1057 2215 1143 2249 Atque
1154 2219 1287 2240 oratorum
1294 2215 1405 2249 quidem
1419 2215 1476 2241 laus
1488 2215 1523 2240 ita
1533 2214 1614 2240 ducta
1625 2213 1659 2239 ab
1670 2212 1768 2239 humili
1779 2216 1854 2238 vemt

1057 2251 1090 2278 ad
1104 2260 1252 2282 summum,
1266 2257 1295 2278 ut
1307 2252 1369 2282 iam,
1385 2251 1459 2287 quod
1470 2257 1563 2278 natura
1578 2251 1627 2277 fert
1637 2251 1665 2276 in
1675 2249 1803 2276 omnibus
1813 2247 1854 2274 fe-

1058 2297 1085 2315 re
1097 2288 1191 2319 rebuS,
1209 2295 1330 2315 senescat
1342 2289 1472 2324 brevique
1484 2294 1601 2323 tempore
1612 2287 1645 2313 ad
1657 2286 1853 2328 nibilum-ven·-

1057 2331 1115 2352 tura
1136 2326 1273 2352 videatur:
1296 2326 1468 2361 philosophia
1483 2330 1608 2352 nascatur
1621 2325 1724 2350 Latinis
1739 2322 1852 2358 quidem

1057 2362 1152 2389 litteris
1168 2372 1201 2389 ex
1217 2363 1259 2389 his
1275 2363 1458 2398 temporibus.
1480 2370 1594 2397 eamque
1609 2369 1657 2387 nos
1671 2359 1837 2401 adiuvemus
1841 2368 1849 2401 Ξ

1056 2408 1159 2435 nosque
1175 2401 1248 2435 ipsos
1262 2401 1388 2436 redargui
1404 2399 1544 2434 refellique
1560 2399 1702 2433 patiamur.
1742 2396 1851 2438 Quodn

1056 2437 1145 2464 ferunt
1156 2438 1245 2464 animo
1257 2439 1360 2473 iniquo,
1368 2439 1416 2472 qui
1426 2438 1506 2463 certis
1519 2434 1684 2471 quibusdam
1694 2433 1851 2460 destinatis·

1055 2483 1108 2509 que
1119 2475 1260 2501 sententiis
1271 2475 1350 2510 quasi
1361 2474 1462 2501 addicti
1472 2479 1498 2500 et
1511 2472 1656 2500 consecrati
1671 2476 1747 2502 suut,
1764 2478 1850 2506 eaque

1056 2513 1213 2538 necessitate
1224 2513 1374 2543 constricti,
1387 2516 1430 2542 ut.
1448 2511 1528 2537 etiam
1539 2518 1608 2545 quae
1619 2517 1671 2535 non
1682 2508 1794 2542 probare
1805 2515 1850 2534 so·-

1056 2548 1138 2579 leant‚
1155 2558 1184 2575 ea
1194 2554 1325 2585 cogantur
1334 2549 1497 2575 constantiae
1507 2555 1602 2573 caussa
1613 2545 1771 2572 defendere:
1788 2553 1847 2575 nos,

1054 2586 1102 2620 qui
1113 2587 1256 2621 sequimur
1266 2585 1425 2621 probabilia,
1438 2593 1488 2611 nec
1499 2584 1566 2610 ultra
1577 2592 1660 2618 quam
1672 2582 1708 2612 id,
1717 2581 1790 2617 quod
1801 2590 1849 2608 ve-

1054 2623 1168 2649 risimile
1183 2624 1341 2654 occurrerit,
1364 2621 1489 2658 progredi
1504 2629 1663 2655 possumus,
1686 2618 1848 2661 ‹et-refellere

1054 2660 1113 2686 sine
1131 2661 1278 2695 pertinacia
1293 2665 1320 2687 et
1329 2659 1416 2686 refelli
1426 2660 1484 2686 sine
1496 2658 1633 2685 iracundia
1645 2661 1730 2692 parati
1741 2664 1846 2683 sumus.
