1941 3052
206 147 254 172 8132
777 146 819 171 95.

204 216 324 250 obrepsit
344 214 416 243 ‹lii-s,
441 220 468 240 ιιι
490 214 579 243 vides,
602 214 679 248 (mihi
700 214 771 240 enim
793 223 817 240 a.
834 214 861 240 d.
880 222 917 239 iu.
936 214 993 240 Kal.
1016 214 1017 221 ¹

205 253 279 279 Sext,
297 252 329 277 ιΙι·
347 252 482 285 proviuria
498 251 682 276 ‹lm-edendum
699 251 759 284 est.)
772 259 820 276 nec
831 250 993 277 sur-ceditur.
1016 250 1017 284 ζ

205 291 289 321 Quem
303 289 466 322 relinquam,
484 289 530 322 qui
544 288 698 322 provinciat-
710 287 826 322 praesit‘?
848 289 996 322 tiatioqui-
1015 306 1017 328 4

205 327 265 352 ‹li-ui
287 331 312 351 ct
332 326 422 359 opinio
439 325 576 350 homiuum
590 325 705 359 postulat
721 325 841 351 fratrem:
865 326 992 360 primum,
1015 338 1024 361 μ

205 363 275 398 quod
291 362 463 388 videturesse
477 362 571 387 hunos:
591 371 668 388 nemo
683 363 868 397 igiturpotior:
886 362 992 392 deinde,
1015 367 1017 399 j

204 399 275 434 qumi
289 399 375 424 solutu
389 399 474 424 liabeo
486 399 657 433 praetorium.
699 400 866 434 l'omptinius
877 401 949 426 enim
961 408 994 426 ex

205 441 280 471 pacto
301 440 326 461 et
345 440 475 462 convento
495 435 566 470 (nam
587 445 616 461 ea
634 436 690 472 lege
707 437 817 472 exierat)
846 437 896 463 iaui
923 445 936 462 a
953 445 994 463 nie
1014 448 1017 475 3

204 474 373 499 discesserat.
417 474 588 505 Quaestor-em
605 482 683 500 nemo
698 474 810 507 dignum
828 479 911 509 putat.
933 474 995 500 Ete-
1014 480 1016 504 ι

205 511 259 536 nim
272 514 312 536 est
325 510 404 540 levis,
420 510 595 541 libidinosus,
610 515 697 544 tagax.
727 513 751 537 2.
768 512 802 537 De
815 511 894 537 fratre
905 516 993 537 nutem

205 549 322 582 primuni
345 547 411 573 illud
427 552 479 573 est:
507 548 662 582 persuaderi
678 549 701 574 ei
718 557 768 575 non
781 557 859 583 posse
870 549 992 575 arbitror.

204 584 267 610 Odit
287 584 357 610 euim
380 585 556 618 provinciam.
598 586 629 612 Et
650 585 757 612 hercule
778 585 845 612 nihil
861 586 991 616 odiosius,

205 621 272 647 nihil
285 621 433 647 molestius.
461 622 568 652 Deinde,
583 627 611 649 ut
623 623 689 649 mihi
701 623 767 650 nolit
778 632 889 659 negare,
913 622 994 658 quid-

204 667 265 685 nam
282 659 334 684 mci
352 659 386 684 sit
397 658 497 685 oflicii?
525 660 614 691 Quum
627 660 728 686 bellum
739 669 798 687 esse
811 661 836 686 in
849 661 925 696 Syria
938 669 994 686 ma-

203 704 286 731 gnum
303 700 423 730 putetur,
446 696 473 722 id
491 696 613 723 videatur
629 698 654 723 in
668 697 735 724 hanc
751 699 916 732 provinciam
932 706 995 724 eru-

203 738 326 768 pturum:
349 733 393 759 hic
405 733 531 768 praesidii
545 734 611 760 nihil
623 735 670 767 sit;
694 740 818 770 sumptus
830 744 936 761 annuus
947 734 994 761 de-

202 775 291 797 cretus
311 770 359 803 sit3
392 770 549 797 videaturne
569 776 614 798 aut
635 772 740 806 pietatis
761 781 819 798 esse
836 781 922 803 meae,
941 771 994 798 sra-

204 812 270 834 trem
291 807 455 842 relinquere,
479 813 523 834 aut
543 808 712 845 diligentiae,
736 818 867 845 nugarum
889 809 993 844 aliquid

203 844 373 879 relinquere?
402 846 494 881 Magna
512 846 607 881 igitur,
622 851 651 872 ut
662 846 747 877 vides,
761 846 942 873 sollicitudine
954 846 994 872 as-

203 882 286 912 licior,
310 891 405 918 magna
428 883 516 917 inopia
537 883 653 910 consilii.
694 884 764 915 Quid
785 884 910 919 quaeris‘?
930 885 993 910 Toto
1013 897 1015 940 A

203 920 309 954 negotio
331 920 408 945 nobis
423 928 491 954 opus
508 929 558 946 non
576 920 635 947 suit.
675 920 780 953 Quanto
795 927 838 948 tua
855 922 991 956 provincia

191 956 310 983 ⁴melior!
337 957 467 987 Decedes,
481 966 566 992 quum
579 957 665 990 voles;
693 959 745 984 nisi
758 958 823 985 sorte
836 960 887 985 iam
900 959 993 985 deces-
1013 948 1015 997 f

202 994 275 1020 sisti:
289 1002 370 1029 quem
383 994 528 1025 videbitur,
542 995 860 1031 praeficies'l'hesprotiae
871 1001 896 1022 et
907 996 992 1023 Chao-

202 1032 272 1057 niae.
313 1031 432 1057 Necdum
451 1036 537 1058 tnmen
553 1041 602 1067 ego
617 1033 746 1064 Quintum
759 1042 949 1062 conveneram.
965 1037 993 1059 ut
1013 1058 1015 1067 ,

202 1069 268 1098 iam,
283 1068 306 1094 si
319 1068 346 1094 id
358 1068 482 1103 placeret,
496 1070 602 1100 scirem,
617 1075 741 1104 possetne
753 1071 785 1097 ab
797 1080 828 1097 eo
840 1072 990 1107 impetrari:

202 1114 250 1131 nec
262 1110 358 1136 tamen,
372 1106 395 1132 si
407 1111 505 1140 posset,
518 1107 583 1141 quid
597 1107 702 1139 vellem,
717 1108 859 1136 habebam.

201 1147 241 1169 est
253 1143 334 1178 igitur
345 1143 489 1171 eiusmodi.
521 1144 632 1180 Reliqua
644 1145 722 1180 plena
734 1146 822 1173 adhuc
833 1152 857 1174 et
870 1147 957 1174 laudis
968 1153 994 1175 ct

200 1181 310 1215 gratiae,
324 1180 405 1216 digna
419 1182 452 1207 iis
465 1181 550 1213 libris,
563 1191 631 1217 quos
643 1188 670 1209 tu
684 1183 786 1210 laudas.
816 1184 992 1211 Conservatae

200 1218 335 1250 civitates;
368 1218 503 1245 cumulate
528 1219 681 1254 publicanis
706 1221 887 1254 satisfactum3
910 1222 993 1249 offen-

200 1263 247 1280 sus
267 1255 428 1281 contumelia
449 1265 540 1287 nemo,
563 1256 667 1284 decreto
688 1258 760 1285 iusto
774 1264 800 1285 et
823 1268 917 1286 severo
931 1268 994 1294 per-

199 1292 292 1326 pauci;
326 1301 374 1318 nec
391 1297 478 1319 tamen
495 1295 654 1329 quisquam,
672 1300 701 1321 ut
715 1297 793 1330 queri
808 1296 917 1330 audeat3
950 1305 992 1323 res

198 1333 290 1364 gestae
313 1329 411 1365 dignae
431 1331 581 1366 triumpho,
613 1331 646 1358 de
666 1341 720 1367 quo
737 1333 794 1368 ipso
810 1334 878 1360 nihil
894 1334 993 1368 cupide

199 1374 324 1401 agemus,
338 1368 396 1393 sine
409 1372 453 1394 tuo
466 1368 577 1403 quidem
589 1369 701 1396 consilio
712 1375 781 1397 certe
793 1370 871 1397 nihil.
913 1371 993 1398 Clau-

199 1403 258 1429 sula
280 1408 319 1430 est
339 1404 461 1431 difficilis
482 1406 508 1431 in
526 1405 652 1432 tradenda
668 1408 816 1441 provincia.
857 1408 910 1435 Sed
927 1409 992 1435 haec

198 1440 266 1466 deus
281 1440 382 1476 aliquis
397 1442 569 1477 gubernabit.
615 1445 638 1470 4.
655 1445 690 1470 De
702 1445 812 1471 urbanis
824 1445 906 1472 rebus
917 1446 993 1473 scili-

198 1482 238 1504 cet
250 1477 326 1512 plura
342 1483 369 1505 tu
381 1480 448 1512 scis;
471 1481 580 1515 saepius
591 1486 617 1507 et
626 1482 735 1508 certiora
747 1483 836 1509 audis.
858 1483 992 1518 Equidem

197 1515 287 1547 doleo.
301 1524 353 1543 non
365 1525 407 1543 mc
419 1518 472 1543 tuis
485 1517 579 1544 litteris
589 1519 728 1545 certiorem
744 1520 810 1547 fieri.
851 1521 908 1547 Huc
919 1522 991 1547 enim

197 1552 289 1579 odiosa
308 1553 486 1581 afferebantur
501 1555 533 1581 de
549 1555 677 1587 Curione,
696 1556 729 1583 de
744 1557 851 1584 Paullo:
874 1567 926 1585 non
938 1567 992 1593 quo

198 1589 284 1616 ullum
305 1591 457 1625 periculum
472 1592 579 1618 videam
592 1598 677 1620 stante
696 1594 834 1629 Pompeio,
852 1595 895 1622 vel
910 1596 991 1622 etiam

197 1627 320 1654 sedente:
354 1628 440 1656 valeat
460 1630 553 1656 modo:
585 1630 633 1656 sed
654 1631 807 1658 mehercule
826 1632 951 1659 Curionis
966 1637 992 1660 et

900 1112 924 1136 3.
939 1109 994 1137 Iloc
1014 1115 1021 1127 ¹=

197 1664 296 1696 Paulli,
311 1674 431 1692 nieorum
444 1666 628 1699 familiarium,
642 1669 728 1695 vicem
740 1669 826 1696 doleo.
867 1670 990 1696 Formam

197 1702 281 1737 igitur
301 1703 369 1729 mihi
385 1704 465 1730 totius
482 1704 661 1739 reipublicae,
681 1707 704 1732 si
719 1706 772 1733 iam
784 1715 812 1732 es
825 1707 932 1738 Romae,
945 1711 991 1734 aut

196 1747 282 1774 quum
298 1740 364 1771 eris,
382 1741 465 1767 velim
482 1743 585 1773 mittas,
602 1751 670 1777 quae
686 1743 754 1769 mihi
767 1743 876 1770 obviam
889 1745 988 1776 veniat,

197 1784 231 1802 ex
244 1785 297 1811 qua
312 1786 355 1804 me
369 1778 468 1814 fingere
483 1780 599 1813 possim,
616 1784 642 1806 et
654 1781 852 1815 praemeditari,
866 1790 920 1816 quo
931 1782 990 1808 ani-

196 1821 240 1840 mo
255 1815 379 1841 accedam
396 1816 429 1842 ad
445 1816 553 1843 Urbem.
594 1816 641 1843 Est
655 1818 728 1844 enim
744 1818 888 1853 quiddam,
907 1818 990 1844 adve-

196 1851 314 1878 nientem
325 1861 377 1879 non
389 1861 447 1879 esse
458 1854 632 1889 peregrinum
643 1859 722 1889 atque
734 1854 877 1890 hospitem.
908 1857 933 1882 5.
944 1855 986 1887 Et,

195 1888 268 1923 quod
284 1897 367 1924 paene
383 1891 520 1924 praeterii,
547 1891 621 1918 Bruti
636 1893 675 1918 tui
690 1900 799 1923 caussa,
816 1897 846 1919 ut
860 1901 940 1928 saepe
955 1892 987 1919 ad

195 1930 221 1952 te
246 1927 357 1961 scripsi,
383 1927 432 1953 feci
452 1928 551 1954 omnia.
592 1928 684 1964 Cyprii
707 1929 893 1956 numerabant.
934 1930 988 1956 Sed

195 1963 320 1998 Scaptius
335 1964 503 1996 centesimis,
522 1970 647 1992 renovato
663 1966 689 1992 in
705 1965 827 2002 singulos
838 1976 922 1994 annos
934 1967 989 1993 soc-

195 2009 271 2032 nore‚
285 2005 424 2028 contentus
439 2010 491 2028 non
503 2001 563 2029 suit.

193 2038 287 2073 peium
303 2038 432 2073 prolixior
442 2047 490 2074 per
501 2039 601 2073 ipsum,
615 2048 696 2075 quam
708 2049 756 2075 per
766 2049 808 2067 me
820 2042 847 2068 in
859 2042 983 2075 Brutum3

194 2083 276 2110 quem
292 2080 380 2102 tamen
396 2084 444 2112 ego
459 2081 593 2111 praestare
608 2086 661 2104 non
672 2083 801 2112 poteram.
840 2079 903 2106 Erat
914 2081 986 2106 enim

194 2121 242 2139 rex
258 2121 420 2148 perpauper3
455 2113 617 2149 aberamque
633 2115 666 2141 ab
683 2123 713 2142 eo
725 2116 760 2142 ita
771 2115 862 2152 longe,
876 2121 906 2143 ut
917 2116 986 2143 nihil
1008 2123 1010 2151 ζ

194 2158 315 2184 possem,
339 2151 391 2177 nisi
413 2150 521 2183 litteris3
553 2151 654 2186 quibus
675 2161 796 2188 pugnare
816 2162 868 2179 non
884 2153 984 2181 destiti.

194 2187 305 2215 Summa
321 2188 386 2214 haec
403 2193 456 2214 est:
482 2197 530 2223 pro
542 2189 642 2215 ratione
653 2191 784 2224 pecuniae
796 2190 936 2217 liberalius
947 2195 987 2218 est

193 2225 291 2252 Brutus
307 2229 446 2256 tractatus»,
459 2234 541 2260 quam
555 2226 709 2261 Pompeius.
740 2228 821 2254 Bruto
834 2233 925 2255 curata
937 2228 987 2255 hoc

193 2270 262 2288 anno
280 2262 377 2289 talenta
393 2263 499 2289 circiter
514 2272 542 2296 c;
579 2264 706 2299 Pompeio
727 2265 755 2291 in
775 2273 824 2292 sex
844 2265 985 2292 mensibus

193 2300 327 2334 promissa
339 2309 380 2326 ce.
420 2300 474 2326 Iam
487 2301 514 2326 in
525 2300 607 2335 Appii
621 2302 727 2337 negotio
739 2307 872 2337 quantum
884 2303 986 2329 tribue-

192 2337 244 2363 rim
258 2337 351 2367 Bruto,
365 2337 419 2363 dici
431 2337 478 2364 vix
489 2342 584 2372 potest.
624 2338 696 2370 Quid
707 2343 748 2365 est
759 2339 850 2374 igitur,
863 2340 936 2374 quod
948 2339 986 2366 la-

192 2373 302 2400 borem‘?
325 2375 433 2401 Amicos
448 2374 528 2401 habet
542 2383 629 2402 meras
644 2384 744 2411 nugas,
757 2376 908 2408 Matinium,
922 2377 987 2404 Sca-

191 2411 292 2445 ptium3
321 2412 378 2446 qui,
395 2412 459 2446 quia
475 2420 527 2438 non
543 2412 639 2439 habuit
653 2421 668 2439 a
684 2421 726 2439 me
737 2418 840 2440 turmas
850 2415 983 2449 equitum,

192 2448 293 2482 quibus
309 2449 427 2484 Cyprum
444 2454 564 2480 vexaret,
583 2454 613 2476 ut
623 2454 683 2476 ante
693 2458 736 2476 me
747 2450 857 2482 fecerat,
875 2451 986 2478 fortasse

192 2491 343 2518 succenset3
370 2491 415 2513 aut
425 2487 489 2521 quia
499 2486 650 2521 praefectus
661 2495 713 2513 non
724 2492 777 2519 est,
794 2488 867 2523 quod
877 2497 927 2524 ego
938 2497 987 2515 ne-

193 2522 259 2547 mini
275 2523 358 2549 tribui
370 2524 539 2559 negotiatori3
565 2532 618 2550 non
629 2523 658 2551 C.
671 2524 818 2556 Vennonio,
835 2533 894 2552 meo
905 2525 986 2552 fami—

193 2557 266 2590 liari;
294 2567 346 2586 non
360 2565 406 2586 tuo
421 2561 457 2586 M.
470 2561 582 2594 Laeni0;
605 2565 630 2587 et
640 2561 714 2596 quod
725 2561 776 2588 tibi
785 2562 884 2589 Romae
895 2567 985 2590 osten-

193 2593 284 2620 deram
300 2604 342 2621 me
357 2602 536 2629 servaturum,
550 2599 577 2624 in
589 2606 620 2624 eo
629 2599 812 2633 perseveravi.
852 2599 906 2626 Sed
916 2600 984 2635 quid

603 2002 796 2030 Ariobarzanes
807 2012 859 2030 non
871 2005 897 2031 in
909 2005 987 2031 Pom·
1008 2013 1011 2035 5

192 2632 289 2665 poterit
302 2633 379 2667 queri
391 2634 427 2664 is,
440 2635 502 2669 qui,
515 2634 619 2661 auferre
629 2636 774 2670 pecuniam
785 2644 871 2671 quum
881 2641 981 2672 posset,

193 2667 296 2695 noluit‘?
315 2668 429 2712 Scaptio,
442 2672 490 2706 qui
502 2673 529 2698 in
540 2672 707 2707 Cappadocia
719 2672 779 2704 fuit,
790 2678 857 2708 puto
867 2682 927 2701 esse
940 2682 984 2700 sa-

854 145 888 171 Μ.
919 144 948 170 Τ.
983 144 1258 171 CICERONIS

1048 214 1192 241 natantum.
1234 215 1257 241 1⁸
1282 223 1296 240 a
1317 223 1358 241 me
1387 216 1550 242 tribunatum
1570 225 1655 252 quum
1676 217 1832 252 accepisset,

1046 260 1127 286 quc-m
1143 260 1193 284 ego
1207 260 1241 278 ex
1255 252 1328 278 Bruti
1344 252 1437 279 litteris
1450 254 1474 279 ei
1486 254 1652 283 detulissem,
1667 260 1756 288 ponta-a
1769 255 1836 280 scri-

1048 289 1100 323 psit
1115 288 1147 314 ad
1165 297 1219 318 me,
1237 298 1265 314 ue
1282 290 1320 315 uti
1332 289 1443 316 nont-eo
1454 290 1600 317 tribunatu.
1640 294 1665 316 6,
1681 292 1784 317 Gavius·
1795 296 1836 318 est

1046 325 1170 360 quidnm;
1203 327 1246 352 cui
1267 334 1351 361 quum
1376 326 1567 361 praefecturam
1587 328 1745 354 detulissem
1762 329 1835 354 Bruti

1047 368 1152 396 rogatu,
1175 362 1257 389 multu
1274 368 1298 389 et
1313 363 1382 389 «lixit
1393 369 1418 389 et
1430 363 1493 390 fecit
1503 373 1564 390 rum
1576 366 1691 400 quadam
1704 375 1761 391 mea
1772 375 1837 392 ron-

1047 400 1165 430 tumelia,
1188 401 1215 426 Ρ.
1235 400 1321 426 Clodii
1336 401 1420 427 cunis.
1462 402 1485 427 ts
1503 410 1544 427 me
1560 410 1608 428 nec
1624 403 1835 437 proticiscentem

1047 438 1191 472 Apameam
1203 442 1361 472 prosecutus
1375 443 1426 469 est;
1451 447 1506 468 nec,
1519 447 1603 473 quum
1616 444 1705 474 postea
1714 441 1739 466 in
1751 446 1835 466 castra

1048 475 1177 503 venisset.
1193 480 1272 509 atque
1284 474 1344 501 inde
1355 475 1512 503 discederet.
1526 476 1658 510 numquid
1674 477 1779 504 vellem.
1795 486 1837 503 m-

1022 514 1023 519 *
1045 512 1132 544 gavia
1155 516 1181 538 et
1195 511 1245 538 suit
1257 517 1346 547 aperte
1358 513 1434 542 mihi,
1449 513 1539 538 nescio
1549 521 1641 548 quare,
1655 522 1706 541 non
1720 515 1834 540 amicus.

1046 549 1121 575 llunc
1136 557 1186 584 ego
1196 549 1219 575 si
1233 550 1258 575 in
1271 548 1411 584 praefectis
1424 550 1588 580 habuissem,
1602 559 1682 585 qnem
1695 555 1722 577 tu
1735 560 1777 577 me
1789 552 1837 577 lio-

1020 585 1022 595 *
1045 587 1145 612 minem
1158 586 1283 621 putares?
1301 588 1358 621 qui,
1373 588 1473 617 utscis,
1491 588 1737 622 potentissimorum
1750 588 1837 614 homi-

1020 623 1022 633 *
1046 632 1110 650 num
1131 624 1325 650 contumaciam
1341 633 1488 659 numquam
1504 624 1625 653 tulerim.
1644 624 1739 651 serrem
1755 625 1836 651 huius

1045 661 1180 687 asseclae?
1209 661 1264 687 Etsi
1286 661 1335 687 hoc
1355 661 1415 696 plus
1435 666 1487 691 est,
1509 670 1590 696 quam
1616 661 1697 691 ferre,
1720 662 1836 688 tribuere

1045 699 1124 724 etiam
1143 698 1265 724 beneficii
1280 698 1384 733 aliquid
1396 703 1422 724 et
1434 698 1551 725 honoris.
1593 699 1616 725 ls
1629 700 1711 735 igitur
1721 700 1834 729 Gavius,

1044 744 1128 770 quum
1145 736 1277 770 Apameae
1301 744 1343 761 me
1367 744 1452 770 nuper
1473 736 1585 762 vidisset
1605 737 1714 762 nomam
1730 736 1837 771 proiici-

1044 781 1135 804 scens,
1158 782 1200 799 me
1213 774 1246 799 ita
1258 772 1417 807 appellavit:
1454 773 1614 804 (Culleolum
1628 774 1673 800 vix
1684 774 1837 807 auderem)

1045 810 1130 840 unde,
1148 811 1249 845 inquit,
1263 819 1305 836 me
1318 810 1395 836 iubes
1410 815 1499 845 petere
1510 811 1609 836 cibaria
1623 810 1766 845 praefecti?
1786 811 1837 837 Re-

1045 847 1141 882 spondi
1164 847 1259 878 lcnius,
1282 856 1363 882 quam
1384 847 1513 882 putabant
1528 849 1692 882 oportuisse,
1709 848 1757 883 qui
1773 847 1837 874 ade-

1045 890 1115 915 rant3
1149 894 1190 911 me
1212 893 1263 911 non
1286 885 1436 911 instituisse
1457 886 1490 911 iis
1511 884 1574 911 dare
1588 885 1702 912 cibaria.
1720 893 1836 920 quorum

1044 931 1122 957 opera
1135 931 1185 948 non
1197 930 1284 948 essem
1297 931 1372 948 usus
1404 922 1477 948 Abiit
1490 923 1580 948 iratus.
1611 923 1636 948 7.
1652 923 1739 948 liuius
1751 922 1836 949 nebu-

1046 959 1114 986 lonis
1131 959 1279 986 obiratione
1293 959 1316 985 si
1333 960 1429 985 Brutus
1442 960 1541 985 moveri
1554 964 1652 993 potest,
1671 960 1762 986 licebit
1773 968 1835 985 eum

1044 996 1118 1023 solus
1137 1005 1222 1024 ames:
1245 1005 1287 1022 me
1307 996 1444 1023 aemulum
1461 1005 1511 1023 non
1529 996 1650 1023 habebis.
1690 996 1741 1022 Sed
1759 996 1835 1022 illum

1044 1043 1106 1060 eum
1123 1034 1244 1060 futurum
1257 1042 1315 1060 esse
1327 1039 1399 1069 puto.
1415 1034 1461 1068 qui
1474 1042 1533 1060 esse
1544 1033 1632 1059 debet.
1673 1034 1734 1060 Tibi
1747 1038 1834 1060 tamen

1044 1080 1166 1099 caussam
1183 1076 1271 1098 notam
1283 1079 1342 1097 esse
1353 1071 1440 1097 volui:
1463 1070 1530 1097 etad
1543 1071 1631 1105 ipsum
1645 1070 1709 1096 haec
1721 1071 1836 1105 perscri-

1044 1112 1086 1145 psi
1101 1109 1320 1146 diligentissime.
1349 1108 1466 1135 Omnino
1476 1107 1536 1143 (soli
1547 1108 1620 1135 euim
1630 1109 1735 1143 sumus)
1747 1107 1836 1134 nullas

1044 1156 1174 1182 umquam
1195 1147 1227 1173 ad
1249 1155 1290 1173 me
1310 1146 1410 1173 litteras
1431 1147 1504 1172 misit
1525 1147 1635 1176 Brutus,
1661 1155 1693 1172 ne
1713 1145 1836 1181 proxime

1044 1185 1155 1219 quidem
1175 1184 1208 1210 de
1228 1184 1328 1218 Appio,
1351 1184 1378 1210 in
1399 1183 1500 1218 quibus
1516 1192 1567 1209 non
1584 1184 1683 1210 inesset
1698 1192 1832 1219 arrogans.

1045 1221 1217 1256 ἀκοινώνητον
1237 1220 1351 1256 aliquid.
1392 1221 1454 1247 Tibi
1474 1225 1562 1247 autem
1575 1220 1652 1247 valde
1667 1220 1734 1248 solet
1749 1222 1776 1247 in
1790 1228 1834 1247 ore

1021 1273 1023 1280 ι
1044 1267 1112 1289 esse,

1342 1295 1456 1322 Granius
1466 1299 1550 1321 autem

1100 1342 1150 1359 non
1161 1338 1318 1359 contemnere
1326 1341 1353 1359 se
1363 1337 1386 1359 ot
1398 1341 1468 1365 reyes
1478 1334 1559 1358 odisse
1569 1333 1704 1366 superbos.-

1045 1371 1071 1397 in
1091 1379 1146 1406 quo
1164 1375 1252 1397 tamen
1273 1369 1319 1396 ille
1334 1369 1402 1396 mihi
1417 1371 1502 1396 risum
1518 1370 1618 1405 magis,
1639 1377 1720 1404 quam
1736 1373 1835 1395 stoma-

1043 1408 1126 1434 chum
1149 1416 1256 1434 movere
1272 1407 1351 1434 solet:
1378 1406 1425 1433 sed
1440 1406 1518 1441 plane
1534 1415 1628 1441 parum
1644 1407 1750 1442 cogitat,
1767 1405 1835 1441 quid

1044 1445 1199 1472 scribataut
1209 1444 1242 1471 ad
1253 1453 1346 1480 quem.
1377 1446 1402 1470 8.
1424 1444 1455 1476 Q.
1467 1444 1560 1471 Cicero
1574 1452 1641 1479 puer
1652 1443 1724 1479 legit,
1738 1443 1836 1477 utopi-

1044 1491 1100 1513 nor,
1124 1487 1151 1509 et
1160 1487 1239 1513 certe,
1257 1481 1397 1517 epistolam
1413 1482 1568 1516 inscriptam
1584 1482 1652 1516 patri
1666 1489 1725 1507 suo.
1764 1480 1836 1506 Solet

1043 1521 1115 1546 enim
1137 1520 1254 1555 aperire,
1277 1519 1359 1554 idque
1376 1519 1408 1545 de
1424 1527 1483 1545 meo
1498 1518 1623 1549 consilio,
1647 1519 1670 1544 si
1685 1517 1752 1553 quid
1768 1517 1834 1544 sorte

1043 1558 1091 1588 sit,
1114 1557 1187 1593 quod
1207 1565 1276 1591 opus
1291 1557 1327 1583 sit
1345 1557 1418 1582 sciri.
1459 1557 1487 1582 ln
1503 1564 1533 1582 ea
1548 1561 1636 1582 autem
1652 1555 1764 1590 epistola
1779 1559 1836 1581 erat

1042 1594 1111 1621 illud
1130 1594 1202 1621 idem
1218 1594 1251 1620 de
1262 1602 1360 1625 sorore,
1381 1593 1453 1628 quod
1467 1592 1500 1619 ad
1512 1601 1564 1619 me.
1605 1592 1715 1619 Mirifice
1726 1596 1834 1618 contur-

1042 1632 1134 1658 batum
1147 1631 1203 1658 vidi
1213 1639 1338 1666 puerum.
1379 1631 1532 1657 Lacrimans
1544 1638 1650 1656 mecum
1660 1634 1701 1655 est
1710 1633 1832 1664 questus.

1042 1669 1113 1701 Quid
1124 1667 1251 1704 quaeris?
1264 1669 1360 1694 miram
1371 1668 1398 1694 in
1410 1676 1441 1694 eo
1451 1668 1586 1702 pietatem,
1599 1667 1768 1696 suavitatem,
1781 1665 1834 1692 hu·

1042 1707 1252 1740 manitatemque
1271 1705 1410 1740 perspexi;
1441 1713 1495 1739 quo
1509 1705 1637 1730 maiorem
1649 1711 1724 1738 spem
1736 1703 1831 1733 habeo,

1041 1743 1110 1770 nihil
1134 1743 1188 1769 fore
1209 1742 1294 1773 aliter,
1312 1751 1342 1768 ac
1353 1741 1454 1768 deceat.
1495 1741 1523 1768 ld
1539 1746 1563 1767 te
1573 1741 1656 1776 igitur
1666 1741 1735 1766 scire
1747 1740 1830 1767 volui.

1041 1782 1066 1807 9.
1079 1781 1117 1806 Ne
1131 1779 1197 1806 illud
1209 1779 1319 1814 quidem
1332 1779 1554 1814 praetermittam:
1571 1779 1735 1807 llortensius,
1750 1777 1831 1807 fitius,
1869 1804 1876 1810 ,

1041 1817 1092 1844 fuit
1112 1817 1271 1847 Laodiceae,
1293 1816 1502 1853 gladiatoribus,
1521 1815 1650 1851 flagitiose
1668 1820 1693 1841 et
1709 1815 1830 1849 turpiter.

1041 1855 1117 1881 Hunc
1137 1863 1187 1890 ego
1206 1855 1290 1889 patris
1309 1862 1404 1880 caussa
1420 1853 1514 1879 vocavi
1530 1853 1563 1878 ad
1578 1861 1702 1881 coenam,
1720 1860 1775 1887 quo
1788 1851 1832 1877 die

1041 1892 1127 1924 venit;
1145 1897 1170 1918 et
1181 1891 1303 1918 eiusdem
1315 1891 1398 1926 patris
1409 1899 1504 1917 caussa
1516 1889 1584 1916 nihil
1595 1889 1723 1924 amplius.
1745 1889 1770 1915 ls
1781 1889 1833 1914 mi-

1041 1929 1069 1955 hi
1085 1929 1155 1956 dixit
1172 1937 1201 1955 se
1212 1928 1324 1955 Athenis
1335 1937 1378 1954 me
1388 1932 1615 1962 exspectaturum,
1629 1931 1658 1953 ut
1668 1934 1774 1952 mecum
1785 1925 1833 1952 de-

1039 1966 1154 1993 cederet.
1180 1967 1268 1997 Recte,
1282 1966 1406 2001 inquam:
1428 1964 1495 1999 quid
1508 1965 1580 1990 enim
1591 1962 1727 1990 dicerem?
1744 1963 1833 1990 omni-

1040 2012 1074 2030 no
1095 2009 1160 2038 puto
1170 2003 1239 2030 nihil
1251 2011 1319 2034 esse,
1333 2002 1406 2038 quod
1417 2002 1495 2028 dixit.
1536 2000 1603 2028 Nolo
1613 2000 1734 2036 quidem,
1747 2009 1781 2027 ne
1791 1999 1832 2026 οἷ-

1041 2041 1147 2067 fendam
1159 2046 1271 2076 patrem,
1284 2049 1365 2075 quem
1378 2038 1531 2066 mehercule
1542 2037 1658 2065 multum
1671 2037 1766 2073 diligo.
1782 2036 1830 2063 Sin

1041 2078 1120 2105 suerit
1140 2087 1217 2104 meus
1232 2086 1331 2108 comes,
1350 2076 1508 2103 moderabor
1522 2077 1566 2106 ita,
1583 2083 1616 2102 ne
1631 2074 1698 2110 quid
1713 2082 1775 2101 eum
1789 2073 1831 2101 os-

1039 2115 1158 2147 tendam,
1180 2123 1262 2150 quem
1278 2115 1390 2141 minime
1406 2113 1476 2140 volo.
1519 2114 1558 2139 40.
1572 2113 1640 2139 Haec
1650 2116 1726 2144 sunt;
1749 2112 1829 2138 etiam

1039 2152 1117 2179 illud.
1157 2152 1311 2179 Orationem
1327 2151 1358 2184 Q.
1376 2150 1477 2178 Celeris
1492 2150 1561 2176 mihi
1571 2149 1654 2176 velim
1665 2149 1756 2175 mittas
1766 2157 1823 2174 con-

1039 2195 1075 2216 tra
1093 2191 1128 2216 M.
1145 2189 1303 2216 Servilium.
1343 2189 1455 2215 Litteras
1470 2188 1545 2214 mitte
1559 2195 1641 2222 quam
1651 2186 1783 2221 primum:
1805 2186 1829 2211 si

1015 2232 1017 2235 '
1039 2227 1120 2259 nihil3
1156 2226 1224 2253 nihil
1241 2226 1307 2257 fleri,
1325 2226 1367 2252 vel
1379 2230 1514 2260 portuum
1528 2223 1706 2251 tabellarium.
1746 2221 1828 2248 Piliae

1014 2269 1017 2275 ’
1037 2269 1063 2291 et
1074 2264 1143 2291 filiae
1155 2263 1278 2290 salutem.
1319 2263 1397 2293 Cura,
1411 2268 1440 2289 ut
1451 2261 1550 2288 valeas.

1088 2362 1128 2383 [Y.
1156 2364 1229 2386 (Tursi,
1240 2364 1314 2383 Paullo.
1323 2363 1416 2382 Marcello
1425 2369 1472 2380 cusa.
1484 2363 1539 2383 ΠΗ.)

1219 2405 1387 2433 CICERO
1415 2402 1583 2432 ATTICO
1612 2401 1641 2428 S.

1094 2453 1116 2478 l.
1138 2446 1259 2478 Tarsum
1275 2451 1400 2477 venimus
1411 2451 1494 2476 Nonis
1503 2448 1598 2475 Iuniis.
1637 2446 1677 2473 lbi
1690 2454 1731 2472 me
1743 2445 1826 2472 multa

1037 2494 1191 2516 moverunt:
1222 2497 1351 2524 maguum
1366 2488 1394 2514 in
1409 2486 1486 2522 Syria
1496 2484 1612 2512 bellum:
1635 2492 1731 2519 magna
1743 2483 1771 2509 in
1781 2482 1827 2525 Ci-

1037 2526 1099 2552 licia
1119 2525 1269 2558 latrocinia;
1301 2525 1369 2551 mihi
1388 2522 1508 2550 difficilis
1527 2522 1594 2548 ratio
1608 2519 1823 2550 administrandi,

1012 2557 1015 2571 ²
1035 2563 1108 2598 quod
1122 2571 1222 2598 paucos
1237 2562 1296 2589 dies
1311 2561 1443 2588 habebam
1457 2559 1576 2594 reliquos
1591 2559 1674 2585 annui
1689 2557 1823 2584 muneris:

1035 2600 1104 2626 illud
1123 2604 1213 2627 autem
1227 2598 1435 2626 difficillimum:
1465 2595 1659 2630 relinquendus
1674 2599 1729 2621 erat
1738 2602 1772 2621 ex
1782 2601 1826 2620 se-

1522 2631 1596 2660 Nihil
1611 2633 1702 2658 minus
1717 2630 1825 2667 probari

1035 2641 1112 2664 natus
1131 2636 1254 2664 consulto
1271 2636 1320 2671 qui
1338 2638 1482 2670 praeesset.
1801 2667 1805 2672 ⁵

1605 2670 1672 2696 Nam
1687 2668 1720 2695 de
1735 2667 1824 2695 Caelio

1033 2679 1144 2709 poterat,
1167 2682 1249 2709 quam
1268 2676 1394 2708 quaestor
1408 2671 1564 2698 Mescinius.
