1941 3052
265 177 296 199 ’,τι
846 175 870 198 fi.
906 172 939 198 Μ.

270 247 324 272 tos.
339 246 444 280 Propter
455 252 482 270 no
493 248 582 270 nutem
595 243 700 270 vitanda
712 248 773 270 nunt
785 252 835 269 non
847 251 876 268 ea
888 241 974 270 nimio.
988 249 1057 275 qiu-e

267 285 308 310 hin
324 282 451 309 contraria
467 286 538 312 inurit,
561 287 589 308 ut
605 281 751 308 tortitudini
774 280 878 313 ignavia
897 285 922 305 et
942 279 1057 305 iustitiae

267 321 409 351 iniustitia,
429 328 520 345 verum
532 320 610 345 etium
623 319 676 349 illa,
689 327 758 352 qum·
773 318 921 352 propinqua
934 315 1058 341 videntur

267 363 291 384 et
303 356 695 387 tinitinm‹·.·÷.··‹·,ut1.-=unt1mu·u¹
709 354 875 388 longissime:
889 352 960 388 quud
972 361 1057 387 genua
1078 361 1079 368 ¹

268 395 390 421 tidcntiue
400 394 560 421 contrarium
573 398 612 419 est
624 392 770 418 diffidentia
782 395 807 417 οι
817 400 845 416 en
858 400 884 416 re
896 390 990 416 vitium
1002 394 1055 421 est3
1078 411 1079 415 ,

267 432 376 458 audacia
392 431 622 460 ii‹›11‹·‹›ntrarium,
639 429 684 454 wi
697 429 847 463 appositum
859 432 898 453 cst
909 436 938 452 ac
950 427 1058 462 propin-

267 478 351 504 quum
363 473 387 494 vt
399 474 484 494 tamen
501 468 594 493 vitium
605 471 655 492 est.
671 466 714 492 Sic
726 466 771 491 uni
783 466 881 500 cuique
895 465 986 490 virtuti
998 464 1058 490 {ini-

268 507 363 533 timum
377 506 470 531 vitium
483 505 640 538 reperietur:
653 507 697 528 aut
707 507 777 528 certo
786 503 838 528 inm
850 502 956 528 nomino
966 501 1058 536 appel-

269 544 364 575 latum,
379 548 406 568 ut
418 542 607 576 audacimquue
618 540 748 570 fidentiae,
763 539 987 574 pertinacin,quac
998 547 1059 573 per-

268 581 429 606 severantiae
450 579 560 604 finitima
580 582 633 608 est,
663 577 825 612 suffwrstitio,
847 585 916 611 quae
937 576 1057 608 religioni
1079 571 1081 613 i,

269 618 416 652 propinqua
427 620 480 647 exv,
493 620 537 641 aut
547 615 605 641 sine
617 614 672 641 ullo
680 619 751 640 certo
761 615 876 640 nomine.
887 614 960 646 (litae
970 613 1058 639 omnia
1080 619 1081 666 1

269 657 330 680 item
349 654 384 679 uti
401 653 528 679 contraria
546 661 633 679 rerum
652 652 790 682 bonarum,
806 652 833 677 in
848 651 928 677 rebus
944 650 1059 676 vitandis
1087 672 1088 676 ,

268 699 435 726 wponemus.
462 690 499 716 Ac
509 690 542 716 de
551 699 582 716 eo
592 690 701 724 quidem
713 698 809 723 genere
821 689 974 718 honestatis,
987 687 1058 723 qumi

267 729 338 754 omni
351 736 383 754 ex
395 732 467 762 parte
480 731 586 762 propter
595 736 624 753 se
636 727 742 762 petitur,
754 727 818 752 satis
832 726 933 752 dictum
945 730 994 751 est.
1080 722 1081 741 ¹

324 765 375 791 ΙΝ.
403 766 458 791 466.
476 765 551 791 Nunc
564 764 598 790 de
612 773 650 795 eo,
667 765 694 791 in
707 772 762 799 quo
777 763 876 789 utilitas
891 771 999 798 quoque
1013 762 1059 787 ad-
1080 764 1081 784 ἒ

267 803 400 838 iungitur,
420 801 492 836 quod
507 806 592 828 tamen
608 801 748 828 honestum
765 810 899 830 vocamus,
915 800 1058 827 dicendum

268 840 381 866 videtur.
420 839 489 865 Sunt
502 839 583 874 igitur
597 838 689 870 multa,
705 847 774 873 quae
788 846 835 864 nos
849 847 933 873 quum
945 837 1061 873 dignita-

267 883 299 907 te,
325 881 381 903 tum
405 876 491 903 fructu
514 885 622 911 quoque
640 885 689 902 suo
707 876 822 905 ‹lucunt;
850 884 905 910 quo
923 876 948 901 in
963 883 1061 909 genere

265 919 306 940 est
323 913 419 950 gloria,
435 914 564 949 dignitas,
579 913 741 948 amplitudo,
757 913 882 940 amicitia.
917 912 1005 939 Gloria
1020 916 1060 937 est
1080 904 1083 937 Ι

266 952 392 987 frequens
410 951 443 977 de
462 951 552 986 aliquo
571 951 638 977 sama
661 959 722 977 cum
744 950 835 982 laude;
869 950 994 985 dignitas,
1011 949 1060 975 ali·
1088 954 1089 985 j

265 990 343 1015 cuius
362 989 470 1015 honesta
489 993 514 1015 et
527 988 600 1014 cultu
615 993 641 1014 et
654 988 752 1014 honore
766 991 791 1014 et
805 987 963 1015 verecundia
977 987 1059 1021 digna

266 1026 419 1059 auctoritas3
448 1025 608 1060 amplitudo,
635 1025 766 1060 potentiae
788 1029 834 1051 aut
852 1025 996 1051 maiestatis
1014 1029 1059 1050 aut

265 1064 415 1098 aliquarum
445 1064 581 1098 copiarum
609 1072 703 1098 magna
727 1062 904 1095 abundantia3
932 1062 1056 1092 amicitia,

267 1101 388 1127 voluntas
409 1109 469 1136 erga
492 1100 608 1135 aliquem
628 1108 716 1126 rerum
735 1100 865 1126 bonarum
883 1099 958 1126 illius
973 1099 1059 1134 ipsius

265 1147 367 1168 caussa,
389 1146 469 1173 quem
488 1137 585 1173 diligit,
606 1146 668 1164 cum
687 1138 746 1163 eius
764 1137 820 1172 pari
840 1137 985 1163 voluntate.
1003 1137 1057 1163 ⁴67.
1081 1144 1089 1158 =¹

266 1176 320 1205 Hic,
341 1175 403 1210 quia
422 1175 455 1201 de
468 1175 595 1201 civilibus
613 1175 716 1201 caussis
735 1174 884 1209 loquimur,
906 1174 1008 1201 fructus
1027 1174 1059 1200 ad

265 1213 407 1239 amicitiam
426 1212 613 1248 adiungimus,
635 1217 663 1239 ut
677 1220 769 1239 eorum
783 1220 891 1247 quoque
904 1220 998 1238 caussa
1013 1220 1060 1246 pe-

265 1249 342 1276 tenda
365 1249 500 1283 videatur;
537 1258 569 1276 ne
587 1249 652 1277 forte
669 1249 717 1284 qui
737 1258 784 1276 nos
802 1249 835 1275 de
853 1249 924 1276 omni
944 1249 1059 1275 amicitia
1087 1237 1090 1275 i

264 1287 351 1314 dicere
364 1287 521 1314 existimans
535 1287 726 1322 reprehendere
740 1287 858 1322 incipiat.
890 1286 1058 1321 Quamquam
1081 1305 1082 1318 3

264 1330 340 1357 sunt,
362 1325 409 1360 qui
429 1329 534 1359 propter
552 1325 693 1351 utilitatem
712 1324 791 1350 modo
805 1324 945 1359 petendam
966 1328 1060 1359 putant
1081 1351 1082 1354 Ἴ

264 1363 421 1395 amicitiam,
458 1367 521 1388 sunt
543 1363 590 1397 qui
613 1366 719 1397 propter
742 1370 770 1387 se
792 1361 893 1394 solum;
926 1365 990 1388 sunt
1011 1361 1058 1396 qui
1080 1359 1082 1394 ¹:

264 1404 370 1435 propter
395 1408 424 1426 se
449 1404 474 1426 et
500 1399 650 1426 utilitatem.
684 1398 803 1431 Quorum
830 1398 897 1434 quid
919 1399 1059 1425 verissime
1080 1407 1082 1426 t

263 1437 451 1468 constituatur,
472 1437 541 1463 alius
560 1437 634 1463 locus
652 1437 701 1463 erit
718 1435 913 1463 considerandi.
929 1435 945 1450 '⁸
983 1436 1059 1462 Nunc
1080 1427 1082 1461 i

263 1475 313 1501 hoc
335 1475 374 1501 sic
396 1474 428 1500 ad
452 1483 532 1500 usum
555 1474 698 1501 oratorium
717 1473 896 1508 relinquatur,
918 1478 1059 1508 utramque

263 1517 370 1547 propter
387 1520 442 1538 rem
460 1511 603 1538 amicitiam
619 1520 677 1537 esse
691 1510 876 1546 expetendam.
912 1512 968 1537 468.
985 1511 1060 1536 Ami-

263 1550 386 1576 citiarum
405 1553 493 1575 autem
512 1549 589 1580 ratio,
610 1549 737 1584 quoniam
755 1548 852 1583 partim
870 1552 934 1574 sunt
952 1547 1060 1583 religio-

264 1587 343 1613 nibus
363 1587 479 1617 iunctae,
495 1586 590 1621 partim
606 1595 657 1613 non
672 1590 744 1616 sunt,
760 1589 786 1612 et
799 1586 862 1621 quia
876 1586 972 1620 partim
987 1589 1060 1611 vete·
1086 1604 1089 1621 ,

264 1633 304 1650 res
323 1628 386 1650 sunt
405 1624 500 1659 partim
515 1632 607 1655 novae,
624 1623 720 1658 partim
734 1623 768 1649 ab
781 1622 898 1654 illorum,
915 1623 1011 1658 partim
1025 1622 1059 1648 ab
1080 1627 1088 1659 ¹i

264 1666 352 1688 nostro
374 1660 503 1687 beneflcio
526 1660 670 1695 profectae,
691 1661 788 1695 partim
807 1660 941 1691 utiliores,
962 1660 1058 1694 partim
1080 1671 1081 1692 1

263 1699 354 1725 minus
371 1697 451 1725 utiles
469 1706 502 1724 ex
519 1706 675 1724 caussarum
694 1697 883 1733 dignitatibus,
904 1705 938 1724 ex
955 1701 1059 1731 tempo-
1080 1694 1088 1731 {g

263 1745 323 1762 rum
338 1735 590 1770 opportunitatibus,
611 1744 644 1762 ex
661 1734 766 1765 officiis,
782 1743 816 1761 ex
825 1734 1010 1770 religionibus,
1026 1743 1059 1760 ex

263 1773 443 1799 vetustatibus
461 1772 613 1799 habebitur.
648 1773 712 1799 LVl.
741 1771 846 1798 Utilitas
864 1776 952 1798 autem
971 1772 1058 1798 autin

263 1819 371 1845 corpore
394 1810 478 1845 posita
496 1814 536 1836 est
562 1814 608 1836 aut
629 1811 656 1836 in
680 1810 802 1836 extrariis
820 1809 914 1841 rebus‘,
943 1817 1057 1844 quarum
1080 1828 1089 1840 ,.

263 1854 351 1874 tamen
372 1856 460 1873 rerum
484 1847 568 1874 multo
592 1848 707 1874 maxima
726 1855 786 1881 pars
804 1846 837 1873 ad
855 1847 972 1881 corporis
986 1854 1059 1872 com-
1080 1842 1088 1878 ¹1

264 1885 373 1911 modum
397 1885 546 1916 revertitur,
571 1889 600 1911 ut
621 1885 648 1911 in
670 1883 808 1919 republica
829 1884 961 1919 quaedam
984 1888 1055 1914 sunt,

263 1930 332 1957 quae
350 1921 389 1957 (ut
406 1922 444 1948 sic
462 1921 559 1957 dicam)
577 1921 609 1948 ad
626 1930 724 1957 corpus
742 1921 873 1956 pertinent
887 1921 1011 1951 civitatis,
1028 1925 1058 1947 ut

263 1960 333 1995 agri,
354 1963 459 1994 portus,
476 1959 598 1994 pecunia,
614 1959 716 1990 classis,
734 1963 837 1989 nautae,
855 1958 963 1989 milites,
981 1958 1055 1988 socii,

264 1996 366 2031 quibus
382 1996 462 2023 rebus
472 1996 681 2023 incolumitatem
692 2005 722 2022 ac
736 1996 884 2022 libertatem
895 1996 1009 2022 retinent
1019 1996 1058 2021 ci-

264 2035 373 2066 vitates3
398 2033 449 2060 alia
460 2043 531 2065 vero,
548 2042 617 2069 quae
632 2034 684 2060 iam
695 2033 824 2068 quiddam
835 2033 922 2068 magis
936 2032 1057 2068 amplum

264 2076 289 2097 et
303 2072 393 2098 minus
404 2072 583 2097 necessarium
594 2071 746 2101 conficiunt,
764 2074 793 2097 ut
805 2070 880 2096 urbis
894 2071 1000 2106 egregia
1011 2078 1058 2096 ex·
1078 2090 1079 2093 η

264 2109 365 2135 ornatio
380 2113 459 2143 atque
474 2108 632 2143 amplitudo,
648 2113 677 2135 ut
687 2108 819 2143 quaedam
830 2107 963 2134 excellens
975 2115 1058 2142 pecu-
1078 2132 1079 2145 ,

265 2147 323 2173 niae
335 2146 683 2182 magnitudo,amicitiarum
695 2154 724 2171 ac
733 2145 890 2171 societatum
901 2144 1055 2171 multitudo.
1086 2135 1087 2150 ¹

265 2183 432 2216 ⁴69.Quit›us
443 2183 523 2210 rebus
535 2192 585 2209 non
597 2183 665 2209 illud
675 2182 763 2209 solum
773 2182 919 2213 conficitur,
929 2186 958 2208 ut
968 2181 1057 2208 salvae
1085 2203 1087 2216 ,

264 2226 289 2248 et
303 2221 461 2252 incolumes,
480 2229 573 2247 verum
585 2221 672 2251 etiam,
692 2225 720 2246 ut
731 2220 835 2255 amplae
846 2224 926 2255 atque
936 2223 1057 2254 potentes
1085 2221 1087 2249 ξ

1086 2288 1087 2302 i

264 2259 318 2285 siut
336 2259 467 2285 civitates.
501 2258 588 2290 Quare
605 2258 728 2284 utilitatis
745 2257 814 2284 duae
830 2262 917 2292 partes
932 2256 1058 2283 videntur

264 2304 332 2327 esse,
347 2295 517 2322 incolumitas
529 2300 554 2322 et
564 2296 690 2331 potentia.
708 2294 893 2337 ‘Incolumitas
907 2299 948 2320 est
962 2293 1057 2320 salutis
1078 2306 1087 2338 Ι]

265 2337 320 2359 tuta
343 2338 421 2368 atque
445 2333 545 2369 integra
565 2337 744 2364 conservat103
774 2332 891 2367 potentia
906 2336 946 2358 est
960 2331 993 2357 ad
1008 2339 1056 2357 sua
1086 2334 1087 2346 ¹

264 2370 443 2397 conservanda
463 2375 488 2396 et
507 2370 616 2396 alterius
636 2369 778 2396 obtinenda
797 2369 953 2395 idonearum
967 2376 1057 2394 rerum
1078 2365 1080 2382 '

265 2407 385 2434 facultas.
416 2407 504 2443 Atque
515 2408 542 2433 in
553 2408 586 2433 iis
597 2407 733 2438 omnibus,
748 2415 818 2442 quae
829 2411 888 2433 ante
899 2406 968 2432 dicta
983 2410 1054 2436 sunt,
1078 2393 1087 2429 ¹2

264 2444 331 2478 quid
343 2443 504 2481 [difficulter]
517 2445 572 2471 fieri
584 2449 609 2471 et
619 2444 685 2479 quid
697 2443 772 2471 facile
783 2444 839 2470 fieri
850 2444 944 2479 possit,
956 2447 1058 2478 oportet
1086 2463 1087 2467 ,

264 2481 440 2508 considerare.
464 2481 551 2508 Facile
563 2481 618 2508 fieri
629 2481 657 2508 id
668 2481 793 2512 dicimus,
805 2480 878 2516 quod
889 2481 946 2507 sine
960 2488 1058 2516 magno
1078 2489 1087 2514 μ

265 2523 311 2544 aut
320 2518 378 2544 sine
389 2518 444 2545 ullo
454 2518 550 2549 labore,
563 2523 684 2553 sumptu,
696 2518 817 2545 molestia
831 2526 913 2553 quam
928 2518 1058 2544 brevissi-
1078 2523 1079 2555 χ

265 2563 309 2581 mo
330 2559 447 2590 tempore
467 2556 560 2582 confici
571 2561 670 2591 potest3
692 2564 771 2591 posse
784 2560 873 2582 autem
890 2555 954 2585 fieri,
972 2553 1054 2589 quod,
1078 2558 1079 2585 1

265 2600 429 2627 quamquam
446 2592 551 2624 laboris,
569 2598 703 2628 sumptus,
715 2593 861 2623 molestiae,
875 2592 1057 2628 longinquita-
1084 2602 1087 2611 ⁴

265 2629 300 2655 tis
313 2629 416 2665 indiget
430 2634 509 2664 atque
519 2634 565 2656 aut
574 2639 667 2657 omnes
677 2635 722 2657 aut
731 2630 862 2665 plurimas
871 2633 918 2656 aut
925 2629 1056 2655 maximas
1084 2626 1087 2661 Γ,

265 2674 373 2692 caussas
390 2666 469 2693 habet
483 2666 658 2698 difficultatis,
675 2672 773 2698 tamen,
786 2667 830 2693 his
840 2667 974 2701 susceptis
984 2665 1057 2692 diffi-
1084 2669 1086 2688 ἱ

265 2703 418 2733 cultatibus,
433 2703 560 2739 compleri
571 2709 651 2739 atque
661 2704 693 2730 ad
705 2704 807 2731 exitum
818 2703 928 2739 perduci
940 2707 1035 2738 potest.

975 172 1003 197 Τ.
1040 169 1315 197 CICERONIS

1086 531 1087 547 ¹
1110 537 1201 572 aliquo
1214 542 1331 572 tempure
1343 537 1449 562 interire
1460 545 1568 562 necesse
1579 540 1632 567 θεὶς
1645 541 1725 572 atque
1736 537 1770 563 ita
1782 545 1899 569 nemeae.

1088 798 1089 802 ¹
1111 798 1210 824 bimus.
1232 799 1288 824 tit.
1302 799 1387 832 Atque
1398 799 1476 824 etiam
1489 798 1538 824 hoc
1548 798 1613 824 mihi
1626 797 1718 824 videor
1729 797 1827 829 videre,
1843 806 1902 825 esso

1081 1210 1082 1213 ¹
1111 1208 1213 1235 tudinis
1223 1203 1487 1243 distributio‘sPrope
1497 1208 1583 1234 dicam
1595 1207 1751 1243 plurimum,
1760 1217 1846 1243 quum
1858 1206 1902 1245 [is]

1086 1735 1088 1760 :
1110 1736 1226 1762 utantur,
1251 1740 1303 1758 non
1326 1740 1433 1757 necesse
1454 1735 1502 1762 est,
1523 1731 1575 1757 nisi
1593 1739 1654 1757 cum
1673 1730 1718 1757 illa
1732 1731 1901 1766 exceptione:

1086 1774 1087 1777 ’
1110 1774 1182 1795 extra
1200 1777 1291 1804 quam,
1306 1769 1328 1794 si
1344 1768 1427 1795 nolint
1442 1768 1510 1795 fame
1523 1769 1619 1803 perire.
1636 1769 1694 1795 ⁴73.
1705 1768 1784 1804 Ergo,
1795 1771 1826 1794 ut
1833 1767 1901 1799 dixi,

1080 1806 1088 1818 ‘¹
1109 1806 1186 1838 illud,
1207 1806 1279 1841 quod
1298 1806 1461 1842 adiungitur,
1482 1814 1600 1840 semper,
1620 1805 1772 1832 cuiusmodi
1790 1805 1833 1834 sit,
1853 1805 1904 1831 erit

1080 1887 1087 1904 ’κ
1109 1881 1142 1908 ad
1160 1881 1335 1911 honestatem,
1355 1885 1384 1907 ut
1402 1881 1452 1907 hoc
1470 1880 1549 1907 modo
1562 1879 1720 1915 exponenda
1732 1879 1903 1906 necessitudo

1086 1915 1087 1923 ¹
1109 1919 1156 1945 sit:
1173 1919 1287 1945 Necesse
1301 1922 1349 1949 est,
1362 1919 1386 1944 si
1396 1918 1507 1944 honeste
1517 1917 1644 1944 volumus
1655 1918 1754 1947 vivere,
1763 1921 1808 1943 aut
1818 1916 1851 1943 ad
1860 1917 1904 1943 in-

1086 2041 1087 2050 *
1108 2036 1156 2062 est,
1177 2032 1200 2057 si
1218 2031 1277 2057 sine
1294 2029 1463 2056 incommodo
1480 2029 1607 2056 volumus
1626 2029 1725 2055 vivere.
1761 2028 1850 2055 LVIII.
1864 2027 1919 2054 Ac¹

1086 2121 1087 2124 =
1109 2106 1172 2132 huic
1186 2105 1307 2140 proxima
1321 2104 1525 2136 incolumitatis;
1545 2104 1621 2130 tertia
1634 2112 1664 2130 ac
1678 2103 1816 2130 levissima
1828 2111 1904 2129 oom-

1078 2181 1079 2186 ¹
1109 2180 1225 2207 tendere.
1251 2180 1308 2206 ⁴74.
1324 2179 1407 2205 Hasce
1420 2183 1510 2204 autem
1523 2179 1592 2205 inter
1605 2187 1634 2204 se
1647 2185 1727 2213 saepe
1740 2185 1848 2204 necesse
1861 2181 1904 2203 est

1077 2697 1080 2726 ζ
1107 2701 1233 2728 scendere
1247 2700 1288 2727 vel
1303 2700 1330 2726 in
1345 2699 1492 2734 praesentia
1506 2699 1644 2734 quiescere
1657 2702 1737 2733 atque
1747 2696 1821 2724 aliud
1830 2701 1898 2723 tem-

1165 241 1239 266 Lvn.
1260 241 1314 266 ΠΟ.
1329 238 1460 271 Quoniam
1477 247 1540 274 ergo
1552 239 1585 265 de
1597 239 1731 266 honestate
1745 240 1814 266 etde
1825 239 1900 267 utill-

1111 282 1161 303 tatt·
1175 277 1303 306 diximus,
1318 285 1389 303 num·
1400 281 1487 306 restat,
1502 282 1530 302 ut
1539 276 1573 302 de
1584 277 1617 303 iis
1631 277 1796 312 robumque„
1806 277 1848 304 his
1859 282 1900 304 nt-

1111 315 1222 340 tributas
1243 323 1302 339 esse
1321 313 1485 341 dicetmmus.
1509 313 1705 340 necessitudine
1719 319 1745 340 et
1763 314 1900 341 affectione

1111 351 1317 386 perscribamus.
1348 351 1414 377 Puto
1425 351 1506 386 igitur
1515 359 1574 377 em
1585 351 1652 377 banc
1663 351 1898 382 necessitudinem,

1110 389 1152 414 cui
1173 388 1244 414 nulla
1266 389 1290 414 vi
1309 388 1395 414 resisti
1411 392 1504 422 potest,
1522 396 1591 422 quae
1604 396 1690 423 neque
1705 389 1800 415 mutari
1813 396 1902 424 neqtm

1112 426 1186 452 tvniri
1202 430 1295 460 potest.
1310 425 1405 460 Atque.
1420 430 1447 451 ut
1459 426 1576 460 apertius
1587 425 1636 451 boc
1647 425 1830 460 nit,exemplis
1841 425 1901 453 ticet

1112 463 1165 489 vim
1180 463 1226 493 rei,
1239 462 1328 497 qualis
1339 467 1364 488 et
1377 467 1474 497 quanta
1486 462 1529 492 sit,
1544 470 1746 498 cognoscamus.
1767 462 1811 489 Uri

1111 499 1214 526 ssannma
1227 500 1340 535 lignenm
1354 500 1490 526 materiam
1502 504 1663 525 necesseest.
1676 499 1779 526 Animal
1792 499 1902 527 mortale

1112 580 1140 600 ut
1151 575 1191 601 vis
1203 574 1319 609 postulat
1329 583 1366 604 ea,
1384 582 1466 608 quam
1480 573 1559 600 modo
1568 573 1796 605 describe-tumus,
1810 583 1902 601 necee-

1110 611 1246 641 situdinis,
1262 611 1314 647 [cui
1332 611 1403 637 nulla
1417 612 1440 637 vi
1457 611 1543 637 resisti
1555 615 1649 646 potest,
1683 620 1731 637 uae
1743 619 1830 647 neque
1841 620 1902 638 mu-

1112 649 1158 675 tari
1170 657 1257 683 neque
1270 649 1344 675 leniri
1358 647 1464 684 potem]
1495 648 1654 675 Huiusmodi
1662 619 1900 686 {necessitudines}

1110 695 1195 721 quum
1212 687 1238 712 in
1252 685 1357 712 dicendi
1375 686 1487 712 rationes
1503 686 1628 715 incident,
1643 690 1711 711 recte
1725 685 1902 713 necessitudi-

1112 732 1158 749 nes
1172 723 1392 758 appellabuntur:
1414 724 1455 749 sin
1466 722 1571 758 aliquae
1583 731 1624 749 res
1636 722 1756 749 accident
1766 722 1899 755 difficiles,

1111 761 1137 787 in
1154 760 1197 787 illa
1214 761 1354 795 superiori,
1373 761 1491 795 possitne
1505 761 1570 791 tieri,
1584 761 1740 795 quaestione
1749 760 1902 787 considero-

1110 835 1240 870 quasdam
1259 844 1320 861 cum
1339 835 1508 861 adiunctione
1527 835 1746 865 necessitudines,
1770 835 1902 870 quasdam

1111 872 1248 907 simplices
1261 877 1286 898 et
1296 872 1442 898 absolutas.
1458 873 1523 898 Nam
1534 872 1610 898 aliter
1621 872 1710 898 dicere
1719 872 1846 903 solemus,
1856 881 1903 899 no-

1111 918 1185 935 cesse
1199 914 1239 935 est
1253 909 1432 936 Casilinenses
1446 918 1474 935 se
1488 909 1584 935 dedere
1599 909 1737 940 Annibali:¹
1765 909 1842 936 aliter
1854 918 1904 936 au-

1111 951 1173 978 tem,
1193 955 1301 973 necesse
1315 951 1355 973 est
1369 946 1515 973 Casilinum
1531 947 1620 973 venire
1635 947 1661 973 in
1677 946 1816 973 Annibalis
1829 952 1904 982 pote-

1111 988 1215 1010 statem.
1231 983 1296 1015 Illic,
1313 984 1340 1010 in
1354 985 1499 1019 superiore,
1516 984 1652 1010 adiunctio
1664 988 1704 1010 est
1718 983 1796 1011 haec:
1817 984 1902 1012 nisisi

1111 1021 1213 1047 malunt
1228 1021 1296 1047 same
1311 1022 1408 1056 perire3
1436 1022 1459 1047 si
1477 1022 1549 1048 enim
1564 1021 1591 1047 id
1605 1021 1716 1052 malunt,
1738 1029 1789 1048 non
1803 1026 1843 1048 est
1857 1031 1904 1048 ne-

1110 1067 1198 1090 cesse,
1215 1059 1264 1085 hoc
1277 1059 1390 1085 inferius
1405 1067 1454 1085 non
1466 1059 1538 1089 item,
1551 1063 1687 1093 propterea
1696 1058 1778 1094 quod,
1790 1059 1848 1085 sive
1857 1068 1904 1085 ve-

1112 1096 1161 1122 lint
1174 1096 1353 1123 Casilinenses
1367 1105 1396 1122 se
1409 1096 1515 1127 dedere,
1532 1097 1589 1122 sive
1603 1095 1700 1122 tamem
1711 1097 1812 1131 perpeti
1822 1101 1903 1132 atque

1111 1134 1145 1160 ita
1160 1134 1254 1168 perire,
1276 1142 1383 1160 necesse
1401 1138 1440 1160 est
1455 1133 1602 1160 Casilinum
1617 1133 1708 1160 venire
1721 1134 1748 1159 in
1763 1133 1903 1160 Annibalis

1111 1175 1277 1206 potestatem.
1292 1170 1363 1203 Quid
1377 1171 1460 1204 iggitur
1473 1171 1537 1197 haec
1551 1171 1676 1206 perticere
1691 1175 1775 1205 potest
1787 1171 1904 1197 necessi-

1113 1245 1186 1272 locus
1201 1246 1407 1272 necessitudinis
1422 1246 1558 1272 videbitur
1571 1246 1715 1272 incurrere.
1741 1246 1805 1272 Nam
1816 1254 1904 1281 quum

1110 1283 1226 1318 simplex
1244 1284 1293 1309 erit
1307 1283 1483 1314 necessitudo,
1505 1282 1571 1309 nihil
1585 1284 1634 1309 erit
1647 1283 1719 1318 quod
1734 1282 1816 1309 multa
1830 1282 1905 1309 dica-

1111 1329 1180 1352 mus,
1197 1329 1282 1355 quum
1297 1329 1354 1346 eam
1369 1320 1442 1346 nulla
1456 1321 1554 1347 ratione
1570 1320 1650 1347 lenire
1665 1321 1814 1355 possimus;
1844 1321 1902 1346 ⁴72.

1110 1367 1196 1393 quum
1215 1363 1303 1384 autem
1322 1358 1358 1384 ita
1376 1366 1483 1384 necesse
1502 1358 1559 1389 erit,
1576 1357 1597 1383 si
1613 1357 1715 1392 aliquid
1729 1357 1844 1393 effugere
1858 1362 1905 1384 aut

1111 1395 1222 1430 adipisci
1237 1395 1361 1426 velimus,
1383 1399 1439 1421 tum
1454 1395 1589 1421 adiunctio
1603 1394 1646 1421 illa
1661 1394 1727 1430 quid
1741 1394 1836 1421 habeat
1850 1395 1904 1421 uti-

1111 1433 1192 1459 litatis
1206 1437 1251 1459 aut
1264 1432 1330 1468 quid
1345 1432 1499 1463 honestatis,
1515 1433 1564 1458 erit
1577 1431 1810 1459 considerandum.
1835 1432 1903 1458 Nam

1110 1471 1133 1496 si
1148 1470 1215 1496 velis
1229 1469 1372 1501 attendere,
1388 1470 1433 1504 (ita
1444 1475 1540 1501 tamen,
1554 1474 1581 1496 ut
1593 1469 1620 1496 id
1629 1469 1830 1505 quaeras,qu0d
1839 1478 1905 1495 con-

1111 1508 1199 1534 veniat
1217 1508 1249 1534 ad
1268 1516 1349 1534 usum
1363 1508 1499 1543 civitatis‚)
1517 1507 1632 1542 reperias
1647 1506 1748 1533 nullam
1763 1515 1822 1533 esse
1835 1515 1903 1538 rem,

1111 1554 1191 1580 quam
1210 1545 1295 1571 facere
1314 1553 1422 1571 necesse
1439 1545 1482 1575 sit,
1504 1545 1555 1571 nisi
1574 1549 1681 1579 propter
1693 1544 1812 1579 aliquam
1824 1552 1905 1570 caus-

1110 1591 1177 1613 sam,
1193 1591 1274 1618 quam
1293 1582 1491 1608 adiunctionem
1510 1582 1695 1614 nominamu53
1723 1586 1826 1616 praeter
1839 1581 1904 1608 baec

1110 1624 1199 1646 autem
1213 1628 1271 1646 esse
1285 1619 1383 1645 multas
1397 1627 1439 1645 res
1454 1618 1668 1649 necessitudinis,
1684 1619 1716 1645 ad
1726 1627 1794 1654 quas
1805 1618 1903 1645 similis

1110 1657 1245 1683 adiunctio
1258 1665 1310 1683 non
1324 1656 1437 1689 accedit3
1457 1657 1530 1692 quod
1542 1664 1638 1692 genus,
1655 1660 1683 1682 ut
1697 1656 1819 1682 homines
1833 1664 1905 1682 mor-

1110 1694 1175 1721 tales
1189 1695 1318 1721 intereant
1332 1702 1440 1720 necesse
1454 1698 1502 1724 est,
1518 1694 1575 1720 sine
1589 1693 1772 1720 adiunctione:
1801 1698 1830 1719 ut
1843 1693 1905 1720 cibo

1109 1843 1343 1870 considerandum.
1363 1844 1429 1870 Nam
1443 1843 1515 1869 omni
1530 1848 1647 1878 tempore
1660 1842 1688 1869 id
1702 1842 1844 1877 pertinebit
1858 1846 1905 1868 aut

1108 1956 1298 1986 columitatem,
1311 1955 1362 1982 hoc
1371 1955 1463 1982 modo:
1479 1955 1594 1981 Necesse
1602 1959 1651 1986 est,
1663 1955 1686 1981 si
1696 1953 1845 1981 incolumes
1855 1962 1904 1980 vo-

1110 1994 1201 2020 lumus
1211 2001 1278 2024 esse,
1291 1997 1337 2019 aut
1346 1992 1379 2018 ad
1388 1992 1611 2023 commoditatem,
1619 1991 1669 2018 hoc
1679 1991 1771 2018 modo:
1787 1991 1904 2018 Necesse

1108 2077 1215 2095 summa
1232 2067 1342 2103 quidem
1362 2066 1531 2093 necessitudo
1544 2066 1651 2093 videtur
1667 2074 1726 2092 esse
1739 2065 1900 2092 honestatis:
1916 2064 1917 2070 ¹

1109 2143 1252 2176 moditatis3
1261 2150 1396 2176 quaecum
1408 2141 1451 2167 his
1463 2149 1611 2176 numquam
1621 2141 1718 2176 poterit
1726 2140 1903 2167 duabuscon-

1108 2217 1264 2252 comparari,
1285 2221 1323 2248 ut,
1344 2224 1509 2251 quamquam
1526 2220 1642 2250 praestet
1659 2215 1784 2242 honestas
1798 2213 1903 2241 incolu-
1916 2222 1922 2236 ἰ

1108 2255 1202 2284 mitati,
1219 2259 1316 2284 tamen,
1332 2253 1385 2279 utri
1399 2253 1570 2288 potissimum
1584 2251 1781 2279 consulendum
1794 2252 1838 2283 sit,
1853 2251 1903 2278 de-

1109 2292 1244 2318 liberetur.
1273 2291 1357 2318 Cuius
1377 2291 1416 2316 rei
1433 2295 1536 2316 certum
1553 2289 1689 2325 quoddam
1706 2289 1902 2324 praescriptum

1108 2329 1215 2356 videtur
1227 2329 1254 2355 in
1269 2332 1429 2363 perpetuum
1443 2327 1499 2354 dari
1513 2335 1602 2362 posse.
1617 2327 1684 2352 Nam
1697 2326 1793 2361 qua,in
1806 2334 1834 2352 re
1843 2325 1901 2352 fieri

1107 2367 1211 2402 poterit,
1232 2371 1270 2397 ut,
1289 2373 1375 2400 quum
1393 2365 1570 2391 incolumitati
1585 2363 1811 2394 consuluerimus,
1827 2362 1900 2398 quod

1107 2404 1142 2430 sit
1160 2404 1187 2430 in
1205 2402 1353 2438 praesentia
1366 2402 1400 2428 de
1413 2402 1551 2428 honestate
1567 2401 1723 2431 delibatum,
1739 2400 1838 2426 virtute
1851 2399 1902 2426 ali-

1107 2440 1215 2476 quando
1232 2445 1257 2466 et
1275 2439 1406 2466 industria
1425 2443 1604 2474 recuperetur,
1623 2437 1816 2464 incolumitatis
1834 2437 1901 2464 ratio

1108 2477 1244 2504 w'debitur
1261 2476 1397 2509 habenda3
1421 2484 1507 2511 quum
1520 2480 1610 2502 autem
1623 2475 1651 2501 id
1665 2483 1717 2502 non
1731 2475 1835 2510 poterit,
1850 2473 1908 2501 ho-

1108 2515 1226 2542 nestatis.
1242 2515 1279 2541 lta
1292 2515 1320 2540 in
1334 2513 1490 2540 huiusmodi
1499 2521 1607 2548 quoque
1617 2520 1748 2547 re,quum
1757 2510 1901 2538 ineolumi-

1107 2553 1154 2579 tati
1167 2551 1321 2578 videbimur
1333 2550 1480 2581 consulere,
1496 2558 1558 2576 vere
1573 2550 1721 2584 poterimus
1737 2548 1835 2580 dicere,
1850 2556 1899 2575 nos

1107 2590 1253 2617 honestatis
1271 2589 1399 2615 rationem
1416 2587 1523 2618 habere,
1543 2587 1672 2622 quoniam
1685 2587 1744 2612 sine
1756 2585 1900 2612 ineolumi-

1107 2632 1159 2653 tate
1172 2635 1231 2653 eam
1245 2625 1320 2652 nullo
1332 2630 1450 2660 tempore
1463 2633 1610 2660 possumus
1623 2623 1746 2659 adipisci.
1760 2621 1818 2656 Qua
1831 2622 1860 2649 in
1870 2630 1899 2649 re

1108 2664 1149 2690 vel
1163 2663 1306 2690 concedere
1324 2662 1399 2689 alteri
1416 2661 1460 2688 vel
1477 2661 1511 2688 ad
1528 2661 1707 2688 conditionem
1724 2659 1833 2687 alterius
1850 2658 1903 2686 de·
