1941 3052
313 125 639 153 EPISTOLARUM
668 126 722 151 AD
751 123 980 151 DIVERSOS
1012 125 1092 151 LIB.
1114 124 1197 150 XIII.
1228 124 1290 150 ΕΡ.
1316 125 1343 150 14
1364 139 1400 143 -
1421 125 1462 150 22.

68 199 126 225 sine
142 197 288 224 ambitione
308 197 506 223 commendant.

69 236 110 262 vel
123 236 213 271 potius
228 234 364 269 spondeo
357 243 384 260 1n
397 243 493 269 meque
506 234 615 268 recipio,
628 242 673 260 eos
685 242 743 260 esse
755 234 797 259 Μ.
810 234 863 259 Cu-

68 274 102 300 rii
113 281 200 299 mores
210 280 323 306 eamque
334 280 419 306 quum
431 272 599 306 probitatem
608 276 665 297 tum
676 272 756 297 etiam
768 270 864 296 huma-

70 311 193 341 nitatem,
206 314 236 336 ut
246 318 308 335 eum
320 313 345 335 et
355 309 473 335 amicitia
485 313 543 340 tua,
558 313 583 335 et
594 313 647 335 tam
659 313 779 334 accurata
791 316 865 334 com—

69 347 248 378 mendatione,
262 347 285 372 si
297 346 346 373 tibi
358 347 393 373 sit
403 347 536 381 cognituS,
550 345 664 381 dignum
676 346 714 371 sis
726 346 865 371 existima-

69 389 156 412 turus.
187 384 254 410 Mihi
266 388 335 410 certe
346 385 533 419 gratissimum
545 383 648 413 feceris,
662 383 686 409 si
698 382 862 412 intellexero,

70 422 119 448 has
140 421 240 448 litteras
261 425 378 452 tantum,
401 426 533 456 quantum
548 420 670 447 scribens
685 420 862 450 confidebam,

70 459 142 494 apud
154 464 178 485 te
189 458 296 494 pondus
308 458 446 485 habuisse.

123 528 209 548 xvm.
226 528 244 548 A
253 529 270 547 R
278 528 305 548 G.
324 528 409 548 Laudat
419 527 493 547 Servii
502 527 637 547 voluntatem
649 533 699 551 erga
711 526 807 546 Atticum
815 541 820 550 ,
830 525 866 546 cui

70 566 95 583 ut
105 569 175 590 neque
185 563 208 583 in
219 563 340 590 Epiroticis
352 570 422 589 neque
431 562 483 582 aliis
494 562 517 582 in
528 563 592 582 rebus
604 562 669 585 «lesit,
680 562 764 581 urbane
774 564 843 585 rogat.

255 600 343 622 (Rornae,
354 601 432 617 Car-:arc
442 600 475 617 lll.
488 600 560 621 Lepido
572 605 617 615 coss.
630 600 684 619 70⁸.)

253 642 420 669 CICERO
455 641 620 668 SERVIO
656 641 684 667 S.

128 682 152 706 1.
174 675 238 706 Non
249 679 407 710 concedam,
420 683 450 706 ut
460 679 547 705 Attico
558 683 661 709 nostro,
673 686 755 713 quem
767 677 866 704 elatum

73 717 173 744 laetitia
189 717 260 748 vidi,
278 716 450 743 iucundiores
467 721 527 742 tuae
543 716 705 742 suavissime
721 715 754 741 ad
768 723 829 741 eum
843 719 868 741 et

72 754 270 781 humanissime
291 755 405 788 scriptae
429 753 531 780 litterae
552 753 664 783 suerint,
686 761 768 787 quam
787 752 865 778 mihi.

72 793 141 818 Nam
156 792 206 818 etsi
222 792 330 826 utrique
346 795 466 817 nostrum
482 799 564 825 prope
580 799 693 832 aeque,³
677 794 765 816 “ratae
777 794 864 816 erant:

73 833 162 856 tamen
178 837 227 864 ego
242 828 394 855 admirabar
413 828 500 864 magis
521 832 559 859 te,
584 828 664 863 quasi
680 832 801 863 rogatus,
823 831 869 853 aut

72 871 144 893 certe
154 866 316 897 admonitus,
331 865 566 892 liberaliterAttico
577 864 772 899 respondisses
786 863 869 900 (quod

72 908 161 930 tamen
178 903 292 929 dubium
309 903 400 934 nobis,
422 903 489 946 quin
508 903 544 929 ita
561 902 683 928 futurum
700 901 793 933 fuerit,
816 911 869 928 non

73 940 149 975 erat,)
160 940 229 967 ultro
240 940 273 966 ad
285 949 347 966 eum
358 941 514 975 scripsisse,
532 940 612 974 eique
628 948 676 966 nec
689 940 811 974 opinanti
822 948 870 966 vo-

73 977 203 1004 luntatem
219 982 291 1004 tuam
306 982 405 1004 tantam
417 986 464 1012 per
475 977 576 1004 litteras
588 977 728 1003 detulisse.
768 978 804 1003 De
816 985 869 1011 quo

72 1024 126 1042 non
145 1015 224 1042 modo
245 1024 336 1051 rogare
357 1019 395 1046 te,
418 1019 448 1041 ut
467 1023 498 1041 eo
517 1014 666 1041 studiosius
686 1023 745 1040 mea
761 1023 869 1050 quoque

73 1061 169 1079 caussa
180 1052 271 1084 facias,
285 1061 337 1079 non
349 1052 443 1084 debeo,
460 1052 538 1087 (nihil
550 1052 622 1078 enim
635 1051 800 1078 cumulatius
813 1052 869 1077 fieri

72 1094 168 1125 potest,
181 1098 263 1125 quam
275 1089 432 1125 polliceris,)
444 1089 491 1116 sed
503 1098 535 1116 ne
546 1090 646 1125 gratias
657 1089 769 1124 quidem
780 1097 867 1125 agere,

73 1127 147 1162 quod
158 1131 186 1154 tu
197 1132 223 1154 et
234 1128 320 1162 ipsius
331 1136 426 1154 caussa
437 1131 463 1154 et
473 1131 517 1153 tua
531 1131 625 1161 sponte
641 1126 747 1154 seceris.
787 1128 813 1154 2.
836 1126 871 1153 ll—

74 1164 121 1191 lud
132 1169 221 1191 tamen
232 1165 330 1195 dicam,
344 1164 412 1191 mihi
424 1164 465 1195 id,
479 1164 552 1199 quod
563 1164 664 1195 fecisti,
678 1173 736 1190 esse
748 1164 871 1200 gratissi-

73 1210 160 1228 mum.
182 1202 245 1228 Tale
256 1203 328 1229 enim
340 1206 417 1228 tuum
428 1201 561 1228 iudicium
571 1201 605 1228 de
617 1201 725 1228 homine
736 1210 775 1232 eo,
789 1210 871 1236 quem

73 1240 154 1266 unice
165 1239 262 1275 diligo,
281 1248 332 1266 non
347 1244 434 1274 potest
443 1239 511 1265 mihi
523 1247 575 1265 non
586 1247 692 1265 summe
703 1248 762 1265 esse
775 1240 872 1265 iucun-

74 1276 151 1303 dum.
191 1276 268 1308 Quod
283 1285 369 1312 quum
381 1277 416 1303 ita
431 1277 479 1307 sit,
497 1285 556 1302 esse
571 1280 678 1311 gratum
694 1285 804 1303 necesse
820 1281 869 1302 est.

74 1313 127 1340 Sed
142 1318 244 1345 tamen,
267 1323 352 1349 quum
368 1314 436 1340 mihi
452 1322 499 1348 pro
519 1314 706 1340 coniunctione
722 1318 810 1340 nostra
829 1313 871 1339 vel

74 1360 185 1386 peccare
197 1351 269 1386 apud
280 1356 304 1378 te
316 1352 343 1377 in
355 1350 498 1377 scribendo
514 1350 588 1381 licet,
606 1355 752 1386 utrumque
767 1360 870 1382 eorum,

75 1397 144 1424 quae
154 1389 252 1424 negavi
268 1389 336 1415 mihi
353 1388 473 1415 facienda
485 1396 558 1419 esse,
576 1387 683 1415 faciam.
724 1389 791 1414 Nam
803 1393 828 1415 et
839 1388 872 1414 ad

74 1425 143 1461 id,q
146 1426 199 1452 uod
209 1426 289 1452 Attici
299 1434 393 1452 caussa
406 1430 430 1452 te
440 1425 581 1452 ostendisti
592 1434 650 1452 esse
663 1425 805 1456 facturum,
814 1430 873 1452 tan-

76 1467 133 1490 tum
126 1435 226 1489 qvelim
238 1463 334 1495 addas
352 1468 483 1498 quantum
495 1472 529 1489 ex
540 1467 629 1489 nostro
640 1471 728 1489 amore
740 1464 874 1490 accessio-

75 1501 118 1527 nis
134 1500 191 1527 fieri
207 1505 307 1535 potest:
330 1505 368 1532 et,
391 1500 464 1535 quod
481 1500 559 1526 modo
574 1500 688 1526 verebar
703 1501 752 1527 tibi
773 1501 872 1536 gratias

75 1546 163 1574 agere,
177 1547 250 1564 nunc
261 1538 339 1573 plane
351 1546 409 1573 ago,
423 1542 502 1572 teque
514 1538 550 1564 ita
561 1536 716 1564 existimare
727 1537 797 1569 volo,
810 1538 874 1572 qui-

75 1575 246 1610 buscumque
257 1575 372 1602 officiis'
367 1584 393 1601 ιιι
400 1575 544 1610 Epiroticis
556 1574 723 1610 reliquisque
735 1575 816 1601 rebus
828 1575 874 1602 At-

76 1613 159 1640 ticum
170 1612 357 1644 obstrinxeris,
372 1612 469 1639 iisdem
481 1621 523 1638 me
535 1612 584 1638 tibi
595 1612 745 1648 obligatum
757 1612 821 1639 sore.

128 1686 194 1707 XIX.
213 1686 231 1706 Α
238 1687 256 1706 R
263 1686 289 1706 0.
307 1686 387 1711 Rogat,
401 1688 426 1706 ut
435 1685 606 1711 1.yuonem,iam
617 1688 682 1706 antea
691 1686 871 1710 commendatum.

76 1720 100 1741 in
110 1720 295 1742 necessitudinem
306 1721 408 1747 recipiat.
431 1723 518 1744 (numne,
529 1723 605 1740 (laesuro
620 1723 654 1740 111.
674 1723 748 1746 Lepido
758 1730 804 1741 cusa.
817 1724 872 1745 του.)

133 1804 155 1830 I.
177 1799 252 1830 Cum
267 1804 371 1840 Lysone
386 1804 505 1830 Patrensi
521 1808 562 1830 est
576 1803 644 1830 mihi
656 1803 767 1839 quidem
779 1803 874 1839 hospi-

76 1841 145 1868 tium
160 1845 252 1867 vetus:
278 1849 360 1876 quam
376 1849 425 1876 ego
441 1841 669 1867 necessitudinem
681 1846 771 1868 sancte
782 1841 874 1868 colen-

76 1877 139 1904 dam
155 1882 232 1912 puto;
268 1877 316 1904 sed
331 1886 361 1904 ea
377 1886 472 1904 caussa
488 1878 568 1904 etiam
578 1887 640 1904 cum
653 1878 713 1905 aliis
725 1879 874 1914 compluri-

77 1915 138 1946 bus,
152 1914 319 1941 familiaritas
331 1919 402 1942 tanta
414 1915 488 1941 nullo
499 1924 561 1941 cum
573 1915 691 1950 hospite;
715 1921 740 1942 et
751 1925 780 1943 ea
787 1925 873 1951 quum

77 1951 175 1978 officiis
191 1952 250 1978 eius
264 1952 371 1983 multis,
385 1956 442 1979 tum
453 1953 533 1978 etiam
545 1953 741 1979 consuetudine
752 1953 873 1988 quotidi-

78 1998 128 2016 ana
144 1989 183 2015 sic
198 1993 239 2016 est
253 1993 338 2020 aucta,
352 1993 381 2016 ut
391 1989 459 2015 nihil
471 1990 506 2015 sit
517 1989 697 2016 familiaritate
710 1995 797 2017 nostra
809 1999 874 2017 con-

77 2027 207 2053 iunctius.
241 2027 265 2052 Is
286 2035 371 2061 quum
386 2026 484 2053 Romae
500 2035 600 2053 annum
617 2036 699 2062 prope
715 2029 751 2054 ita
767 2027 871 2059 suisset,

77 2068 108 2090 ut
123 2072 228 2090 mecum
240 2064 356 2095 viveret,
370 2064 419 2090 etsi
430 2072 536 2090 eramus
548 2065 575 2090 in
587 2073 684 2099 magna
695 2073 756 2099 spe,
771 2070 794 2091 te
806 2066 874 2091 meis

79 2100 174 2127 litteris
194 2101 480 2136 commendationeque
501 2101 711 2135 diligentissime
729 2101 871 2134 facturum,

78 2138 106 2164 id
121 2138 193 2173 quod
211 2138 311 2170 fecisti,
329 2142 358 2164 ut
372 2138 431 2164 eius
444 2147 500 2164 rem
517 2143 542 2165 et
554 2137 672 2165 fortunas
684 2139 803 2165 absentis
816 2144 875 2166 tue-

78 2183 149 2202 rere:
175 2180 276 2206 tamen,
290 2175 362 2210 quod
376 2176 403 2202 in
416 2176 497 2202 unius
509 2180 636 2210 potestate
648 2181 723 2203 erant
733 2177 836 2207 omnia,
850 2181 875 2203 et

78 2212 151 2247 quod
168 2213 236 2249 Lyso
253 2212 339 2239 fuerat
354 2213 380 2239 in
397 2217 484 2239 nostra
501 2221 595 2240 caussa
608 2214 760 2249 nostrisque
773 2214 875 2249 praesi-

78 2249 146 2281 diis,
168 2249 289 2285 quotidie
305 2250 410 2285 aliquid
426 2250 598 2276 timebamus.
640 2251 770 2277 Effectum
787 2256 874 2277 tamen

79 2291 119 2314 est
134 2291 160 2314 et
178 2288 264 2322 ipsius
280 2287 422 2322 splendore
438 2291 464 2314 et
483 2292 571 2313 nostro
588 2287 809 2323 reliquorumque
827 2289 875 2314 lio-

79 2325 180 2359 spitum
196 2324 300 2356 studio,
318 2329 347 2351 ut
361 2325 465 2355 omnia,
483 2334 552 2359 quae
568 2324 714 2356 vellemus,
733 2334 747 2352 a
763 2327 781 2352 (1
785 2334 875 2352 nesure

80 2361 300 2397 impeti-arentum
328 2362 401 2396 quod
418 2361 512 2395 intellig
506 2371 554 2394 ures
574 2371 608 2388 ex
630 2362 662 2388 iis
680 2362 788 2393 litteris,
807 2372 874 2397 quas

78 2397 174 2426 Caesar
185 2399 218 2426 ad
229 2404 254 2426 te
264 2399 348 2426 dedit
370 2401 395 2426 2.
412 2400 488 2425 Nune
500 2408 551 2425 non
564 2399 642 2425 modo
653 2408 704 2426 non
712 2401 875 2426 remittimus

79 2435 130 2463 tibi
150 2436 254 2471 aliquid
269 2445 303 2463 ex
319 2441 406 2463 nostra
422 2436 668 2467 conuue,n(lati‹uie
690 2437 768 2471 quasi
785 2437 874 2471 adepti

79 2472 133 2500 iam
153 2474 256 2507 omnia;
288 2474 336 2500 sed
352 2483 383 2500 eo
399 2474 587 2500 vehementius
603 2483 617 2499 a
635 2478 658 2500 te
673 2474 872 2506 contendimus,

79 2513 110 2537 ut
125 2510 257 2547 Lysonem
274 2511 301 2537 in
321 2511 401 2537 Iidem
417 2511 700 2545 necessitiuiinemque
717 2516 790 2537 tuam
807 2512 875 2538 reei-

79 2547 147 2582 pias,
164 2548 243 2575 cuius
254 2548 337 2575 dubia
350 2548 467 2580 fortuna,
482 2548 604 2575 timidius
616 2553 704 2574 tecum
716 2549 872 2582 agebamus,

79 2589 211 2616 verentes,
225 2594 258 2612 ne
269 2585 335 2620 quid
347 2586 480 2612 accideret
490 2585 634 2615 eiusmodi,
649 2590 678 2611 ut
689 2586 874 2620 netuquidem

80 2621 182 2648 mederi
207 2631 313 2657 posses;
353 2623 490 2658 explorata
517 2632 579 2649 vero
599 2623 659 2648 cius
680 2622 872 2654 incolumitate,

80 2659 170 2686 omnia
181 2667 195 2686 a
206 2663 231 2686 te
241 2668 348 2687 summo
358 2660 448 2687 studio
459 2668 620 2695 summaque
631 2668 695 2686 cura
706 2665 776 2695 peto.
802 2661 875 2693 Quae

546 196 688 239 Spondebo
709 196 781 222 enim
802 195 885 226 tibi,
884 211 885 215 =

1659 125 1708 150 767

914 204 948 222 ne
958 194 1066 230 singula
1078 203 1246 225 enumerem,
1261 200 1341 221 totam
1353 195 1403 221 tibi
1413 194 1524 221 domum
1536 194 1708 227 commendo;

915 233 943 259 in
962 233 1005 258 his
1021 232 1218 259 adolescentem
1234 232 1321 258 filium
1336 232 1409 263 eius,
1423 240 1504 266 quem
1516 231 1546 258 C.
1566 232 1711 257 Memmius

916 269 1069 301 Gemellus,
1092 270 1177 296 cliens
1200 278 1291 300 meus,
1310 278 1395 304 quum
1412 269 1438 295 in
1453 268 1603 295 calamitate
1620 268 1711 295 exsilii

916 308 959 333 sui
975 307 1109 333 Patrensis
1125 307 1195 333 civis
1214 306 1300 333 factus
1316 311 1400 337 esset,
1419 307 1587 332 Patrensium
1604 306 1711 341 legibus

917 345 1066 379 adoptavit3
1096 348 1125 370 ut
1141 345 1200 370 eius
1212 344 1299 378 ipsius
1312 344 1468 370 hereditatis
1480 344 1522 369 ius
1533 352 1711 378 caussamque

916 386 1016 408 tueare.
1052 383 1076 408 3.
1097 381 1184 416 Caput
1202 381 1270 407 illud
1286 386 1339 412 est,
1358 386 1386 407 ut
1402 382 1548 416 Lysonem,
1566 389 1647 415 quem
1663 389 1713 415 ego

917 420 1007 445 virum
1018 419 1151 453 optimum
1162 419 1402 454 gratissimumque
1413 419 1541 453 cognovi,
1560 419 1674 452 recipias
1687 419 1712 443 in

917 456 1146 482 necessitudinem
1162 461 1246 482 tuam.
1286 455 1363 487 Quod
1379 456 1403 481 si
1419 455 1528 483 seceris,
1542 464 1594 481 non
1607 455 1711 484 dubito,

917 494 983 528 quin
996 494 1023 519 in
1035 502 1065 519 eo
1076 493 1215 528 diligendo
1226 493 1376 527 ceterisque
1387 497 1478 527 postea
1489 492 1712 522 commendando,

917 531 1003 562 idem,
1021 530 1093 565 quod
1108 539 1171 566 ego,
1190 530 1228 556 sis
1245 530 1341 556 iudicii
1357 534 1382 556 et
1397 530 1543 556 voluntatis
1560 530 1713 556 habiturus.

917 568 995 600 Quod
1010 577 1095 603 quum
1108 567 1165 594 fieri
1177 567 1350 594 vehementer
1361 567 1469 598 studeo,
1484 572 1540 593 tum
1552 568 1632 593 etiam
1644 566 1714 593 illud

919 614 1025 636 vereor,
1049 613 1094 635 ne,
1113 605 1136 630 si
1153 605 1243 631 minus
1258 604 1394 631 cumulate
1409 605 1537 631 videbere
1555 604 1650 630 fecisse
1665 603 1716 630 ali-

919 642 985 677 quid
997 643 1056 668 eius
1067 651 1170 673 caussa,
1185 651 1227 668 me
1239 642 1284 668 ille
1297 641 1464 677 negligenter
1475 642 1616 676 scripsisse
1628 646 1712 676 putet,

918 688 971 706 non
988 684 1012 706 te
1026 679 1141 705 oblitum
1158 681 1222 705 mei.
1253 679 1351 711 Quanti
1363 680 1435 705 enim
1448 688 1490 704 me
1507 679 1616 709 faceres,
1629 687 1714 713 quum

918 726 953 743 ex
977 716 1148 743 sermonibus
1169 716 1335 751 quotidianis
1357 717 1438 747 meis,
1462 721 1519 742 tum
1540 725 1573 742 ex
1593 716 1715 751 epistolis

919 755 999 781 etiam
1011 754 1064 780 tuis
1076 755 1163 788 potuit
1173 762 1343 789 cognoscere.

971 823 1025 844 XX.
1045 823 1063 843 Δ
1071 823 1122 843 RG.
1144 823 1289 850 Asclapunem
1301 823 1407 843 medicum
1418 823 1561 843 commendat.

1085 861 1173 883 (Romae,
1184 860 1263 877 Caesare
1273 860 1307 877 lll-
1323 860 1397 882 Lepi-Iu
1407 866 1453 877 crau,
1466 860 1521 882 708.)

1093 902 1286 930 CICERO
1325 903 1542 930 SERVIOS.

975 945 1132 984 Asclapone
1154 949 1283 980 Patrensi,
1308 949 1423 980 medico,
1442 953 1501 975 utor
1512 948 1590 975 valde
1601 947 1718 974 familia-

921 987 997 1018 riter,
1019 987 1133 1021 eiusque
1153 995 1239 1021 quum
1259 986 1425 1013 consuetudo
1442 986 1509 1012 mihi
1526 985 1644 1012 iucunda
1657 985 1716 1016 suit,

921 1029 978 1051 tum
990 1033 1032 1050 ars
1043 1024 1133 1056 etiam,
1147 1033 1229 1059 quam
1241 1033 1302 1050 sum
1313 1028 1440 1059 expertus
1452 1024 1479 1050 in
1487 1023 1640 1050 valetudine
1647 1032 1720 1049 meo-

921 1071 995 1094 rum;
1019 1063 1046 1088 in
1058 1070 1111 1096 qua
1122 1062 1191 1087 mihi
1202 1070 1286 1096 quum
1298 1062 1356 1096 ipsa
1367 1062 1489 1092 scientia,
1502 1066 1559 1088 tum
1566 1061 1646 1087 etiam
1654 1060 1720 1086 Iide—

923 1099 994 1126 litate
1006 1099 1395 1134 benevolentiaquesatisfecit.
1418 1098 1719 1134 Iluncigiturtibicom-

922 1137 1036 1168 mendo,
1055 1141 1149 1163 etate
1164 1141 1239 1171 peto,
1256 1136 1303 1162 des
1315 1145 1437 1171 operam,
1451 1136 1637 1171 utintelligat,
1655 1135 1720 1161 dili—

922 1179 1016 1209 genter
1031 1183 1074 1200 me
1093 1174 1236 1209 scripsisse
1253 1174 1286 1200 de
1302 1183 1375 1204 sese,
1394 1182 1536 1208 meamque
1547 1172 1720 1199 commenda-

922 1213 1023 1238 tionem
1039 1212 1102 1238 usui
1118 1220 1216 1247 magno
1231 1212 1285 1238 sibi
1301 1211 1396 1238 fuisse.
1437 1212 1494 1238 Erit
1510 1211 1537 1237 id
1553 1211 1621 1237 mihi
1638 1210 1720 1237 vehe-

924 1254 1026 1275 menter
1037 1254 1154 1285 gratum.

976 1319 1040 1339 XXI.
1059 1318 1135 1338 ARG.
1156 1318 1248 1338 Aemilii
1259 1318 1358 1338 absentis
1370 1326 1434 1344 quum
1446 1325 1480 1338 res
1491 1321 1584 1341 ceteras,
1597 1320 1641 1337 tum
1653 1317 1719 1337 liluer·

923 1357 967 1374 tum
989 1353 1140 1374 Hammonium
1160 1354 1305 1374 commendat.

1105 1391 1326 1411 (I<··nme.(·1u-xn·-v111.
1336 1389 1411 1412 Lepido
1421 1397 1466 1407 ross.
1480 1390 1533 1411 7⁰8.)

1021 1430 1057 1456 M.
1080 1429 1111 1455 T.
1132 1428 1161 1456 C.
1184 1429 1212 1455 S.
1234 1429 1263 1455 P.
1284 1429 1315 1455 D.
1337 1428 1418 1455 SER.
1440 1427 1631 1455 SULPICIO.

981 1472 1003 1493 1.
1024 1462 1068 1493 Μ.
1090 1466 1223 1493 Aemilius
1240 1466 1360 1493 Avianus
1375 1466 1409 1492 ab
1420 1467 1529 1492 ineunte
1541 1465 1720 1492 adolescentia

925 1512 967 1530 me
983 1504 1139 1530 observavit
1153 1512 1314 1538 semperque
1330 1503 1440 1535 dilexit,
1464 1504 1505 1529 vir
1520 1512 1605 1538 quum
1622 1503 1719 1532 bonus,

925 1546 981 1567 tum
993 1542 1178 1576 perhumanus
1190 1546 1215 1568 et
1227 1542 1252 1567 in
1264 1541 1337 1567 omni
1349 1550 1446 1576 genere
1458 1540 1540 1567 oflicii
1553 1539 1719 1575 diligendus.

924 1578 1009 1611 Quem
1031 1580 1053 1605 si
1075 1579 1218 1605 arbitrarer
1238 1587 1297 1604 esse
1321 1578 1450 1614 Sicyone,
1472 1583 1497 1604 et
1519 1578 1571 1604 nisi
1587 1577 1718 1606 audirem,

924 1616 1036 1642 ibicum
1048 1617 1128 1643 etiam
1141 1625 1222 1647 nunc,
1236 1616 1283 1642 ubi
1295 1624 1344 1652 ego
1360 1615 1466 1650 reliqui.
1482 1615 1722 1651 Cibyraecommo—

924 1653 990 1684 rari,
1009 1653 1076 1680 nihil
1093 1658 1164 1679 esset
1179 1662 1303 1684 necesse,
1321 1653 1398 1688 plura
1415 1662 1456 1679 me
1472 1653 1504 1679 ad
1522 1658 1545 1679 te
1561 1652 1593 1678 de
1609 1661 1639 1678 eo
1655 1653 1722 1678 scri-

924 1691 997 1717 bere.
1038 1690 1179 1717 Pei-ficeret
1203 1691 1275 1717 enim
1301 1691 1359 1725 ipse
1384 1690 1502 1725 profecto
1522 1690 1580 1716 suis
1601 1689 1722 1715 moribus

924 1737 1027 1763 suaque
1049 1728 1228 1759 humanitate,
1251 1733 1280 1754 ut
1295 1729 1353 1754 sine
1372 1728 1534 1763 cuiusquam
1550 1726 1722 1753 commcnda—

924 1766 995 1792 tione
1011 1765 1170 1801 ι1111υοιοῑιιι·
1186 1765 1233 1792 abs
1250 1770 1273 1792 te
1290 1774 1354 1820 nona>
1359 1766 1462 1796 minus,
1480 1774 1561 1800 quam
1578 1769 1603 1790 et
1619 1773 1632 1791 a
1644 1773 1686 1790 me
1698 1769 1723 1789 ct

924 1812 938 1829 a
950 1803 1045 1829 ceteris
1056 1804 1114 1829 suis
1127 1802 1210 1829 famili
1214 1803 1316 1829 aribus.
1339 1802 1431 1829 &Seu
1442 1811 1527 1837 quum
1540 1802 1616 1828 illum
1629 1801 1723 1828 abesse

924 1845 1030 1875 putem,
1053 1840 1212 1867 commendo
1233 1840 1281 1866 tibi
1298 1841 1325 1866 in
1342 1840 1469 1866 maioiem
1486 1839 1596 1866 modum
1612 1839 1723 1865 domum

924 1878 997 1909 eius,
1015 1887 1084 1913 quae
1096 1883 1136 1904 est
1149 1878 1277 1913 Sit->omn
1295 1886 1406 1920 remque
1419 1877 1592 1907 familiarem,
1606 1877 1723 1902 maxime

925 1915 1019 1942 Caium
1035 1916 1170 1941 Avianuin
1187 1908 1214 1941 Il·
1210 1915 1390 1945 ammonium,
1409 1914 1535 1941 libertum
1547 1924 1560 1940 e
1565 1916 1619 1940 ius:
1642 1922 1723 1948 quim

925 1953 1036 1988 quidem
1048 1953 1096 1979 tibi
1109 1953 1188 1979 etiam
1201 1962 1250 1978 suo
1258 1952 1540 1978 noniinecommemlo.
1565 1952 1722 1985 Namquum

926 1995 1064 2025 propterea
1087 1990 1154 2016 mihi
1176 1995 1215 2016 est
1231 1990 1374 2024 probatus,
1394 1989 1466 2024 quod
1483 1994 1522 2015 est
1539 1990 1564 2015 in
1581 1994 1722 2023 patronum

926 2036 1007 2054 suum
1019 2027 1108 2053 officio
1119 2032 1143 2053 et
1155 2027 1206 2053 side
1218 2027 1365 2062 singulari,
1380 2032 1436 2053 tuni
1447 2027 1527 2053 etiam
1541 2027 1566 2052 iu
1579 2035 1620 2051 me
1634 2027 1723 2060 ipsum

926 2074 1023 2100 magna
1035 2064 1122 2091 oslicia
1135 2064 1256 2095 contulit,
1271 2065 1395 2099 miliique
1407 2063 1607 2090 molestissimis
1620 2068 1722 2097 tempo-

926 2102 1003 2128 ribus
1018 2103 1052 2128 ita
1065 2101 1179 2128 Iideliter
1191 2101 1376 2136 benevoleque
1389 2106 1493 2136 praesto
1507 2101 1565 2131 suit,
1580 2106 1607 2126 ut
1619 2101 1641 2125 si
1657 2109 1670 2125 a
1682 2108 1723 2124 me

926 2140 1112 2165 manumissus
1133 2143 1213 2165 esset.
1244 2139 1335 2173 Itaque
1352 2143 1412 2173 peto
1428 2148 1441 2164 a
1458 2144 1496 2169 te,
1515 2144 1542 2164 ut
1558 2146 1620 2163 euni
1634 2137 1724 2173 [llam-

926 2175 1069 2212 monium,]
1083 2181 1107 2202 et
1120 2176 1146 2202 in
1159 2176 1261 2210 patroni
1273 2177 1332 2201 eius
1344 2176 1450 2210 negotio
1461 2176 1500 2201 sie
1513 2181 1611 2205 tueare,
1626 2180 1653 2200 ιιι
1665 2175 1724 2199 eius

927 2218 1139 2248 procuratorem,
1158 2213 1248 2249 [quem
1266 2213 1314 2238 tibi
1330 2211 1515 2248 continendo]
1532 2217 1557 2238 et
1574 2213 1662 2246 ipsum
1675 2219 1724 2236 suo

927 2251 1035 2276 nomine
1056 2249 1168 2285 diligas,
1188 2250 1341 2284 habeasque
1358 2250 1384 2275 in
1402 2258 1513 2276 munero
1525 2255 1640 2276 tuorum.
1673 2248 1724 2274 Ilo-

927 2288 1027 2314 minem
1041 2286 1186 2322 pudentem
1197 2291 1223 2313 et
1232 2286 1384 2313 officiosum
1394 2295 1548 2322 cognosces,
1562 2291 1586 2312 et
1598 2286 1722 2321 dignum,

927 2325 975 2360 qui
986 2334 999 2351 a
1012 2329 1036 2351 te
1048 2324 1187 2360 diligatur.

981 2393 1055 2414 xxn.
1079 2394 1094 2413 A
1105 2394 1156 2413 Ru.
1177 2394 1182 2399 ”

927 2429 1013 2449 iun-utin(
1018 2444 1022 2449 .

1184 2393 1205 2413 Γ.
1225 2393 1331 2413 Manlium
1348 2400 1387 2412 nin»
1403 2397 1422 2412 et
1440 2393 1547 2412 Varronis
1563 2391 1650 2411 immim-
1666 2399 1722 2411 eum-

1039 2431 1125 2451 ,uu-nn„
1136 2430 1213 2447 (mmm
1225 2430 1257 2446 ιιι,
1271 2431 1290 2446 ι..
1300 2430 1342 2452 pa..
1412 2431 1465 2450 ’.ιη

1109 2473 1277 2499 CICERO
1313 2472 1479 2498 SERVIO
1512 2471 1539 2498 S.

986 2513 1007 2537 t.
1030 2506 1069 2537 Τ.
1092 2510 1235 2540 Manlium,
1254 2510 1301 2544 qui
1319 2510 1468 2545 uigotiutur
1483 2509 1503 2534 'l
1507 2509 1538 2534 1ιι
1542 2518 1622 2543 spus
1643 2508 1723 2534 wiw-

928 2554 1030 2574 menter
1041 2548 1134 2583 diligo.
1164 2549 1191 2573 N·
1187 2556 1228 2573 im
1242 2552 1266 2573 ιι
1279 2556 1306 2572 si
1310 2556 1370 2581 mpi-
1374 2556 1385 2573 r
1396 2556 1437 2572 me
1449 2546 1530 2572 noluit
1543 2546 1722 2581 diligentissi-

927 2594 1024 2620 nuque
1039 2585 1207 2614 obser-nivii,
1226 2589 1250 2610 et
1266 2594 1279 2609 a
1295 2584 1394 2610 studii·-
1411 2584 1507 2610 nostris
1524 2593 1574 2609 non
1587 2575 1721 2609 abhorrit.

928 2623 1037 2649 Αςιοι1ἰῑ
1059 2631 1106 2654 eo,
1130 2622 1202 2657 quod
1225 2622 1306 2648 Varro
1327 2622 1435 2647 1Ιιιιυιιιι
1457 2630 1554 2656 magno
1569 2629 1648 2655 opere
1664 2621 1723 2646 iius

927 2669 1021 2687 caussa
1039 2659 1096 2686 vult
1111 2660 1213 2687 omnia:
1240 2659 1288 2694 qui
1305 2664 1392 2685 tamen
1408 2659 1587 2687 existimavit.
1604 2659 1653 2684 etsi
1665 2658 1723 2683 suis
