1941 3052
219 154 266 178 itti
689 154 726 176 to.
763 151 795 176 M.
831 151 860 176 T.

219 228 257 248 tn»
276 228 300 248 et
319 222 390 248 stulu«
410 223 435 248 in
450 222 592 247 :tm-rimor·
614 221 725 249 veniri-t,
748 225 848 254 praeter
866 225 966 245 vnn-nm
982 220 1008 245 in

218 269 246 284 cn
267 260 399 286 vivinitnu-
417 269 472 284 eain
490 263 587 293 parte-ni
603 266 778 291 catissantth
792 266 884 290 opu-ra,
910 257 1007 287 studio,

218 297 369 323 unctoritnt·¹
383 296 509 321 ‹ta-fvndis,
552 296 653 320 lita-nim
670 299 768 319 rectum
785 294 893 327 putabat
907 302 953 327 pro
965 302 1008 318 eo-
1030 310 1031 315 .

219 343 276 360 runt
297 334 430 359 bone-tnti-
449 342 476 357 st·
497 340 626 366 pugnare,
648 336 752 365 propter
765 339 833 365 quos
852 331 908 364 ipse
929 330 1009 355 hone-

217 372 353 396 stissimus
375 371 440 396 inter
458 378 520 394 nuos
541 368 737 394 nunu-rnlmtur.
780 368 952 401 Posteaquam
969 368 1009 392 vi-
1030 386 1031 403 χ

217 409 296 434 ctorin
315 408 454 433 s-mistituta
473 410 511 431 cst
530 406 710 439 nt1nrnn<qm=
731 405 903 433 recessimus:
923 412 1007 438 quum
1030 415 1031 418 ¹

219 445 443 479 'mm-ritwa-ntur
463 443 582 468 homines
602 447 680 476 atquc·
699 450 730 468 vx
749 442 820 467 omni
841 442 946 473 regione
965 450 1008 466 cn·
1030 452 1038 470 ¹.

219 487 342 516 pern-ntur
361 482 390 508 ii,
412 481 456 514 qui
477 480 619 504 adversarii
645 479 728 504 suis-v
751 480 926 513 putabantur:
954 483 1008 504 erat

219 519 261 544 illu·
278 519 371 543 ttnmm·
392 517 515 551 frequens
534 521 612 551 utque
632 517 657 542 in
679 516 732 541 foro
750 521 774 541 ct
790 517 815 541 in
830 525 873 542 ore
887 516 1006 541 omnium

217 555 334 590 quimdiu·
351 554 516 579 versabatur:
541 554 625 586 magis
640 558 667 579 ut
686 553 820 579 exsultare
836 553 942 578 victoria
962 562 1008 578 no-
1030 563 1031 576 ³

218 592 327 618 bilitatis
343 591 488 620 videri-tur,
505 600 584 625 quam
602 591 704 620 timere,
723 600 754 616 ne
768 590 880 625 quidex
895 598 923 614 ea
938 589 1008 614 imin·
1030 587 1037 619 ¹]

1030 626 1037 645 'l
1059 626 1237 662 Chrysogoni.
1255 628 1386 653 Ameriam
1402 628 1487 653 venit:
1510 628 1536 653 in
1552 627 1656 661 praedia
1677 628 1759 654 huius
1776 629 1851 655 inva-

217 629 315 654 initatis
330 629 380 654 sibi
396 628 533 653 accideret.
578 629 616 653 Π.
640 628 717 653 Erant
733 628 755 653 ei
773 633 872 653 vett-res
892 627 1008 652 inimici-

217 667 266 692 time
280 674 340 691 enm
356 665 461 691 (luobus
477 666 576 691 Rosciis
593 666 736 693 ‚tumn-inis„
761 673 875 699 quorum
895 663 1006 689 ulti-runi

216 703 307 728 sudore
327 703 351 728 in
367 707 547 728 accusatorum
567 702 703 728 subselliis
719 702 807 731 video.
828 701 939 727 altorum
961 701 1006 726 trin

217 740 328 766 huiusce
344 740 449 774 praedia
465 740 600 774 possidere
614 740 706 765 audio:
729 748 797 774 quas
817 739 969 764 inimicitias
985 737 1006 763 si

216 782 267 803 tam
282 786 374 803 cavere
390 778 526 812 potuisset,
543 785 623 812 quam
640 781 755 802 metuere
770 776 878 802 solebat.
896 776 1004 801 viveret.

217 815 307 849 Neque
326 815 410 844 euim,
436 814 550 844 iudices,
572 815 666 840 iniuria
686 814 828 839 metuebat.
871 814 935 838 Nam
954 813 1007 837 duo

216 852 258 877 isti
273 856 335 878 sunt
350 852 378 878 T.
397 852 491 881 Roscii,
508 860 622 886 quorum
637 851 710 877 alteri
727 851 846 885 Capitoni
861 858 1006 882 cognomen

215 894 267 918 est,
284 889 346 919 istc,
363 890 408 923 qni
424 889 510 918 adest.
529 889 641 923 Magnus
657 893 776 918 vocaturv
801 888 921 913 homines
935 887 1008 912 eius·
1029 911 1031 923 Ι

216 926 300 952 modi:
323 926 387 952 alter
406 926 580 960 plurimarum
601 925 748 960 pulmarum
768 930 844 951 vetus
862 933 891 950 ac
911 924 1007 950 nobilis
1028 935 1031 963 ᾖ

214 963 342 996 gladiator
362 964 486 989 habetur:
509 963 551 989 hic
565 968 652 988 nutem
673 971 757 997 nuper
774 971 802 988 se
817 962 850 988 ad
864 970 925 987 eum
942 961 1008 986 lani-

214 1005 281 1026 stam
296 1000 419 1026 contulit:
442 1001 488 1035 qui
503 1009 588 1035 quum
603 1005 661 1026 ante
677 1000 743 1026 hanc
762 1007 878 1035 pugnam
899 999 947 1024 tiro
965 1007 1008 1024 es-

213 1042 254 1063 set.
271 1038 392 1068 scientia,
415 1037 490 1063 facile
513 1038 602 1071 ipsum
627 1038 785 1072 magistrum
809 1036 907 1063 scelere
925 1035 1008 1061 auda-

200 1075 307 1110 ¹ciaque
321 1076 464 1109 superavit.
504 1075 558 1101 Vll.
576 1077 615 1100 48.
639 1075 704 1100 Nam
719 1083 803 1109 quum
820 1074 862 1100 hic
878 1074 940 1099 Sex.
958 1073 1007 1099 lio-

214 1112 286 1138 scius
304 1117 373 1138 essct
392 1113 524 1142 Ameriae.
546 1112 575 1138 T.
596 1117 683 1137 autem
704 1112 752 1137 iste
768 1112 880 1137 Roscius
894 1111 1004 1136 Romae:
1029 1140 1030 1144 Ἰ

213 1158 298 1183 quum
318 1149 361 1175 hic
380 1149 451 1175 tilius
469 1149 595 1175 assiduus
614 1150 639 1175 in
656 1149 770 1183 praediis
784 1153 853 1174 esset
867 1155 1007 1182 quumque

213 1195 242 1212 se
257 1186 391 1213 voluntate
405 1187 487 1221 patris
501 1187 538 1212 rei
553 1186 676 1212 familiari
691 1187 814 1221 vitaeque
834 1186 947 1211 rusticae
961 1185 1007 1210 ‹le-

213 1223 310 1251 disset:
333 1225 382 1250 iste
401 1228 488 1250 autem
509 1223 634 1259 frequens
653 1224 749 1250 Romae
768 1227 850 1249 esset:
877 1222 1007 1248 occiditur

213 1261 245 1287 ad
265 1261 372 1287 balneas
390 1261 521 1287 Palatinas
545 1261 649 1287 rediens
672 1270 685 1286 a
704 1269 783 1287 caena
801 1260 862 1286 Sex.
883 1260 1004 1285 Roscius.

213 1298 296 1332 Spero
315 1308 348 1325 ex
363 1299 410 1325 hoc
424 1299 483 1333 ipso
498 1307 548 1324 non
563 1307 621 1324 esse
635 1298 792 1328 obscurum,
814 1298 846 1323 ad
860 1306 940 1332 quem
959 1305 1006 1322 su-

213 1336 297 1370 spicio
312 1335 434 1362 maleficii
450 1336 590 1370 pertineat:
615 1344 706 1361 verum
722 1335 757 1365 id,
779 1334 851 1369 quod
865 1334 953 1360 adhuc
967 1338 1006 1359 est

212 1373 406 1407 suspiciosum,
428 1374 478 1399 nisi
495 1374 666 1407 perspicuum
681 1381 722 1398 res
738 1373 794 1407 ipsa
811 1372 912 1401 fecerit,
935 1371 1006 1396 hune

212 1409 318 1436 affinem
330 1410 424 1445 culpae
435 1410 586 1436 iudicatote.
611 1411 650 1436 49.
666 1409 760 1436 Occiso
771 1410 833 1435 Sex.
847 1409 941 1434 Roscio
952 1409 1006 1442 pri-

212 1455 273 1473 mus
285 1447 417 1473 Ameriam
433 1448 536 1473 nuntiat
548 1447 653 1473 Mallius
664 1447 774 1473 Glaucia
788 1445 909 1481 quidam.
928 1446 1006 1471 homo

211 1485 312 1515 tenuis,
331 1484 485 1515 libertinus,
506 1484 589 1510 cliens
607 1489 633 1510 et
652 1484 790 1510 familiaris
809 1483 886 1509 istius
906 1483 934 1508 T.
955 1482 1006 1508 Ro-

211 1522 273 1548 scii:
296 1526 321 1548 et
339 1523 443 1548 nuntiat
461 1522 570 1548 domum
591 1530 641 1547 non
666 1521 726 1552 filii,
755 1520 802 1547 scd
821 1521 851 1546 T.
871 1520 1006 1554 Capitonis

212 1559 326 1585 inimici:
354 1563 379 1585 et
392 1568 476 1594 quum
496 1563 554 1594 post
573 1559 662 1585 horam
678 1559 790 1593 primam
805 1558 889 1584 noctis
902 1557 1007 1584 occisus

210 1600 288 1627 esset,
305 1597 391 1631 primo
402 1596 521 1623 diluculo
535 1596 646 1622 nuntius
661 1596 704 1621 hic
714 1596 846 1622 Ameriam
858 1596 943 1621 venit:
960 1594 1007 1620 de-

210 1641 268 1659 cem
287 1633 358 1660 horis
377 1631 514 1660 nocturn'ts
532 1642 580 1660 sex
593 1638 618 1659 et
632 1633 827 1668 quinquaginta
846 1631 930 1658 millia
945 1640 1006 1665 pas-

211 1679 291 1697 suum
310 1671 383 1697 cisiis
398 1670 557 1705 pervolavit.
581 1679 630 1696 non
650 1670 729 1696 modo
744 1675 772 1696 ut
786 1673 938 1704 exoptatum
953 1669 1006 1694 ini-

210 1708 280 1734 mico
293 1709 418 1734 nuntium
433 1709 536 1742 primus
549 1707 659 1738 afferret,
676 1707 722 1733 sed
733 1707 811 1733 etiam
823 1714 942 1732 cruorem
954 1706 1005 1731 ini-

210 1747 273 1773 mici
284 1754 364 1780 quam
377 1745 591 1771 recentissimum
603 1744 739 1779 telumque
754 1743 844 1778 paullo
854 1748 913 1769 ante
923 1751 937 1768 e
948 1751 1005 1769 cor-

211 1792 274 1819 pore
288 1787 433 1809 extractum
447 1782 605 1808 ostenderet.
641 1783 682 1807 ²20.
702 1781 857 1813 Quatriduo,
873 1788 927 1815 quo
942 1780 1005 1805 haec

210 1825 284 1856 gesta
302 1824 378 1850 sunt,
399 1828 440 1845 res
459 1819 490 1845 ad
506 1819 707 1854 Chrysogonum
727 1819 753 1844 in
772 1823 855 1844 castra
871 1817 900 1843 L.
915 1817 1004 1842 Sullae

211 1857 358 1884 Volaterras
374 1856 504 1883 defertur:
527 1856 684 1892 magnitudo
698 1856 825 1890 pecuniae
839 1855 1005 1881 demonstra-

210 1900 267 1922 tur:
290 1894 393 1921 bonitas
408 1893 590 1928 praediorum,
610 1893 680 1927 (nam
697 1893 793 1919 fundos
807 1892 898 1918 decem
913 1896 938 1917 et
953 1896 1004 1917 tres
1032 1913 1034 1920 Α

211 1931 327 1966 reliquit,
344 1932 390 1966 qui
405 1931 521 1957 Tiberim
537 1930 590 1956 fere
601 1938 692 1956 omnes
704 1930 837 1965 tangunt.)
852 1929 933 1955 huius
947 1929 1005 1954 ino-

211 1969 253 2004 pia
267 1973 293 1995 et
306 1968 421 1995 solitudo
434 1972 663 1994 commemoratur.
704 1968 900 1996 Demonstrant,
918 1974 1003 2001 quum

211 2011 284 2041 pater
302 2005 414 2032 huiusce
433 2005 495 2031 Sex.
515 2005 639 2035 Roscius,
668 2004 747 2030 homo
771 2009 823 2030 tam
846 2003 1004 2039 splendidus

210 2049 235 2070 et
248 2043 390 2079 gratiosuS‚
409 2042 483 2068 nullo
496 2042 601 2077 negotio
614 2042 649 2067 sit
663 2042 776 2072 occisus,
793 2040 918 2076 perfacile
933 2040 1004 2066 hunc

211 2081 346 2107 hominem
364 2080 501 2106 incautum
524 2083 549 2105 et
571 2079 700 2105 rusticum
719 2083 743 2105 et
763 2079 860 2105 Romae
882 2079 1003 2113 ignotum

209 2117 243 2144 de
257 2117 345 2143 medio
359 2116 414 2144 tolli
429 2125 517 2152 posse.
539 2116 579 2142 Ad
593 2124 650 2142 eam
664 2124 719 2142 rem
733 2124 840 2150 operam
855 2124 931 2141 suam
947 2114 1005 2149 pol-

210 2154 332 2181 licentur.
373 2154 410 2180 Ne
428 2154 531 2180 diutius
549 2162 596 2180 vos
615 2158 730 2184 teneam,
751 2153 866 2183 iudices,
892 2153 1004 2178 societas

209 2192 304 2218 coitur.
344 2191 410 2218 VIII.
430 2192 472 2218 2⁴.
494 2190 583 2223 Quum
607 2190 659 2216 iam
682 2191 882 2225 proscriptionis
906 2190 1003 2215 mentio

210 2228 283 2255 nulla
297 2228 383 2260 fieret,
404 2232 429 2254 et
442 2236 528 2263 quum
546 2228 625 2254 etiam
639 2228 686 2262 qui
705 2232 780 2254 antea
800 2231 947 2254 metuerant
962 2235 1004 2252 re-

209 2266 296 2292 dirent
314 2274 343 2292 ac
361 2266 414 2292 iam
428 2265 568 2291 defunctos
582 2273 640 2291 sese
657 2265 783 2299 periculis
797 2265 1000 2291 arbitrarentur:

210 2311 305 2329 nomen
320 2302 432 2329 refertur
444 2303 472 2329 in
486 2302 590 2328 tabulas
604 2302 678 2328 Sexti
692 2302 792 2332 Roscii,
815 2302 930 2328 hominis
945 2306 1003 2327 stu—

209 2339 526 2366 diosissiminobilitatis:
543 2348 668 2373 manceps
680 2339 707 2365 fit
719 2339 919 2375 Chrysogonus
942 2339 1002 2364 Tria

209 2377 316 2412 praedia
334 2377 376 2403 vel
396 2376 563 2403 nobilissima
582 2376 702 2411 Capitoni
726 2377 832 2411 propria
850 2376 999 2406 traduntur,

209 2422 277 2448 quae
289 2414 368 2440 hodie
382 2414 513 2449 possidet:
535 2415 563 2440 in
577 2413 694 2448 reliquas
706 2422 799 2440 omnes
815 2413 934 2440 fortunas
953 2413 1002 2439 iste

209 2451 239 2476 T.
255 2451 367 2477 Roscius
381 2452 488 2478 nomine
502 2451 680 2487 Chrysogoni,
701 2450 928 2485 quemadmodum
944 2450 1001 2484 ipse

209 2487 281 2518 dicit,
298 2488 427 2522 impetum
442 2488 512 2514 facit.
534 2488 602 2514 Haec
616 2488 684 2514 bona
698 2488 820 2523 sexagies
831 2487 895 2513 tt-S
905 2495 1002 2513 emun-

210 2529 252 2550 tur
263 2523 368 2551 duobus
383 2525 504 2551 millibus
519 2533 670 2551 nummum.
692 2525 761 2550 Haec
773 2525 871 2555 omnia,
886 2524 998 2554 iudices,

209 2561 378 2596 imprudente
392 2562 421 2588 L.
437 2561 512 2588 Sulla
530 2562 596 2588 facta
614 2570 673 2587 esse
691 2566 762 2588 certo
780 2562 844 2588 scio.
885 2563 927 2588 22.
949 2561 1002 2587 Ne-

208 2606 262 2633 que
280 2599 350 2624 enim
369 2599 480 2630 mirum,
500 2607 586 2634 quum
603 2598 697 2625 eodem
716 2603 833 2633 tempore
851 2603 877 2624 et
889 2606 919 2624 ea
932 2606 1001 2633 quae

209 2635 347 2669 praeterita
365 2640 427 2662 sunt
449 2640 475 2662 et
493 2644 522 2662 ea
539 2644 608 2671 quae
625 2635 750 2662 videntur
770 2636 869 2661 instare
890 2643 1002 2670 praepa—

210 2676 260 2698 ret:
282 2681 367 2707 quum
385 2677 409 2699 et
428 2673 500 2708 pacis
518 2672 717 2699 constituendae
739 2673 866 2699 rationem
889 2677 914 2698 et
937 2671 1000 2698 belli

897 149 1171 176 CICERONIS
1204 148 1388 176 ORATIO

1030 220 1031 227 ¹
1060 218 1167 251 uerendi
1195 224 1348 253 potestatem
1375 219 1449 245 solus
1475 219 1582 247 tantu—at:
1611 228 1695 254 quum
1713 229 1806 247 omnes
1825 222 1850 247 in

1061 264 1144 281 tuntum
1160 261 1285 289 spectent.
1303 265 1373 282 unua
1387 258 1474 282 omnia
1488 257 1630 290 gubernet:
1645 266 1730 291 quum
1745 263 1780 283 tot
1795 263 1852 284 tun-

1061 298 1148 326 tuque
1167 294 1279 325 negotiis
1293 295 1424 319 distentum
1439 295 1485 322 sit.
1508 299 1536 320 ut
1555 295 1683 328 respirare
1702 294 1784 321 libere
1800 304 1850 320 non

1062 330 1157 363 pop-sit,
1178 330 1200 355 xi
1219 330 1321 364 aliquid
1341 339 1391 356 non
1408 331 1610 357 animadvertat:
1633 340 1718 366 quum
1733 340 1852 366 praeser-

1061 372 1107 392 tim
1128 371 1179 392 tam
1199 367 1275 393 multi
1293 369 1492 401 occupationem
1506 369 1565 394 eiua
1577 369 1718 394 observent
1733 373 1853 403 teinpus-

1061 412 1113 437 qne
1127 409 1306 437 aucupentur,
1328 409 1368 433 ut.
1390 404 1551 440 simulatque
1565 405 1610 431 ille
1623 406 1787 440 despexerit,
1803 406 1852 432 ali-

1060 440 1125 474 quid
1149 440 1333 467 huiuscemodi
1358 441 1508 467 moliantur.
1549 442 1605 468 Huc
1628 443 1741 472 nect-dit.
1768 443 1849 477 quod.

1059 479 1184 511 quamvis
1197 478 1241 503 ille
1253 478 1316 504 felix
1327 479 1374 508 sit.
1390 479 1459 504 sicut
1473 483 1526 509 eat,
1543 484 1628 505 tamen
1644 481 1670 506 in
1685 485 1755 506 tanta
1767 480 1852 506 fclici-

1061 520 1111 540 tate
1125 524 1203 540 nemo
1214 520 1298 549 poten
1312 524 1379 545 esse,
1397 516 1422 542 in
1438 525 1531 550 magna
1548 514 1646 542 familia
1657 518 1703 551 qui
1717 518 1851 543 neminem

1060 560 1146 586 neque
1172 561 1280 578 servum
1309 561 1394 587 neque
1422 553 1544 579 libertum
1572 554 1723 587 improbum
1747 554 1849 580 habeat.

1060 591 1100 614 222.
1124 589 1221 615 {nterea
1242 590 1290 615 iste
1305 590 1334 615 Τ.
1351 591 1475 619 Roscius.
1495 591 1535 616 vir
1547 591 1679 624 optimus.
1701 596 1852 625 procurator

1058 663 1110 689 dit:
1140 664 1211 690 hunc
1231 665 1371 694 miserum,
1401 664 1472 690 luctu
1492 664 1638 699 perditum.
1667 666 1713 700 qui
1733 665 1850 691 nondum

1036 704 1037 709 ¹
1058 701 1136 726 etiam
1147 702 1235 726 omnin
1249 706 1356 735 paterno
1367 701 1452 727 funeri
1464 702 1532 727 iusta
1543 702 1674 729 solvisset.
1689 702 1791 728 nudum
1803 703 1851 729 eii-

1036 717 1037 769 l
1058 738 1093 763 cit
1107 737 1185 764 domo
1203 743 1281 772 atquc
1302 738 1366 764 focis
1387 740 1478 773 patriis
1493 739 1601 773 Diisque
1616 739 1757 774 [montibus
1777 748 1851 774 prae-

1036 790 1037 798 t
1057 775 1178 809 cipitcm.
1199 775 1314 805 iudices,
1336 777 1472 802 exturbat:
1495 777 1552 810 ipsc
1571 776 1752 811 amplissimae
1770 785 1851 811 pecu-

1035 807 1037 838 l
1059 813 1116 837 niae
1131 813 1159 838 tit
1173 812 1307 838 dominus.
1329 814 1380 845 Qui
1396 815 1422 840 in
1437 822 1484 839 sua
1499 823 1526 839 re
1541 813 1634 839 suisset
1649 815 1848 846 egentissimus.

1059 854 1121 879 erat,
1139 854 1167 875 ut
1182 850 1218 877 fit.
1236 850 1352 876 insolens
1368 851 1393 876 in
1407 851 1502 876 aliena.
1544 851 1624 876 Multa
1641 851 1725 884 palam
1740 851 1849 877 domum

1058 895 1133 912 suam
1153 886 1301 913 auferebat:
1333 887 1409 922 plura
1427 887 1494 913 clam
1518 887 1551 913 de
1575 888 1662 914 medio
1684 888 1848 914 removebat:

1060 932 1109 950 non
1129 932 1212 958 pauca
1231 925 1288 949 suis
1304 925 1471 950 adiutoribus
1486 925 1557 957 large
1571 925 1707 959 effuseque
1721 925 1848 951 donabat:

1059 960 1161 995 reliqua
1176 962 1316 987 constituta
1331 963 1453 988 auctione
1468 962 1606 988 vendebat.
1649 962 1694 988 tx.
1711 963 1752 988 st.
1773 961 1849 994 Quod

1059 999 1192 1024 Amerinis
1207 1007 1292 1033 usque
1306 1007 1338 1025 eo
1352 999 1439 1025 visum
1454 1004 1494 1025 est
1509 999 1658 1034 indignum.
1677 1004 1706 1025 ut
1719 1000 1785 1025 urbe
1800 1005 1850 1025 tota

1059 1035 1135 1061 fletus
1152 1036 1323 1071 gemitusque
1338 1036 1419 1062 lieret.
1460 1036 1564 1062 Etenim
1583 1036 1665 1062 multa
1688 1036 1768 1062 simut
1791 1042 1851 1062 ante

1058 1072 1149 1099 oculos
1165 1073 1351 1099 versabantur:
1372 1082 1442 1099 mors
1461 1074 1577 1099 hominis
1593 1072 1771 1100 florentissimi
1786 1074 1848 1100 Sex.

1059 1110 1145 1136 Roscii
1167 1110 1368 1141 crudelissima:
1395 1110 1442 1136 tilii
1460 1115 1548 1136 autem
1572 1111 1631 1136 eius
1654 1115 1757 1146 egestas
1780 1111 1850 1137 indi-

1029 1146 1037 1166 ἰ
1057 1147 1201 1183 gnissima,
1221 1148 1263 1173 cui
1279 1148 1311 1173 de
1330 1152 1401 1174 tanto
1419 1148 1577 1182 patrimonio
1595 1148 1692 1182 praedo
1710 1149 1759 1174 iste
1777 1148 1851 1174 nefa-

1028 1182 1037 1217 ’ξ
1058 1185 1114 1210 rius
1134 1193 1166 1210 ne
1180 1185 1228 1210 iter
1241 1185 1352 1219 quidem
1367 1185 1399 1210 ad
1417 1185 1571 1219 sepulcrum
1591 1186 1706 1219 patrium
1725 1185 1851 1220 reliquis-

1034 1223 1037 1259 ]
1057 1226 1110 1247 set:
1134 1221 1263 1248 bonorum
1278 1223 1377 1256 emptio
1395 1221 1536 1257 flagitiosa.
1557 1221 1686 1257 flagitiosa
1706 1222 1848 1256 possessio.

1059 1258 1140 1289 furta,
1164 1259 1279 1293 rapinae,
1295 1259 1460 1286 donationes.
1501 1260 1584 1285 Nemo
1597 1264 1663 1289 erat,
1680 1260 1727 1294 qui
1742 1268 1794 1285 non
1808 1268 1851 1285 ar-

1034 1310 1036 1325 .=
1057 1296 1118 1322 dere
1137 1297 1224 1322 omnia
1244 1296 1346 1326 mallet.
1367 1305 1447 1331 quam
1466 1296 1556 1322 videre
1575 1297 1601 1322 in
1616 1296 1678 1322 Sex.
1694 1297 1781 1323 Roscii
1800 1297 1849 1323 viri

1057 1334 1150 1367 optimi
1169 1338 1248 1368 atque
1267 1333 1447 1359 honestissimi
1467 1333 1544 1359 bonis
1563 1334 1701 1359 iactantem
1718 1342 1746 1360 se
1759 1342 1789 1360 ac
1803 1333 1850 1360 do-

1034 1374 1036 1383 '
1058 1371 1201 1396 minantem
1214 1371 1244 1396 T.
1257 1371 1392 1397 Roscium.
1414 1372 1456 1397 25.
1474 1371 1565 1405 itaque
1574 1370 1748 1397 decurionum
1759 1370 1850 1397 decre-

1034 1417 1035 1422 *
1059 1412 1114 1433 tum
1134 1408 1222 1433 statim
1238 1408 1278 1438 fit,
1303 1413 1331 1434 ut
1345 1408 1543 1442 decem-primi
1558 1408 1759 1442 proficiscantur
1771 1408 1804 1434 ad
1818 1408 1848 1434 L.

1058 1444 1160 1471 Sullam
1175 1445 1339 1480 doceantque
1353 1453 1424 1475 eum,
1437 1445 1485 1480 qui
1500 1445 1541 1471 vir
1554 1445 1616 1471 Sex.
1629 1445 1742 1471 Roscius
1755 1445 1847 1472 fuerit:

1057 1487 1254 1517 conquerantur
1271 1482 1303 1509 de
1321 1483 1433 1509 istorum
1451 1481 1550 1508 scelere
1571 1487 1597 1508 et
1619 1482 1738 1508 iniuriis:
1765 1487 1847 1512 orent,

1058 1524 1087 1545 ut
1105 1524 1130 1545 et
1148 1519 1222 1545 illius
1241 1520 1338 1546 mortui
1357 1519 1454 1546 famam
1468 1524 1493 1545 et
1507 1519 1555 1546 filii
1569 1520 1717 1546 innocentis
1731 1519 1849 1546 fortunas

1057 1561 1225 1583 conservatas
1243 1556 1316 1583 velit.
1356 1557 1444 1591 Atque
1462 1557 1552 1591 ipsum
1566 1556 1714 1586 decretum.
1737 1565 1847 1591 quaeso.

1056 1594 1215 1628 cognoscite.
1268 1602 1425 1620 οεςκετωι
1456 1602 1658 1620 nscuniosuu.
1701 1594 1790 1629 Legati
1822 1595 1849 1620 in

1056 1635 1140 1657 castra
1159 1631 1278 1656 veniunt.
1319 1630 1491 1666 Intelligitur,
1517 1630 1632 1661 iudices,
1660 1630 1686 1656 id
1705 1631 1777 1666 quod
1797 1632 1848 1657 iam

1057 1672 1116 1694 ante
1129 1668 1195 1698 dixi,
1209 1667 1379 1702 imprudente
1393 1667 1423 1694 L.
1439 1667 1514 1694 Sulla
1528 1667 1625 1694 scelera
1641 1667 1705 1694 haec
1715 1672 1740 1694 et
1751 1667 1847 1703 flagitia

1057 1705 1122 1731 fieri.
1163 1705 1228 1731 Nam
1247 1706 1336 1731 statim
1351 1704 1538 1741 Chrysogonus
1555 1709 1580 1731 et
1599 1706 1657 1739 ipse
1670 1704 1704 1731 ad
1717 1713 1762 1731 eos
1775 1714 1850 1731 acce·

1055 1742 1094 1768 dit
1111 1747 1137 1768 et
1155 1742 1277 1768 homines
1296 1742 1398 1768 nobiles
1416 1742 1512 1777 allegat
1529 1743 1576 1773 iis,
1596 1743 1643 1777 qui
1662 1747 1792 1776 peterent,
1817 1751 1848 1769 ne

1055 1779 1088 1805 ad
1103 1779 1205 1805 Sullam
1219 1780 1330 1810 adirent,
1346 1784 1371 1805 et
1385 1779 1473 1805 omnia
1484 1779 1696 1815 Chrysogonum.
1712 1788 1782 1814 quae
1793 1779 1850 1806 vel-

1032 1831 1034 1842 t
1057 1816 1123 1847 lent,
1149 1825 1207 1843 esse
1225 1816 1357 1842 facturum
1377 1816 1572 1851 pollicerentur.
1614 1818 1655 1842 26.
1677 1816 1767 1851 Usque
1784 1817 1849 1843 adeo

1032 1844 1034 1871 l
1055 1858 1144 1880 autem
1162 1853 1208 1880 ille
1222 1854 1405 1888 pertimuerat,
1422 1858 1451 1880 ut
1464 1854 1530 1880 mori
1546 1853 1648 1884 mallet,
1663 1862 1745 1888 quam
1759 1853 1792 1880 de
1806 1855 1848 1880 his

1055 1891 1136 1917 rebus
1150 1890 1253 1917 Sullam
1267 1890 1365 1917 doceri.
1406 1891 1532 1917 Homines
1545 1891 1662 1925 antiqui,
1682 1891 1730 1925 qui
1748 1899 1782 1917 ex
1799 1900 1847 1917 sua

1033 1926 1034 1940 ¹
1056 1932 1148 1955 natura
1165 1932 1266 1954 ceteros
1284 1928 1426 1963 fingerent,
1447 1936 1533 1962 quum
1551 1927 1596 1954 ille
1610 1927 1777 1954 confirmaret
1789 1937 1848 1955 sese

1032 1957 1034 1987 l
1055 1974 1151 1992 nomen
1166 1965 1228 1991 Sex.
1243 1965 1331 1991 Roscii
1347 1965 1380 1991 de
1398 1965 1496 1991 tabulis
1514 1969 1716 1999 exempturum‚
1742 1965 1848 2000 praedia

1056 2011 1138 2029 vacua
1157 2002 1212 2028 filio
1229 2002 1402 2028 traditurum:
1424 2010 1564 2037 quumque
1583 2002 1610 2028 id
1627 2003 1662 2028 ita
1682 2001 1802 2028 futurum
1817 2003 1846 2029 T.

1054 2040 1167 2066 Roscius
1182 2039 1287 2074 Capito,
1302 2040 1350 2074 qui
1365 2040 1392 2065 in
1406 2039 1432 2065 X
1446 2039 1540 2074 legatis
1554 2044 1622 2070 erat,
1638 2039 1845 2074 appromitteret,

1055 2077 1239 2104 crediderunt:
1261 2076 1394 2103 Ameriam
1421 2085 1448 2102 re
1473 2077 1574 2103 inorata
1597 2081 1771 2103 reverterunt.
1809 2078 1847 2103 Ac

1054 2115 1142 2149 primo
1155 2122 1211 2140 rem
1225 2113 1329 2140 differre
1343 2113 1463 2148 quotidie
1476 2122 1506 2139 ac
1519 2114 1711 2148 procrastinare
1725 2113 1770 2140 isti
1787 2121 1847 2140 coe-

1055 2156 1165 2186 perunt:
1187 2151 1284 2178 deinde
1298 2151 1434 2185 aliquanto
1448 2150 1558 2177 lentius:
1581 2150 1648 2177 nihil
1662 2158 1748 2186 agere,
1767 2155 1847 2186 atque

1054 2188 1195 2215 deludere:
1221 2193 1354 2223 postremo
1372 2187 1410 2223 (id
1427 2187 1500 2223 quod
1519 2187 1595 2214 facile
1611 2187 1776 2214 intellectum
1797 2189 1847 2221 est)

1053 2226 1166 2252 insidias
1180 2226 1249 2252 vitae
1264 2225 1376 2251 huiusce
1390 2224 1453 2251 Sex.
1467 2225 1555 2252 Roscii
1570 2233 1670 2259 parare.
1686 2232 1774 2259 neque
1787 2233 1846 2251 sese

1054 2263 1174 2289 arbitran'
1189 2270 1267 2297 posse
1281 2262 1384 2288 diutius
1398 2262 1511 2288 alienam
1526 2262 1666 2296 pecuniam
1679 2261 1788 2288 domino
1805 2262 1848 2288 in-

1053 2300 1152 2327 columi
1165 2300 1293 2326 obtinere.
1324 2299 1359 2325 X.
1376 2299 1418 2326 27.
1437 2298 1513 2331 Quod
1527 2300 1550 2325 is
1563 2297 1644 2325 simut
1658 2303 1739 2333 atque
1751 2300 1844 2330 sensit,

1053 2337 1086 2364 de
1103 2337 1250 2363 amicorum
1267 2341 1495 2372 cognatorumque
1511 2336 1642 2362 sententia
1659 2335 1770 2362 Romam
1782 2344 1846 2362 con-

1054 2374 1123 2410 fugit
1135 2379 1161 2400 et
1173 2382 1233 2400 sese
1247 2373 1280 2400 ad
1294 2373 1448 2404 Caeciliam,
1468 2373 1577 2407 Nepotis
1591 2372 1686 2402 tiliam.
1701 2381 1784 2407 quam
1797 2372 1847 2399 ho—

1053 2413 1125 2438 noris
1144 2419 1239 2437 caussa
1257 2411 1374 2441 nomino,
1395 2409 1520 2440 contulit,
1540 2418 1594 2444 qua
1613 2414 1687 2444 pater
1705 2417 1772 2436 usus
1789 2415 1846 2436 erat.

1052 2448 1215 2483 plurimum:
1238 2447 1265 2474 in
1278 2456 1332 2482 qua
1345 2446 1466 2478 muliere,
1485 2446 1598 2477 iudices.
1617 2447 1697 2472 etiam
1711 2454 1795 2478 nunc,
1817 2446 1845 2473 id

1052 2485 1125 2521 quod
1143 2493 1236 2512 omnes
1253 2493 1359 2519 semper
1375 2484 1607 2514 existimaverunt,
1631 2483 1710 2518 quasi
1727 2483 1844 2518 exempti

1052 2531 1147 2549 caussa
1169 2522 1282 2557 vestigia
1303 2521 1407 2556 antiqui
1429 2520 1509 2547 officii
1532 2525 1678 2547 remanent.
1721 2520 1760 2547 Ea
1779 2520 1842 2547 Sex.

1051 2560 1178 2586 Roscium
1196 2559 1316 2593 inopem,
1336 2558 1449 2584 eiectum
1463 2557 1543 2584 domo
1555 2563 1636 2592 atque
1648 2557 1794 2592 expulsum
1811 2566 1844 2584 ex

1052 2597 1110 2623 suis
1124 2596 1214 2626 bonis,
1235 2595 1381 2631 fugientem
1396 2594 1527 2620 latronum
1541 2594 1593 2620 tela
1606 2599 1633 2620 et
1645 2595 1731 2620 minas
1744 2595 1843 2630 recepit

1051 2634 1162 2660 domum
1188 2633 1340 2667 hospitique
1365 2639 1493 2666 oppresso
1518 2632 1570 2658 iam
1592 2631 1784 2666 desperatoque
1809 2631 1843 2658 ab

1028 2682 1031 2698 ι
1051 2671 1178 2697 omnibus
1191 2669 1318 2704 opitulata
1332 2673 1380 2695 est.
1421 2668 1486 2695 Eius
1501 2669 1606 2698 virtute,
1627 2668 1687 2698 fide,
1705 2668 1841 2704 diligentia
