1941 3052
700 147 736 172 53.
772 147 805 172 M.

234 147 282 172 488

232 216 312 242 tervis
325 215 485 250 pcrditorum
499 216 635 241 bominum
649 215 812 250 possideres:
830 216 968 242 Libertatis
983 216 1020 242 si-
1040 217 1049 250 Γ

232 253 379 279 mulacrum
397 254 422 279 in
438 262 466 278 ea
483 253 560 278 domo
580 253 739 282 collocabas,
761 262 830 287 quae
849 253 945 279 (lomus
966 257 1020 279 erat
1042 286 1043 290 Ἰ

231 290 288 324 ipsa
302 290 400 316 indit-io
411 291 447 315 tui
460 290 638 315 crudelissimi
650 290 802 315 ‹lominatus
814 295 838 316 et
855 290 1019 315 miserrimae
1040 315 1049 323 Ι,

231 327 322 362 populi
341 327 447 353 ltomani
463 326 617 352 servitutis?
647 328 702 352 m.
726 327 828 352 Eumne
850 327 1018 361 potissimum
1040 347 1043 363 ,

232 364 349 390 Libertas
360 364 438 389 domo
448 372 495 388 sua
507 363 600 389 debuit
614 363 724 397 pellere,
742 364 788 398 qui
802 364 852 389 nisi
866 364 973 394 fuisset,
992 364 1018 390 in
1040 392 1042 404 1

230 409 366 426 servorum
379 404 533 434 potestatem
545 401 638 426 civitas
651 405 701 426 tota
715 401 849 427 venisset?
878 401 968 427 XLttt.
986 401 1019 427 At
1040 416 1042 427 l

231 438 301 464 und«-
313 438 418 463 inventa
430 441 469 463 est
481 438 529 462 ista
543 437 679 463 Libertas?
688 438 809 472 quaesivi
821 438 892 464 enim
904 438 1019 473 diligen-

231 479 277 500 ter.
300 475 447 509 Tanagraea
458 474 588 509 quaedam
602 475 726 501 meretrix
738 474 821 501 fuisse
832 475 938 501 dicitur.
954 475 1019 502 Eius

230 521 279 537 uon
294 511 369 545 longe
380 511 527 546 aTanagris
538 511 710 538 simulacrum
723 520 737 538 e
750 521 878 539 marmore
890 514 915 539 in
928 512 1019 548 sepul-

229 557 272 574 cro
284 549 400 582 positum
413 547 472 574 fuit.
495 549 547 574 lfoc
558 549 667 583 quidam
681 549 760 576 bomo
771 550 876 580 nobilis.
892 559 942 576 non
954 550 1019 576 alie—

229 594 280 611 nus
291 585 324 611 ab
336 585 384 611 boc
395 585 519 621 religioso
531 586 672 612 Libertatis
687 587 836 617 sacerdote,
854 587 885 613 ad
897 592 1017 614 ornatum

227 622 370 648 aedilitatis
385 631 448 648 suae
463 623 621 657 deportavit.
662 624 765 650 Etenim
780 625 906 660 cogitarat
926 633 1018 651 omnes

227 659 378 694 superiores
391 661 510 686 muneris
521 660 661 695 splendore
672 670 807 696 superare.
831 662 920 697 ltaque
929 662 1017 688 omnia

227 697 313 732 signa,
328 696 445 728 tabulas,
458 703 672 724 ornamentorum
683 699 755 733 quod
767 699 900 734 superfuit
911 699 937 725 in
950 699 1017 725 fanis

226 738 252 760 et
271 734 460 760 communibus
482 734 558 766 locis,
586 740 636 761 tota
657 744 670 761 e
691 736 799 762 Graecia
820 741 899 771 atque
920 736 1017 763 insulis

226 771 366 802 omnibus,
384 771 490 798 honoris
503 772 594 807 populi
607 773 716 799 Romani
728 782 835 804 caussa,
852 783 914 800 sane
927 773 1017 809 fruga-

227 807 286 834 liter
296 808 405 835 domum
416 817 492 835 suam
504 810 661 844 deportavit.
687 813 694 836 f
706 812 741 836 12.
756 811 779 837 ls
791 816 963 846 posteaquam
976 811 1016 837 in-

227 844 341 876 tellexit,
365 854 442 880 posse
456 855 498 877 se,
523 847 666 873 interversa
682 848 827 879 aedilitate,
850 858 863 874 a
881 849 908 875 L.
922 849 1015 875 Pisone

225 882 334 909 consule
348 888 493 918 praetorem
510 885 669 915 renuntiari,
692 886 714 911 si
731 885 807 911 modo
823 885 914 912 eadem
931 887 1014 920 prima

228 919 312 946 littera
332 921 529 955 competitorem
548 922 685 948 habuisset
700 922 830 957 aliquem:
854 923 1014 949 aedilitatem

211 956 332 983 'duobus
344 958 370 983 in
384 957 460 988 locis,
479 959 574 993 partim
587 960 612 985 in
624 968 691 990 arca,
706 961 800 994 partim
813 960 839 986 in
851 960 934 986 hortis
946 961 1012 991 suis,

225 993 376 1021 collocavit:
399 995 507 1031 signum
529 996 561 1022 de
582 996 661 1023 busto
677 998 822 1023 meretricis
836 997 953 1024 ablatum
970 998 1013 1024 isti

224 1031 311 1062 dedit,
328 1032 400 1066 quod
416 1037 485 1059 esset
500 1033 607 1069 signum
625 1035 709 1069 magis
726 1035 851 1065 istorum,
872 1044 951 1070 quam
965 1044 1016 1070 pu-

225 1068 309 1095 blicae
321 1068 459 1096 libertatis.
475 1071 545 1096 Hanc
557 1071 632 1097 deam
644 1072 788 1106 quisquam
801 1072 898 1098 violare
909 1072 1012 1103 audeat,

225 1106 368 1141 imaginem
391 1108 548 1138 meretricis,
569 1114 753 1135 oruamentum
775 1109 906 1144 sepulcri,
927 1119 941 1136 a
958 1109 1014 1136 fure

224 1143 371 1174 sublatam,
388 1153 402 1170 a
412 1145 540 1180 sacrilego
551 1145 722 1172 collocatam?
741 1146 804 1172 baec
817 1155 857 1173 me
868 1147 946 1173 domo
958 1156 1014 1173 mea

225 1180 324 1215 pellet?
340 1181 403 1207 haec
415 1181 496 1208 ultrix
506 1182 617 1209 afflictae
628 1184 756 1214 civitatis,
775 1184 938 1219 reipublicae
952 1193 1015 1219 spo·

225 1217 268 1244 liis
280 1218 434 1244 ornabitur?
449 1219 512 1245 baec
523 1221 572 1246 erit
583 1221 609 1246 in
621 1229 652 1246 co
663 1226 846 1252 monumento,
859 1221 930 1256 quod
943 1223 1015 1256 posi-

224 1258 281 1281 tum
293 1259 341 1286 est,
356 1260 384 1282 ut
394 1261 465 1282 esset
476 1257 605 1283 indicium
617 1259 737 1292 oppressi
749 1264 858 1285 senatus
869 1259 901 1285 ad
914 1268 1016 1285 memo-

224 1292 289 1320 riam
304 1293 493 1327 sempiternam
514 1295 707 1329 turpitudinis?
748 1297 803 1322 ⁴¹3.
826 1296 848 1323 O
863 1296 894 1328 Q.
912 1296 1012 1327 Catule,

222 1329 369 1363 (patremne
381 1330 521 1365 appellem,
530 1341 562 1358 an
575 1332 679 1358 filium‘?
689 1334 818 1360 recentior
829 1334 956 1360 memoria
967 1334 1014 1360 filii

223 1370 275 1397 est,
294 1371 392 1393 etcum
404 1368 484 1394 rebus
495 1369 562 1395 meis
573 1370 656 1405 gestis
667 1371 856 1406 coniunctior:)
878 1376 1014 1397 tantumne

224 1408 248 1430 te
261 1403 362 1435 fefellit,
371 1413 455 1439 quum
467 1406 533 1432 mihi
545 1415 650 1433 summa
662 1413 686 1433 et
697 1408 816 1442 quotidie
829 1409 926 1434 maiora
938 1417 1014 1443 prae—

222 1441 275 1466 mia
286 1441 313 1467 in
325 1442 459 1476 republica
473 1442 525 1470 fore
537 1443 667 1478 putabas?
687 1445 802 1480 negabas
814 1445 853 1472 fas
864 1454 931 1477 esse,
945 1445 1013 1472 duos

221 1478 345 1504 consules
366 1487 424 1506 esse
444 1480 471 1506 in
493 1480 541 1507 hac
561 1482 668 1508 civitate
691 1483 814 1509 inimicos
839 1483 1011 1518 reipublicae.

221 1515 278 1541 Duo
292 1520 355 1542 sunt
369 1517 484 1549 inventi,
507 1519 553 1553 qui
570 1524 691 1545 senatum
708 1520 815 1546 tribuno
832 1519 930 1547 furenti
950 1529 1014 1547 con-

221 1553 343 1579 strictum
355 1554 500 1581 traderent·
523 1556 570 1590 qui
582 1565 628 1590 pro
639 1565 681 1582 me
694 1561 780 1591 patres
791 1558 955 1592 conscriptos
966 1558 1014 1584 de-

221 1591 323 1624 precari
337 1595 363 1617 et
377 1591 477 1626 populo
487 1593 625 1627 supplices
636 1602 694 1620 esse
705 1594 799 1620 edictis
810 1599 889 1630 atque
900 1596 1013 1630 imperio

221 1631 352 1654 vetarent:
364 1629 465 1663 quibus
475 1630 688 1664 inspectantibus
699 1631 796 1658 domus
809 1640 867 1658 mea
878 1632 1013 1659 disturba-

220 1669 306 1695 retur,
320 1664 492 1700 diriperetur:
510 1668 556 1702 qui
568 1668 685 1702 denique
696 1668 833 1695 ambustas
846 1669 1011 1695 fortunarum

221 1709 340 1728 mearum
355 1702 482 1738 reliquias
494 1713 556 1730 suas
568 1705 595 1731 in
606 1705 698 1731 domos
709 1706 868 1740 comportari
879 1706 1011 1733 iuberent.

223 1739 277 1764 itt.
298 1739 381 1765 Venio
391 1749 462 1767 nunc
473 1741 506 1767 ad
517 1746 628 1776 patrem.
669 1743 722 1772 Tu,
735 1742 767 1775 Q.
780 1743 886 1773 Catule,
899 1743 933 1769 M.
948 1743 1013 1770 Ful—

220 1775 257 1802 vii
273 1775 396 1808 domum,
414 1786 498 1812 quum
515 1779 537 1804 is
549 1778 636 1805 fratris
648 1779 686 1805 tui
702 1788 776 1806 socer
790 1779 898 1811 suisset,
917 1789 1012 1807 monu-

220 1817 340 1839 mentum
357 1818 462 1841 tuarum
479 1816 667 1842 manubiarum
683 1825 742 1843 esse
758 1817 880 1848 voluisti,
898 1822 927 1844 ut
942 1818 1009 1848 eius,

219 1850 267 1885 qui
289 1851 435 1885 perniciosa
457 1852 619 1887 reipublicae
639 1853 750 1880 consilia
770 1855 897 1888 cepisset,
923 1855 1011 1881 omnis

220 1888 346 1914 memoria
366 1887 488 1915 funditus
508 1898 542 1916 ex
561 1890 646 1916 oculis
667 1890 805 1917 hominum
827 1900 856 1918 ac
875 1892 1010 1918 mentibus

220 1923 364 1951 tolleretur.
398 1926 452 1952 Hoc
467 1927 489 1952 si
501 1927 563 1962 quis
575 1928 623 1953 tibi
634 1927 782 1955 aedificanti
794 1928 866 1955 illam
878 1929 1010 1964 porticum

218 1961 324 1992 diceret,
339 1961 392 1989 fore
404 1967 519 1998 tempus,
532 1973 616 1999 quum
628 1965 650 1991 is
663 1965 787 1992 tribunus
799 1966 895 2000 plebis,
903 1967 950 2002 qui
962 1975 1010 1993 au-

217 1999 362 2025 ctoritatem
373 2005 490 2031 senatus,
505 2002 634 2028 iudicium
646 2002 775 2029 bonorum
787 2004 907 2030 omnium
920 2004 1009 2040 negle-

218 2035 314 2067 xisset,
328 2040 403 2063 tuum
416 2044 631 2070 monumentum,
648 2040 805 2066 consulibus
817 2049 868 2067 non
879 2041 957 2067 modo
968 2042 1010 2067 in-

217 2074 412 2107 spectantibus,
426 2083 519 2102 verum
531 2076 734 2107 adiuvantibus,
748 2077 919 2109 disturbaret,
933 2087 1009 2105 ever-

217 2113 290 2141 teret,
303 2110 385 2145 idque
396 2120 458 2138 cum
469 2113 527 2139 eius
538 2114 614 2144 civis,
623 2114 670 2149 qui
683 2115 875 2149 rempublicam
888 2124 921 2142 ex
932 2124 1009 2142 sena-

217 2151 260 2173 tus
271 2149 423 2175 auctoritate
434 2150 526 2177 consul
538 2150 712 2182 defendisset,
731 2152 809 2179 domo
820 2153 1006 2189 coniungeret:

217 2192 303 2211 nonne
319 2186 506 2220 responderes,
524 2187 564 2219 id,
583 2189 635 2215 nisi
650 2197 741 2215 eversa
752 2190 872 2221 civitate,
889 2190 1008 2217 accidere

217 2230 268 2248 non
280 2222 376 2256 posse?

272 2259 363 2286 XLIV.
380 2262 435 2288 ⁴⁴5.
448 2261 480 2288 At
492 2261 579 2289 videte
590 2262 707 2290 hominis
719 2263 912 2291 intolerabilem
924 2265 1007 2291 auda-

215 2296 283 2323 ciam
303 2305 365 2323 eum
387 2299 499 2332 proiecta
520 2300 635 2334 quadam
656 2305 681 2327 et
704 2300 827 2328 effrenata
849 2302 1005 2337 cupiditate.

215 2333 417 2361 Monumentum
429 2336 478 2362 iste
490 2345 637 2372 numquam
648 2342 694 2364 aut
704 2338 860 2374 religionem
872 2339 954 2365 ullam
960 2348 1008 2366 ex-

215 2371 353 2406 cogitavit:
371 2372 488 2400 habitare
504 2375 562 2401 laxe
573 2379 598 2401 et
614 2375 753 2411 magnifice
769 2375 866 2407 voluit,
884 2376 1007 2412 duasque

216 2411 241 2432 et
253 2416 361 2444 magnas
372 2414 397 2436 et
408 2411 511 2438 nobiles
522 2411 615 2439 domos
627 2413 799 2448 coniungere.
825 2413 925 2440 Eodem
936 2422 1008 2448 pun-

215 2448 256 2470 cto
268 2447 406 2480 temporis,
423 2456 478 2482 quo
493 2457 570 2475 meus
580 2449 716 2476 discessus
728 2450 771 2476 isti
783 2458 904 2477 caussam
917 2450 1006 2477 caedis

215 2481 321 2515 eripuit,
334 2491 347 2508 a
358 2483 389 2515 Q.
402 2484 464 2511 Seio
473 2486 621 2517 contendit,
639 2492 668 2513 ut
679 2486 731 2513 sibi
743 2487 853 2514 domum
864 2487 1003 2514 venderet:

214 2525 300 2551 quum
315 2518 360 2545 ille
375 2520 402 2546 id
417 2528 537 2557 negaret,
560 2524 647 2558 primo
663 2532 692 2549 se
709 2523 858 2551 luminibus
873 2525 932 2551 eius
946 2533 1005 2551 esse
1028 2537 1029 2552 l

215 2553 413 2583 obstructurum
430 2560 588 2586 minabatur.
627 2560 783 2587 Affirmabat
794 2561 952 2592 Postumus,
975 2570 1005 2588 se

216 2591 360 2619 vivoillam
371 2593 479 2621 domum
491 2597 569 2623 istius
580 2606 726 2632 numquam
742 2597 870 2624 futuram.
903 2599 1004 2625 Acutus
1028 2601 1035 2626 Ἃ
1056 2607 1090 2633 po

214 2626 368 2655 adolescens
388 2639 421 2657 ex
440 2632 527 2666 ipsius
546 2643 668 2661 sermone
688 2633 833 2665 intellexit,
857 2635 924 2670 quid
947 2636 1004 2662 fieri

214 2669 358 2700 oporteret:
371 2666 504 2696 hominem
517 2679 618 2698 veneno
629 2671 926 2706 apertissimesustulit:
939 2673 1004 2699 emit
1026 2698 1027 2701 ,

840 146 869 172 Τ.
905 145 1396 173 C1s213n0NfS(›tt.tT10

1071 215 1189 246 domum,
1200 216 1373 243 licitatoribus
1384 216 1542 253 defatigatis,
1551 227 1631 253 prope
1641 217 1753 245 dimidio
1762 218 1859 249 cai-iun,

1071 261 1151 287 quam
1167 254 1332 279 aesuimabat.
1375 256 1432 280 tto.
1453 256 1586 287 Quonam
1604 257 1685 290 igitur
1701 256 1765 282 baec
1778 256 1861 283 oratio

1072 290 1203 324 pertinet?
1223 291 1321 316 Domus
1338 291 1382 317 illa
1398 300 1455 317 mea
1471 300 1552 327 prope
1568 298 1618 319 tota
1636 302 1716 319 vacua
1737 298 1791 319 eut:
1815 293 1861 320 vix

1071 336 1132 361 para
1147 327 1253 353 aedium
1270 336 1389 354 mearum
1405 328 1506 355 decim·
1522 329 1554 355 ad
1570 330 1656 356 Catuli
1673 331 1802 365 {uticum
1817 338 1861 356 ac-

1071 364 1159 390 cessit.
1194 365 1294 391 Caussa
1307 365 1356 391 fuit
1367 365 1512 392 ambulatio
1522 371 1548 392 et
1559 372 1761 394 monumentum
1773 372 1798 393 et
1809 367 1860 393 ista

1071 401 1233 436 Tanagraea,
1250 410 1375 436 oppressa
1392 402 1524 432 libertate.
1542 403 1670 430 Libet-tu.
1710 405 1738 431 ln
1750 404 1858 435 Palatio,

1047 451 1049 458 ι
1071 438 1251 472 pulcherrimo
1271 444 1425 474 prospectu,
1452 441 1582 475 porticum
1604 449 1666 467 cum
1687 441 1860 468 conclavibus

1046 550 1049 562 t

1071 476 1275 509 pavimentatam
1288 481 1433 502 trecentum
1445 477 1544 512 pedum
1554 479 1736 513 concupierat,
1749 479 1861 514 amplis-

1069 513 1168 538 simum
1180 513 1352 548 peristylum,
1364 519 1448 540 cetera
1460 515 1600 545 eiusmodi,
1614 514 1689 542 facile
1699 521 1729 542 ut
1739 517 1859 542 omnium

1069 549 1162 576 domos
1172 555 1198 576 et
1210 550 1315 577 laxitate
1325 555 1351 577 et
1361 550 1490 587 dignitate
1500 557 1644 587 superaret.
1665 552 1698 579 Et
1709 552 1787 579 bomo
1798 553 1860 579 reli-

1069 587 1174 622 giosuS,
1197 596 1281 622 quum
1302 588 1381 614 aedes
1397 597 1469 614 meas
1484 589 1554 615 idem
1570 594 1669 616 emeret
1683 594 1708 616 et
1724 589 1856 620 venderet.

1071 629 1156 650 tamen
1173 625 1226 650 illis
1242 625 1321 651 tantia
1337 625 1453 652 tenebris
1465 634 1515 652 non
1527 631 1567 652 est
1577 635 1660 652 ausus
1671 635 1751 653 suum
1763 635 1859 654 nomen

1069 662 1197 696 emptioni
1214 661 1253 688 illi
1268 662 1409 689 ascribere.
1449 663 1541 690 Posuit
1556 663 1658 690 scilicet
1671 664 1810 691 Scatonem
1826 664 1859 691 il-

1070 698 1136 729 lum,
1150 699 1284 725 hominem
1296 708 1344 726 sua
1357 701 1455 727 virtute
1465 706 1596 737 egentem,
1610 706 1639 727 ut
1650 702 1680 732 is,
1694 702 1779 736 quiin
1791 701 1860 728 Mar-

1068 736 1120 767 sis,
1140 736 1185 762 ubi
1198 741 1276 762 natus
1287 741 1339 767 est,
1358 742 1469 768 tectum,
1481 746 1537 773 quo
1547 738 1640 765 imbris
1653 738 1753 765 vitandi
1764 747 1858 765 caussa

1068 773 1230 804 succederet,
1245 774 1350 800 nullum
1362 774 1478 805 haberet,
1491 775 1570 801 aedes
1582 775 1712 802 inPalatio
1723 775 1860 802 nobilissi-

1068 819 1124 836 mas
1136 811 1233 837 emisse
1245 819 1274 837 se
1284 811 1391 838 diceret.
1423 811 1575 839 inferiorem
1587 813 1692 839 aedium
1705 818 1805 847 partem
1816 822 1859 839 as-

1067 848 1183 883 signavit
1198 857 1250 874 non
1265 857 1329 875 suae
1343 850 1416 884 genti
1428 849 1560 878 Fonteiae,
1576 850 1623 876 sed
1635 850 1755 879 Clodiae.
1776 859 1857 885 quam

1068 885 1189 920 reliquit:
1212 894 1293 920 quem
1310 887 1336 912 in
1354 895 1496 912 numerum
1512 896 1545 913 ex
1562 887 1654 913 multis
1665 887 1765 913 Clodiis
1781 896 1860 914 nemo

1068 931 1163 949 nomen
1184 922 1271 953 dedit,
1294 924 1345 949 nisi
1360 928 1406 949 aut
1421 929 1537 960 egestate
1552 929 1598 950 aut
1612 924 1710 951 scelere
1726 925 1856 959 perditus.

1068 960 1146 986 XLV.
1169 960 1240 986 Hanc
1256 969 1315 991 vos,
1333 961 1484 995 pontifices,
1503 966 1555 987 tam
1567 963 1680 992 variam,
1698 966 1749 988 tam
1763 970 1858 988 novam

1067 998 1093 1023 in
1105 997 1176 1023 omni
1188 1006 1284 1032 genere
1296 997 1471 1028 voluntatem.
1484 999 1692 1034 impudentiam,
1708 999 1856 1030 audaciam,

1066 1034 1238 1069 cupiditatem
1250 1034 1475 1070 comprobabitis?

1124 1073 1180 1097 ⁴¹7.
1195 1072 1324 1103 Pontifex,
1338 1073 1434 1108 inquit,
1447 1072 1542 1099 adfuit.
1564 1073 1620 1099 Non
1634 1077 1658 1099 te
1670 1072 1759 1108 pudet,
1772 1081 1858 1108 quum

1067 1108 1137 1143 apud
1150 1109 1286 1143 pontifices
1298 1118 1339 1136 res
1350 1115 1455 1146 agatur,
1469 1110 1620 1145 pontificem
1632 1110 1727 1140 dicere,
1741 1119 1793 1137 non
1803 1110 1859 1137 col-

1068 1146 1166 1182 legium
1180 1147 1335 1181 pontificum
1346 1147 1478 1174 adfuisse:
1503 1149 1656 1182 praesertim
1671 1156 1756 1183 quum
1773 1148 1859 1174 tribu-

1068 1192 1119 1209 nus
1130 1183 1216 1218 plebis
1229 1183 1270 1209 vel
1281 1184 1438 1210 denuntiare
1449 1186 1581 1219 potueris,
1603 1185 1644 1211 vel
1657 1186 1736 1211 etiam
1747 1184 1859 1220 cogere?

1067 1221 1143 1247 Esto:
1164 1221 1306 1257 collegium
1323 1230 1374 1248 non
1390 1221 1548 1248 adhibuisti.
1588 1221 1676 1254 Quid?
1694 1222 1727 1248 de
1746 1222 1858 1258 collegio

1067 1259 1129 1293 quis
1149 1258 1255 1284 tandem
1275 1258 1380 1285 adfuit?
1398 1259 1523 1285 Posuerat
1541 1260 1613 1285 enim
1633 1260 1814 1285 auctoritatem
1830 1260 1857 1286 in

1068 1304 1132 1326 uno,
1150 1304 1218 1330 quae
1229 1299 1269 1322 est
1281 1296 1307 1322 in
1320 1296 1362 1322 his
1372 1296 1512 1328 omnibus:
1534 1296 1582 1323 sed
1593 1301 1680 1322 tamen
1691 1301 1770 1332 auget
1779 1301 1805 1322 et
1815 1304 1858 1323 ae-

1067 1337 1106 1359 tas
1126 1337 1151 1359 et
1171 1333 1254 1359 honos
1274 1332 1445 1369 dignitatem:
1470 1342 1539 1368 opus
1558 1338 1613 1360 erat
1633 1334 1712 1360 etiam
1732 1334 1856 1365 scientia;

1066 1378 1147 1405 quam
1159 1370 1208 1396 etsi
1219 1378 1312 1396 omnes
1323 1371 1457 1397 consecuti
1468 1376 1544 1401 sunt,
1563 1375 1650 1397 tamen
1665 1376 1734 1397 certe
1749 1371 1858 1405 peritio-

1067 1416 1108 1434 res
1120 1412 1238 1434 vetustas
1250 1407 1321 1434 facit.
1363 1409 1420 1434 tta.
1433 1407 1499 1440 Quis
1510 1416 1572 1444 ergo
1583 1407 1686 1434 adfuit?
1705 1408 1803 1437 Frater,
1815 1408 1859 1434 in-

1066 1445 1133 1479 quit,
1147 1445 1238 1471 uxoris
1249 1453 1332 1471 meae.
1359 1444 1387 1471 Si
1398 1446 1578 1472 auctoritatem
1589 1446 1755 1480 quaerimus,
1768 1445 1818 1472 etsi
1830 1444 1858 1472 id

1066 1487 1106 1508 est
1121 1483 1226 1513 aetatis,
1243 1487 1273 1508 ut
1288 1482 1407 1509 nondum
1421 1487 1580 1509 consecutus
1591 1483 1639 1509 sit:
1662 1487 1748 1509 tamen
1759 1487 1857 1517 quanta

1065 1524 1105 1545 est
1117 1520 1143 1545 in
1155 1519 1322 1546 adolescente
1333 1520 1474 1546 auctoritas
1482 1541 1488 1551 ,
1507 1529 1549 1550 ea,
1567 1524 1674 1555 propter
1685 1525 1783 1546 tantam
1793 1528 1858 1546 con-

1066 1557 1226 1583 iunctionem
1239 1556 1383 1588 affinitatis,
1397 1558 1484 1584 minor
1494 1562 1533 1583 est
1545 1557 1670 1592 putanda.
1710 1557 1757 1584 Sin
1768 1562 1856 1583 autem

1065 1594 1175 1620 scientia
1189 1598 1230 1620 est
1243 1594 1377 1628 quaesita:
1399 1595 1462 1629 quis
1478 1599 1532 1620 erat
1543 1595 1633 1621 minus
1643 1595 1758 1629 peritus,
1774 1602 1856 1629 quam

1065 1632 1100 1661 is,
1117 1631 1165 1666 qui
1181 1631 1274 1665 paucis
1289 1631 1344 1657 illis
1360 1631 1456 1658 diebus
1471 1632 1498 1658 in
1508 1631 1652 1667 collegium
1665 1630 1789 1658 venerat?
1807 1631 1857 1666 qui

1064 1669 1143 1694 etiam
1167 1668 1216 1694 tibi
1239 1672 1293 1694 erat
1315 1669 1401 1704 magis
1424 1668 1568 1695 obstrictus
1590 1668 1720 1695 beneficio
1746 1669 1854 1699 recenti,

1064 1713 1148 1740 quum
1159 1713 1201 1735 se,
1219 1704 1325 1731 fratrem
1336 1706 1428 1732 uxoris
1439 1710 1512 1736 tuae,
1529 1705 1602 1732 fratri
1617 1710 1661 1732 tuo
1671 1714 1797 1741 germano
1809 1714 1857 1732 an·

1064 1742 1174 1769 telatum
1185 1741 1301 1768 videbat.
1334 1742 1391 1769 Etsi
1402 1743 1429 1768 in
1441 1750 1472 1769 eo
1482 1742 1631 1777 providisti,
1645 1751 1677 1769 ne
1689 1742 1767 1769 frater
1778 1748 1802 1769 te
1812 1751 1856 1769 ac-

1063 1787 1156 1806 cusare
1166 1784 1266 1814 posset.
1306 1779 1378 1806 Hanc
1389 1784 1417 1805 tu
1429 1780 1512 1815 igitur
1521 1779 1714 1806 dedicationem
1725 1779 1853 1814 appellas.

1063 1816 1096 1843 ad
1107 1825 1189 1852 quam
1201 1825 1253 1843 non
1263 1815 1407 1851 collegium
1415 1837 1421 1847 ,
1434 1825 1486 1843 non
1498 1816 1644 1843 honoribus
1655 1817 1748 1852 populi
1760 1817 1857 1844 Roma·

1064 1854 1091 1880 ni
1110 1858 1234 1880 ornatum
1253 1854 1418 1888 pontificem,
1451 1862 1502 1880 non
1525 1853 1641 1889 denique
1661 1853 1855 1881 adolescentem

1062 1899 1330 1926 quemquam,quum
1337 1891 1447 1917 haberes
1458 1892 1486 1917 in
1496 1891 1610 1926 collegio
1620 1891 1853 1922 familiarissimos,

1063 1928 1189 1955 adhibere
1201 1927 1330 1963 potuisti?
1348 1927 1442 1954 Adfuit
1453 1929 1489 1959 is,
1502 1929 1525 1954 si
1537 1928 1615 1955 modo
1626 1927 1720 1958 adfuit,
1733 1937 1814 1964 quem
1827 1934 1855 1955 tu

1062 1965 1208 2000 impulisti,
1227 1973 1300 1991 soror
1314 1966 1430 2001 rogavit,
1447 1970 1531 1992 mater
1545 1966 1640 2001 coegit.
1683 1967 1740 1992 ⁴¹9.
1762 1965 1856 1992 Videte

1062 2003 1158 2039 igitur,
1180 2002 1332 2038 pontifices,
1353 2002 1420 2037 quid
1441 2003 1564 2029 statuatis
1584 2003 1612 2029 in
1634 2010 1692 2029 mea
1712 2011 1806 2029 caussa
1821 2002 1855 2030 de

1061 2041 1182 2067 omnium
1194 2039 1319 2067 fortunis.
1340 2039 1462 2066 Verbone
1473 2040 1606 2075 pontificis
1615 2040 1724 2075 putatis,
1737 2041 1761 2066 si
1771 2041 1795 2067 is
1807 2048 1855 2075 po-

1061 2082 1128 2104 stem
1140 2077 1254 2104 tenuerit
1264 2081 1290 2103 et
1300 2076 1402 2112 aliquid
1414 2077 1524 2108 dixerit,
1543 2077 1652 2104 domum
1669 2077 1751 2104 unius
1761 2078 1855 2104 cuius-

1060 2123 1113 2150 que
1126 2115 1275 2141 consecrari
1291 2113 1388 2149 posse?
1406 2115 1440 2141 At
1455 2115 1521 2141 istae
1535 2114 1729 2145 dedicationes,
1746 2119 1772 2141 et
1787 2119 1854 2141 tem-

1060 2152 1166 2187 plorum
1176 2157 1202 2178 et
1212 2151 1386 2178 delubrorum
1397 2151 1548 2187 religiones.
1562 2151 1595 2178 ad
1606 2151 1732 2178 honorem
1743 2151 1852 2178 deorum

1059 2189 1261 2219 immortalium,
1274 2189 1333 2215 sine
1345 2188 1400 2215 ulla
1409 2189 1511 2216 civium
1522 2188 1670 2215 calamitate
1681 2197 1696 2215 a
1706 2188 1853 2215 maioribus

1060 2227 1156 2253 nostris
1167 2227 1325 2253 constitutae
1336 2231 1408 2253 sunt.
1422 2226 1471 2252 Est
1481 2227 1607 2252 inventus
1618 2225 1742 2252 tribunus
1754 2225 1851 2260 plebis,

1059 2265 1106 2299 qui
1116 2263 1304 2290 consularibus
1315 2264 1399 2298 copiis
1410 2263 1571 2293 instructus,
1582 2263 1655 2289 omni
1666 2263 1767 2297 impetu
1779 2262 1854 2290 furo-

1059 2301 1095 2327 ris
1107 2301 1133 2327 in
1149 2309 1210 2327 eum
1226 2301 1313 2327 civem
1328 2301 1448 2332 irruerit,
1465 2309 1547 2336 quem
1562 2299 1716 2334 perculsum
1727 2300 1785 2334 ipsa
1797 2308 1853 2327 res·

1059 2337 1166 2373 publica
1176 2338 1234 2364 suis
1245 2337 1372 2364 manibus
1383 2337 1530 2364 extolleret.
1550 2337 1643 2363 XLVI.
1657 2337 1715 2363 ⁴20.
1728 2336 1817 2369 Quid?
1826 2337 1851 2364 si

1036 2383 1037 2388 ¹
1057 2376 1120 2410 quis
1131 2375 1228 2401 similis
1240 2375 1319 2401 istius
1329 2375 1426 2410 (neque
1437 2375 1508 2401 enim
1520 2375 1573 2401 iam
1586 2373 1711 2404 deerunt,
1728 2374 1776 2409 qui
1789 2374 1853 2401 imi-

1058 2413 1106 2439 tari
1121 2412 1215 2447 velint)
1234 2411 1353 2447 aliquem
1368 2412 1422 2438 mei
1440 2411 1614 2441 dissimilem.
1635 2411 1680 2437 cui
1699 2410 1851 2446 respublica

1058 2458 1110 2476 non
1122 2454 1224 2476 tantum
1234 2449 1338 2480 debeat,
1351 2457 1398 2484 per
1407 2449 1463 2475 vim
1473 2447 1604 2478 afflixerit,
1612 2447 1722 2474 domum
1734 2449 1792 2474 eius
1803 2456 1851 2483 per

1058 2487 1209 2522 pontificem
1220 2486 1362 2513 dedicarit:
1383 2485 1412 2513 id
1422 2494 1469 2512 vos
1480 2485 1529 2512 ista
1540 2485 1694 2511 auctoritate
1704 2485 1851 2512 constitue-

1057 2525 1091 2550 tis
1101 2529 1188 2550 ratum
1199 2532 1257 2550 esse
1267 2522 1405 2558 oportere?
1422 2523 1520 2549 Dicetis
1528 2542 1534 2553 ,
1550 2530 1632 2556 quem
1646 2523 1772 2557 repererit
1782 2530 1850 2557 pon-

1028 2556 1036 2566 ’“
1057 2560 1172 2588 tificem?
1181 2560 1271 2593 Quid?
1280 2565 1306 2587 et
1315 2560 1439 2586 tribunus
1450 2559 1536 2594 plebis
1546 2559 1619 2585 idem
1629 2567 1688 2585 esse
1699 2567 1751 2586 non
1761 2563 1849 2594 potest

1092 2597 1194 2625 ntifex‘?
1206 2598 1242 2624 M.
1254 2598 1366 2628 Drusus,
1377 2596 1424 2624 ille
1434 2597 1600 2623 clarissimus
1612 2596 1737 2622 tribunus
1747 2596 1844 2631 plebis,

1056 2635 1176 2670 pontifex
1189 2634 1249 2661 fuit.
1289 2634 1372 2669 Ergo,
1389 2634 1413 2660 si
1423 2634 1447 2660 is
1457 2633 1489 2666 Q.
1502 2633 1656 2668 Caepionis,
1673 2634 1776 2660 inimici
1791 2634 1844 2664 sui,

1055 2677 1158 2707 postem
1169 2671 1277 2698 aedium
1287 2671 1429 2701 tenuisset,
1446 2675 1471 2698 et
1481 2679 1565 2706 pauca
1577 2670 1657 2697 verba
1669 2670 1788 2702 fecisset,
1802 2678 1847 2697 ae-
