1941 3052
318 101 649 128 EPISTOLARUM
678 101 732 128 AD
760 100 990 128 DIVERSOS
1020 101 1101 127 LIB.
1124 101 1155 127 V.
1187 101 1248 127 ΕΡ.
1273 102 1358 126 13-
1382 102 1420 126 16.

112 173 143 200 L.
159 172 352 200 LUCCEIUS
367 171 399 204 Q.
419 173 449 199 F.
467 172 495 199 S.
510 173 541 199 D.
557 173 594 199 M.
609 173 640 199 T.
656 172 685 199 C.
702 172 739 198 M.
756 172 786 198 F.

111 219 133 244 t.
147 212 181 243 Si
192 216 274 247 vales,
287 215 355 242 bene
366 220 419 242 est:
433 225 482 251 ego
493 215 577 247 valeo,
591 217 661 242 sieut
671 215 756 242 soleo:
770 213 848 250 paul—

56 253 110 281 lulo
121 259 210 280 tamen
221 254 302 279 etiam
313 253 440 284 deterius,
454 262 535 288 quam
547 252 629 279 soleo.
669 253 705 279 Te
716 252 848 287 requisivi

53 292 176 326 saepius,
193 295 223 317 ut
236 290 367 316 viderem.
408 291 505 316 Romae
521 291 583 325 quia
596 294 686 325 postea
697 298 749 316 non
761 289 846 320 fuisti,

54 337 136 364 quam
147 337 161 354 a
171 336 214 353 me
225 327 398 358 discesseras,
407 328 519 354 miratus
530 336 604 360 sum,
618 327 691 362 quod
702 328 765 353 item
777 334 848 352 nunc

54 367 147 392 miror.
187 366 245 391 Non
257 365 343 391 habeo
353 370 470 395 certum,
484 374 553 400 quae
565 370 589 391 te
601 374 642 391 res
654 364 717 390 hine
731 364 848 390 maxime

55 402 179 430 retrahat.
220 402 249 428 Si
270 401 416 428 solitudine
432 402 576 433 delectare,
599 410 684 437 quum
705 401 808 427 scribas
824 405 849 426 et

54 439 158 475 aliquid
169 448 233 475 agas
244 448 346 470 eorum,
360 448 476 474 quorum
488 440 632 470 consuesti,
646 438 750 474 gaudeo
762 446 848 472 neque

54 477 221 512 reprehendo
243 481 319 503 tuum
340 476 498 503 consilium:
522 485 584 503 nam
605 476 673 502 nihil
694 476 744 502 isto
763 480 850 509 potest

54 523 114 542 esse
128 514 289 545 iucundius,
313 523 365 540 non
381 514 460 540 modo
476 514 582 540 miseris
593 513 636 539 his
648 512 814 547 temporibus
824 516 849 538 et

56 552 198 583 luctuosis,
217 551 265 577 sed
276 551 355 577 etiam
368 551 520 586 tranquillis
532 555 557 577 et
567 551 677 585 optatis,
691 550 849 584 praesertim

55 589 99 616 vel
111 590 200 615 animo
211 588 354 624 defatigato
366 593 424 620 tuo,
438 589 485 623 qui
497 597 568 614 nunc
579 588 728 622 requietem
740 591 850 621 quaerat

55 635 90 653 ex
105 627 210 662 magnis
225 626 462 661 occupationibus,
485 625 528 652 vel
540 625 658 655 erudito,
679 625 728 659 qui
743 632 850 658 semper

55 664 160 699 aliquid
175 672 209 690 ex
224 672 253 689 se
267 668 384 698 promat,
402 662 474 697 quod
490 663 556 689 alios
574 662 700 692 delectet,
719 666 743 687 te
759 661 849 695 ipsum

57 701 184 727 laudibus
196 700 320 727 illustret.
360 702 385 727 2.
408 700 454 726 Sin
471 705 573 730 autem,
591 699 736 725 sicuthinc
747 698 851 724 disces-

56 747 143 769 seras,
162 738 280 764 lacrimis
295 746 325 764 ac
335 738 457 764 tristitiae
474 742 497 763 te
513 736 660 763 tradidisti:
678 735 768 766 doleo,
786 736 850 770 quia

56 775 130 802 doles
141 780 166 802 et
177 783 287 810 angere:
301 783 352 800 non
363 783 475 809 possum
486 779 510 801 te
522 783 583 805 non,
596 774 619 799 si
630 773 764 804 concedis,
777 772 850 807 quod

56 813 197 843 sentimus,
209 817 239 838 ut
250 811 362 838 liberius
373 812 504 842 dicamus,
518 819 652 837 accusare.
679 810 750 842 Quid
761 809 851 836 enim‘?

55 855 84 876 tu
100 849 173 876 solus
189 853 279 884 aperta
293 858 344 875 non
361 849 481 880 videbis,
499 850 546 883 qui
562 853 670 883 propter
681 856 794 874 acumen
806 855 851 873 oc-

55 886 205 914 cultissima
225 885 376 921 perspicis?
395 891 424 913 tu
445 895 497 912 non
517 886 665 921 intelliges,
688 889 713 911 te
733 884 851 920 querelis

55 923 220 959 quotidianis
232 923 301 949 nihil
317 923 463 958 proficere?
483 932 535 950 non
550 922 699 958 intelliges,
717 922 851 957 duplicari

55 961 262 992 sollicitudines,
276 969 344 996 quas
356 960 445 988 levare
456 966 494 992 te,
508 966 552 987 tua
562 960 706 995 prudentia
717 959 852 994 postulat?

55 1000 80 1025 3.
101 998 179 1031 Quod
190 999 213 1024 si
224 1006 276 1025 non
286 1006 432 1033 possumus
444 998 547 1033 aliquid
558 998 686 1033 proficere
697 997 848 1023 suadendo:

55 1036 140 1071 gratia
151 1035 348 1067 contendimus,
362 1041 388 1062 et
398 1035 530 1071 rogando,
543 1036 567 1061 si
578 1035 645 1070 quid
657 1039 745 1061 nostra
756 1043 851 1060 caussa

56 1074 111 1105 vis,
135 1078 165 1100 ut
178 1073 238 1099 istis
253 1077 279 1099 te
294 1073 425 1099 molestiis
442 1073 528 1103 laxes,
547 1077 572 1099 et
588 1072 621 1098 ad
638 1072 791 1098 convictum
804 1080 852 1098 no-

55 1116 141 1137 strum
158 1110 252 1136 redeas
267 1114 293 1136 et
308 1110 341 1136 ad
357 1110 580 1137 consuetudinem
595 1109 637 1136 vel
650 1114 766 1135 nostram
778 1118 852 1135 com-

56 1157 175 1179 munem,
189 1147 231 1174 vel
243 1152 317 1174 tuam
329 1147 413 1174 solius
425 1156 455 1174 ac
465 1148 611 1182 propriam.
643 1147 728 1181 Cupio
740 1155 792 1173 non
803 1146 852 1173 ob-
872 1158 873 1166 ι

56 1185 168 1212 tundere
183 1189 221 1216 te,
242 1185 266 1211 si
281 1193 333 1211 non
345 1185 476 1212 delectare
488 1189 577 1211 nostro
588 1184 691 1217 studi03
714 1184 793 1218 cupio
804 1184 852 1210 de-

55 1227 163 1253 terrere,
172 1231 204 1248 ne
216 1230 373 1256 permaneas
385 1223 412 1248 in
423 1223 542 1257 incepto:
556 1230 641 1257 quum
653 1221 721 1248 duae
733 1230 774 1247 res
787 1222 852 1248 istae

55 1260 203 1286 contrariae
219 1268 261 1285 me
277 1260 448 1293 conturbent;
472 1269 506 1286 ex
526 1259 628 1294 quibus
664 1263 709 1285 aut
725 1259 752 1284 in
771 1259 852 1285 altera
873 1275 875 1282 ι

56 1297 125 1323 mihi
141 1296 237 1326 velim,
255 1297 278 1322 si
293 1301 383 1332 potes,
400 1297 583 1332 obtemperes,
601 1301 646 1323 aut
661 1296 688 1322 in
704 1295 785 1322 altera
800 1305 852 1323 non
874 1295 875 1299 ’

56 1333 184 1361 offendas.
225 1333 298 1361 Vale.

109 1404 160 1424 XV.
173 1404 190 1424 Α
198 1403 249 1423 RG.
260 1404 426 1430 Respontlet,se
436 1410 478 1423 non
489 1406 540 1427 tam,
552 1403 609 1430 qumi
620 1402 680 1424 filiae
690 1402 781 1427 obitum.
789 1409 851 1429 quam

56 1438 193 1466 reipublicae
203 1442 302 1466 tempora
312 1438 392 1462 lugeat.
404 1438 430 1458 ab
442 1437 509 1458 Urbi·
520 1437 623 1463 squalore
633 1438 718 1458 abesse.
748 1438 818 1458 [num
828 1437 852 1458 in

57 1474 138 1494 studiis
149 1474 274 1494 remedium.
303 1476 332 1496 <tn
342 1475 422 1494 Antiati,
432 1475 510 1491 Caesare
520 1475 552 1491 lv.
564 1481 600 1491 cns.
612 1481 628 1491 c.
639 1476 683 1493 cult.
696 1475 750 1496 7119.)

157 1519 193 1545 M,
215 1516 358 1545 CICERO
378 1517 406 1543 S.
428 1518 459 1544 L.
480 1516 650 1544 LUCCEIO
670 1517 702 1550 Q.
725 1518 754 1544 F.

115 1561 137 1586 ⁴.
150 1554 252 1585 Omnis
264 1567 337 1585 amor
348 1564 410 1585 tuus
421 1567 455 1585 ex
465 1559 592 1585 omnibus
599 1559 721 1594 partibus
728 1568 756 1586 se
762 1564 854 1586 osten-

56 1597 96 1623 dit
107 1597 134 1623 in
150 1597 184 1623 iis
198 1596 306 1628 litteris,
323 1604 391 1631 quas
406 1605 420 1622 a
436 1601 460 1622 te
472 1597 595 1631 proxime
611 1598 716 1632 accepi,
739 1606 791 1624 non
808 1597 852 1623 ille

56 1634 168 1669 quidem
179 1634 247 1660 mihi
259 1634 375 1669 ignotus,
385 1633 431 1659 sed
443 1638 531 1660 tamen
542 1638 635 1669 gratus
646 1639 671 1661 et
682 1639 797 1669 optatus,
810 1634 853 1661 di-

56 1680 144 1698 cerem
162 1671 307 1702 iucundus,
316 1671 368 1697 nisi
380 1671 407 1697 id
419 1671 533 1697 verbum
546 1672 572 1697 in
584 1680 662 1698 omne
674 1676 780 1707 tempus
791 1680 854 1707 per-

57 1708 202 1735 didissem:
219 1716 306 1743 neque
317 1708 351 1734 ob
363 1717 421 1734 eam
432 1717 513 1734 unam
525 1717 658 1740 caussam,
672 1718 753 1744 quam
766 1714 794 1736 tu
805 1718 853 1735 su-

57 1746 184 1780 spicaris,
197 1750 223 1772 et
234 1746 260 1772 in
272 1754 324 1780 qua
337 1754 379 1771 me
392 1745 539 1772 lenissimis
550 1751 575 1772 et
586 1747 780 1773 amantissimis
792 1755 853 1773 ver-

57 1783 100 1810 bis
115 1787 207 1814 utens,
225 1791 252 1809 re
268 1783 385 1819 graviter
396 1791 519 1814 accusas,
537 1783 584 1809 sed
597 1783 682 1819 quod,
700 1784 774 1810 illius
787 1784 852 1811 tanti

56 1819 177 1847 vulneris
194 1828 262 1855 quae
278 1820 395 1846 remedia
410 1829 469 1846 esse
485 1821 631 1852 debebant,
650 1830 680 1847 ea
693 1821 766 1848 nulla
777 1826 850 1848 sunt.

56 1859 83 1885 2.
104 1857 176 1889 Quid
187 1856 277 1883 enim‘?
297 1857 329 1884 ad
341 1858 475 1884 amicosne
486 1857 657 1894 confugiam?
676 1858 762 1891 Quam
774 1859 852 1885 multi

57 1893 137 1921 sunt‘?
157 1894 307 1920 Habuimus
323 1895 394 1921 enim
411 1895 465 1921 fere
480 1904 652 1927 communeS,
675 1905 790 1931 quorum
806 1896 853 1922 alii

56 1931 227 1963 occiderunt,
245 1931 291 1957 alii
307 1933 398 1958 nescio
414 1941 467 1967 quo
478 1938 554 1967 pacto
565 1933 761 1960 obduruerunt.
803 1934 853 1960 Te-

57 1977 120 1995 cum
134 1969 224 1995 vivere
235 1977 341 2003 possem
350 1990 356 2000 ,
369 1969 496 2004 equidem
507 1974 533 1996 et
544 1971 661 1996 maxime
673 1970 783 1997 vellem:
806 1979 853 1997 ve-

57 2010 151 2037 tustas,
161 2014 242 2037 amor,
255 2006 429 2037 consuetudo,
446 2006 534 2033 studia
546 2008 632 2042 paria,
647 2007 719 2042 quod
731 2008 851 2034 vinclum

57 2043 271 2078 (qliaeres)(leest
282 2048 385 2069 nostrae
396 2044 596 2071 coniunctioni?
606 2045 788 2071 Possumusne
800 2046 852 2081 igi-

57 2085 102 2108 tur
111 2089 170 2107 esse
183 2080 253 2107 una‘?
266 2081 319 2106 Nec
331 2081 484 2107 mehercule
496 2082 625 2117 intelligo,
634 2082 700 2117 quid
712 2082 851 2117 impediat.

57 2117 110 2144 Sed
121 2122 191 2144 certe
203 2118 291 2144 adhuc
303 2127 354 2144 non
367 2117 483 2149 suimus,
499 2127 584 2153 quum
596 2128 718 2145 essemus
730 2121 812 2146 vicini
826 2121 852 2146 in

57 2155 223 2186 Tusculano,
237 2156 264 2181 in
276 2155 429 2182 Puteolano.
470 2157 536 2182 Nam
548 2156 614 2191 quid
627 2156 714 2183 dicam
726 2158 753 2183 in
765 2157 853 2184 Urbe?

57 2192 86 2219 in
97 2201 164 2227 qua,
182 2201 268 2228 quum
280 2192 366 2219 sorum
381 2201 523 2219 commune
534 2194 582 2224 sit,
601 2194 725 2220 vicinitas
742 2204 794 2221 non
811 2203 853 2221 re-

57 2230 185 2265 quiritur.
212 2232 236 2256 3.
249 2230 302 2256 Sed
313 2238 377 2256 casu
390 2231 480 2256 nescio
491 2239 544 2265 quo
557 2231 582 2257 in
595 2240 624 2257 ea
636 2236 753 2266 tempora
765 2237 852 2258 nostra

58 2271 129 2293 aetas
141 2267 249 2298 incidit,
263 2272 305 2298 ut,
322 2276 407 2303 quum
419 2268 536 2294 maxime
550 2267 640 2294 llorere
653 2277 700 2295 nos
710 2274 850 2303 oporteret,

58 2308 116 2331 tum
131 2305 222 2331 vivere
238 2305 317 2331 etiam
334 2304 456 2339 puderet.
497 2305 572 2337 Quod
589 2306 661 2332 enim
674 2306 741 2332 mibi
753 2311 854 2341 poterat

58 2349 117 2368 esse
131 2341 300 2378 perfugium,
322 2342 435 2377 spoliato
450 2346 475 2368 et
490 2342 645 2369 domesticis
660 2348 685 2369 et
702 2343 853 2369 forensibus

57 2379 221 2406 ornamentis
242 2384 322 2415 atque
344 2379 464 2406 solatiis-⁵?
488 2381 615 2411 Litterae,
637 2380 728 2410 credo,
751 2381 852 2416 quibus

58 2420 118 2442 utor
132 2416 254 2443 assidue:
278 2417 344 2452 quid
360 2418 431 2443 cuim
448 2417 522 2443 aliud
539 2417 624 2443 facere
640 2417 770 2452 possum?
787 2418 850 2449 Sed,

59 2454 149 2480 nescio
163 2454 311 2488 quomodo,
335 2455 408 2489 ipsae
425 2454 485 2480 illae
501 2454 644 2481 excludere
661 2463 702 2480 me
713 2463 726 2480 a
738 2460 815 2489 portu
827 2460 853 2481 et

58 2489 182 2526 perfugio
193 2491 327 2523 videntur,
341 2497 366 2518 et
377 2492 455 2527 quasi
466 2492 636 2526 exprobrare,
645 2491 717 2526 quod
730 2492 798 2518 inea
811 2493 853 2518 vi-

59 2531 83 2569 ta
94 2536 230 2559 maneam,
248 2529 275 2555 in
287 2537 339 2564 qua
352 2529 419 2555 nihil
432 2530 509 2559 insit,
528 2530 579 2555 nisi
590 2529 745 2564 propagatio
757 2530 853 2555 miser-

59 2565 120 2591 rimi
132 2566 269 2600 temporis.
311 2567 334 2593 t.
352 2567 399 2592 llic
412 2572 438 2593 tu
450 2575 480 2592 ea
493 2575 534 2593 me
546 2567 640 2592 abesse
653 2566 721 2592 Urbe
734 2567 849 2597 miraris,

58 2601 87 2627 in
107 2610 159 2637 qua
179 2603 275 2629 domus
296 2604 364 2630 nihil
385 2604 517 2630 delectare
538 2604 635 2639 possit,
658 2612 796 2630 summum
818 2604 852 2630 sit

58 2637 150 2665 odium
163 2644 326 2675 temporum,
340 2641 494 2673 hominum,
508 2641 570 2672 fori,
588 2640 696 2668 curiae?
710 2642 801 2677 ltaque
813 2641 852 2668 sic

1642 101 1691 126 697

899 171 995 198 litteris
1007 176 1074 203 utor,
1087 172 1115 198 in
1127 171 1228 206 quibus
1240 179 1369 197 consumo
1380 178 1458 197 omne
1470 174 1586 204 tempus,
1600 179 1652 196 non
1664 175 1694 196 ut

899 209 932 235 ab
944 209 987 235 his
998 209 1159 236 medicinam
1171 213 1341 244 perpetuam,
1355 207 1404 234 sed
1415 212 1445 234 ut
1455 208 1582 243 exiguam
1594 207 1693 234 doloris

899 246 1063 273 oblivionem
1075 252 1173 281 petam.
1214 247 1239 272 5.
1256 245 1332 278 Quod
1345 246 1369 271 si
1380 245 1408 271 id
1419 245 1580 280 egissemus,
1594 253 1643 280 ego
1654 249 1694 271 at-

899 292 952 318 que
968 288 1010 315 tu,
1032 283 1105 318 quod
1121 292 1152 310 ne
1169 284 1195 309 in
1211 288 1329 309 mentem
1344 282 1454 317 quidem
1471 282 1548 308 nobis
1569 282 1695 308 veniebat

899 326 1007 355 propter
1017 321 1187 355 quotidianos
1198 326 1298 351 metus,
1316 329 1394 346 omne
1410 325 1516 354 tempus
1530 328 1584 345 una
1596 319 1695 345 luisse—

901 367 974 384 mus:
988 367 1075 393 neque
1087 367 1129 384 me
1140 358 1265 384 valetudo
1279 362 1323 384 tua
1334 357 1488 388 offenderet,
1497 365 1584 391 neque
1592 361 1615 383 te
1622 365 1695 383 mae-

900 404 943 421 ror
953 404 1040 421 meus.
1062 395 1148 427 Quod,
1157 399 1288 430 quantum
1300 395 1356 421 fieri
1368 395 1472 429 poterit,
1486 403 1694 429 consequamur.

900 432 971 465 Quid
987 433 1059 458 enim
1075 437 1116 459 est
1126 433 1234 467 utrique
1246 437 1366 459 nostrum
1378 431 1485 467 aptius‘?
1500 431 1658 466 Propediem
1670 436 1695 458 te

900 471 983 506 igitur
994 470 1102 496 videbo.

953 539 1015 560 XVI.
1032 540 1048 559 A
1058 539 1109 559 RG.
1125 538 1259 559 Consulatu:-
1270 538 1368 561 anticum.
1381 539 1479 558 orbatum
1491 537 1576 558 liberis.

981 577 1069 599 (Scripta,
1081 579 1100 592 ιιι
1112 576 1191 595 videtur,
1203 576 1280 592 Caesare
1291 576 1323 594 ll.,
1333 575 1400 592 servio
1410 575 1491 592 Isauria»
1501 581 1547 591 voss.
1559 575 1613 595 706.)

1053 619 1089 645 Μ.
1111 619 1141 645 T.
1163 618 1306 646 CICERO
1325 618 1352 644 S.
1375 618 1405 644 T.
1427 616 1542 644 TITIO.

959 663 982 688 l.
1003 657 1065 688 Etsi
1076 670 1148 688 unus
1162 670 1195 687 ex
1210 660 1337 687 omnibus
1353 660 1465 685 minime
1481 668 1541 685 sum
1553 658 1585 684 ad
1597 662 1621 684 te
1632 666 1696 684 con-

901 698 1043 725 solandum
1055 698 1283 729 accommodatus,
1301 697 1373 732 quod
1385 701 1488 723 tantum
1503 705 1537 722 ex
1547 696 1600 722 tuis
1613 695 1697 722 mole-

901 736 960 763 stiis
971 737 1031 771 cepi
1042 736 1151 767 doloris,
1164 740 1193 762 ut
1203 734 1382 761 consolatione
1393 734 1451 768 ipse
1462 742 1582 769 egerem:
1596 737 1694 763 tamen,

901 782 986 809 quum
999 773 1106 809 longius
1120 781 1134 799 a
1149 773 1251 799 summi
1267 772 1355 798 luctus
1371 770 1513 797 acerbitate
1529 778 1606 796 meus
1619 770 1697 796 abes-

902 815 942 838 set
952 809 1035 842 dolor,
1048 819 1129 845 quam
1141 815 1213 841 tuus,
1227 810 1308 836 statui
1319 813 1423 834 nostrae
1434 807 1642 834 necessitudinis
1654 815 1697 833 es-

902 858 930 875 se
942 857 1071 883 meaeque
1082 849 1110 874 in
1122 852 1146 874 te
1157 846 1370 877 benevolentiae,
1379 849 1602 872 nontaceretanto
1613 845 1639 870 in
1652 849 1697 870 tuo

902 894 1020 913 maerore
1033 885 1145 917 tamdiu,
1159 884 1206 911 sed
1218 884 1346 911 adhibere
1357 883 1476 918 aliquam
1488 882 1622 908 modicam
1633 890 1698 908 con-

902 924 1073 954 solationem,
1091 931 1160 958 quae
1172 922 1259 948 levare
1270 921 1390 947 dolorem
1401 925 1478 947 tuum
1490 924 1592 955 posset,
1610 919 1634 945 si
1645 919 1698 944 mi-

902 971 954 988 nus
970 969 1063 988 sanare
1077 961 1218 995 potuisset.
1259 961 1284 986 2.
1305 959 1352 984 Est
1367 962 1456 984 autem
1471 956 1616 983 consolatio
1636 964 1699 991 per-

902 999 1010 1035 vulgata
1022 998 1134 1033 quidem
1148 997 1194 1023 illa
1206 997 1337 1027 maxime,
1355 1004 1435 1030 quam
1448 1003 1554 1029 semper
1565 995 1591 1020 in
1603 1002 1647 1020 ore
1659 998 1699 1020 at-

903 1045 955 1071 que
971 1037 998 1062 in
1014 1037 1103 1062 animo
1118 1035 1218 1061 habere
1233 1034 1378 1064 debemus,
1401 1032 1524 1059 homines
1540 1040 1588 1058 nos
1600 1036 1628 1057 ut
1639 1039 1698 1057 esse

902 1074 1107 1100 meminerimus
1118 1081 1148 1098 ea
1160 1072 1218 1108 lege
1230 1076 1313 1102 natos,
1327 1075 1356 1097 ut
1366 1070 1493 1096 omnibus
1505 1068 1565 1096 telis
1578 1068 1699 1095 fortunae

902 1112 1038 1146 proposita
1049 1111 1085 1137 sit
1095 1111 1149 1137 vita
1161 1114 1258 1140 nostra,
1268 1117 1355 1143 neque
1361 1116 1420 1133 esse
1432 1106 1621 1137 recusandum,
1630 1114 1699 1140 quo-

902 1149 993 1175 minus
1005 1157 1049 1179 ea,
1062 1156 1115 1183 qua
1127 1147 1181 1173 nati
1193 1155 1301 1177 sumus,
1315 1145 1467 1172 conditione
1478 1145 1617 1174 vivamus,
1631 1151 1699 1169 neve

902 1191 956 1213 tam
971 1186 1089 1222 graviter
1104 1194 1148 1212 eos
1164 1193 1242 1211 casus
1259 1183 1389 1213 feramus,
1412 1191 1481 1217 quos
1497 1181 1571 1208 nullo
1586 1179 1699 1208 consilio

903 1224 986 1250 vitare
1002 1231 1161 1258 possumus,
1180 1222 1338 1256 eventisque
1354 1220 1468 1246 aliorum
1483 1219 1611 1245 memoria
1622 1226 1700 1252 repe-

903 1261 1000 1291 tendis,
1013 1260 1081 1286 nihil
1093 1259 1224 1286 accidisse
1235 1258 1314 1285 nobis
1326 1259 1389 1284 novi
1400 1258 1558 1293 cogitemus.
1599 1258 1624 1282 3.
1646 1256 1700 1281 Ne-

903 1308 956 1334 que
971 1298 1020 1324 hae
1032 1306 1120 1332 neque
1131 1302 1232 1323 ceterae
1243 1295 1451 1325 consolationes,
1469 1302 1536 1329 quae
1553 1298 1616 1319 sunt
1631 1301 1644 1318 a
1656 1300 1700 1318 sa-

903 1335 1081 1371 pientissimis
1093 1335 1159 1361 viris
1171 1338 1314 1368 usurpatae
1326 1332 1524 1366 memoriaeque
1537 1331 1700 1364 litterispro-

903 1373 987 1404 ditae,
1010 1377 1113 1399 tantum
1134 1371 1261 1398 videntur
1284 1370 1412 1405 proficere
1434 1369 1544 1399 debere,
1567 1372 1699 1402 quantum

903 1415 987 1437 status
999 1411 1057 1445 ipse
1068 1414 1172 1436 nostrae
1183 1407 1414 1438 civitatis,et}1aoc
1425 1406 1537 1442 prolatio
1549 1410 1700 1439 temporum

903 1448 1083 1483 perditorum3
1106 1455 1191 1482 quum
1207 1445 1357 1472 beatissimi
1375 1445 1442 1475 sint,
1464 1444 1511 1478 qui
1528 1442 1626 1468 liberos
1648 1450 1699 1467 non

903 1489 1093 1520 susceperunt,
1107 1484 1198 1510 minus
1208 1488 1297 1509 autem
1310 1482 1411 1512 miseri,
1420 1482 1467 1516 qui
1479 1481 1521 1507 bis
1534 1479 1700 1514 temporibus

904 1523 1064 1553 amiserunt,
1081 1530 1162 1557 quam
1177 1522 1201 1547 si
1217 1520 1324 1547 eosdem
1341 1520 1409 1545 bona
1425 1523 1470 1545 aut
1481 1518 1598 1552 denique
1610 1516 1700 1551 aliqua

904 1560 1042 1595 republica
1056 1559 1248 1594 perdidissent.
1288 1559 1312 1584 4.
1335 1556 1411 1589 Quod
1426 1557 1449 1582 si
1465 1560 1540 1582 tuum
1557 1560 1581 1581 te
1593 1553 1701 1580 deside-

904 1598 974 1624 rium
991 1602 1080 1624 movet
1094 1602 1139 1623 aut
1153 1597 1175 1623 si
1192 1601 1298 1622 tuarum
1310 1603 1399 1621 rerum
1410 1593 1569 1629 cogitatione
1581 1600 1698 1618 maeres:

904 1644 956 1662 non
973 1634 1050 1661 facile
1064 1634 1203 1661 exhauriri
1214 1633 1263 1659 tibi
1276 1633 1357 1659 istum
1369 1631 1487 1658 dolorem
1500 1638 1578 1665 posse
1590 1629 1701 1655 univer-

903 1681 964 1699 sum
976 1677 1050 1708 puto.
1091 1671 1138 1699 Sin
1156 1671 1200 1698 illa
1212 1675 1236 1697 te
1248 1679 1289 1696 res
1301 1670 1410 1699 cruciat,
1424 1677 1492 1703 quae
1505 1667 1590 1702 magis
1602 1666 1700 1692 amoris

903 1714 952 1741 est,
966 1714 994 1736 ut
1005 1718 1112 1741 eorum,
1125 1709 1173 1744 qui
1184 1708 1354 1737 occiderunt,
1371 1706 1494 1732 miserias
1508 1705 1612 1740 lugeas:
1631 1708 1701 1729 ntea

904 1756 956 1774 non
972 1747 1074 1778 dicam,
1098 1755 1166 1782 quae
1183 1745 1342 1780 saepissime
1359 1749 1383 1770 et
1400 1744 1451 1779 legi
1466 1747 1491 1769 et
1507 1742 1612 1771 audivi,
1631 1740 1700 1767 nihil

904 1785 967 1811 mali
979 1793 1037 1811 esse
1049 1785 1076 1811 in
1088 1789 1184 1817 morte;
1202 1784 1229 1809 in
1241 1791 1293 1818 qua
1305 1783 1328 1808 si
1341 1781 1455 1808 resideat
1466 1788 1576 1810 sensuS,
1591 1779 1701 1805 immor-

904 1822 991 1849 talitas
1008 1822 1054 1848 illa
1073 1822 1176 1857 potius,
1199 1829 1280 1855 quam
1302 1828 1373 1846 mors
1393 1817 1514 1844 ducenda
1534 1817 1581 1849 sit3
1603 1816 1645 1842 sin
1667 1815 1702 1841 sit

903 1861 1030 1890 amissus,
1039 1859 1112 1886 nulla
1124 1858 1210 1885 videri
1222 1858 1330 1884 miseria
1341 1856 1445 1886 debeat,
1458 1864 1527 1890 quae
1539 1863 1590 1880 non
1602 1853 1702 1879 sentia·

904 1902 959 1924 tur:
983 1897 1032 1923 hoc
1048 1902 1135 1923 tamen
1153 1905 1204 1923 non
1220 1895 1348 1921 dubitans
1359 1893 1516 1920 confirmare
1528 1900 1653 1927 possum,
1671 1898 1701 1916 ea

904 1935 1022 1966 misceri,
1035 1935 1131 1969 parari,
1146 1932 1302 1968 impendere
1314 1931 1488 1966 reipublicae,
1497 1938 1566 1965 quae
1578 1929 1625 1963 qui
1638 1927 1702 1954 reli-

903 1973 1006 2007 querit,
1020 1971 1094 1998 nullo
1106 1971 1184 1997 modo
1197 1971 1264 1997 mihi
1275 1969 1386 2005 quidem
1398 1968 1527 2002 deceptus
1538 1975 1596 1992 esse
1609 1965 1702 1991 videa-

904 2014 956 2036 tur.
997 2009 1067 2042 Quid
1082 2014 1122 2036 est
1132 2009 1204 2035 enim
1216 2009 1268 2034 iam
1281 2016 1332 2033 uon
1345 2005 1424 2033 modo
1435 2005 1545 2040 pudori,
1564 2003 1699 2038 probitati,

904 2047 1007 2078 virtuti,
1021 2047 1099 2073 rectis
1110 2046 1218 2077 studiis,
1227 2045 1305 2071 bonis
1317 2044 1430 2073 artibus,
1439 2042 1486 2069 sed
1497 2042 1606 2067 omnino
1620 2040 1701 2066 liber-

905 2085 950 2111 tati
962 2093 992 2110 ac
1003 2084 1083 2110 saluti
1096 2083 1164 2110 loci‘?
1175 2084 1241 2113 Nou,
1256 2080 1418 2111 mehercule,
1431 2087 1596 2115 quemquam
1608 2077 1700 2103 audivi

905 2121 954 2147 boc
975 2122 1138 2156 gravissimo
1153 2126 1178 2147 et
1194 2119 1415 2155 pestilentissimo
1431 2126 1499 2143 anuo
1515 2116 1701 2142 adolescentu-

906 2158 961 2184 lum
973 2163 1018 2184 aut
1032 2167 1146 2193 puerum
1163 2163 1312 2187 mortuum,
1335 2156 1382 2190 qui
1399 2155 1466 2181 mibi
1483 2163 1533 2180 nou
1550 2162 1563 2179 a
1580 2153 1633 2178 diis
1650 2152 1701 2177 im-

905 2195 1063 2222 mortalibus
1077 2200 1184 2230 ereptus
1196 2204 1229 2221 ex
1242 2194 1284 2220 bis
1296 2193 1413 2219 miseriis
1425 2197 1503 2226 atque
1514 2200 1546 2217 ex
1560 2189 1701 2224 iniquissi-

905 2242 947 2259 ma
959 2232 1110 2259 conditione
1123 2233 1192 2258 vitae
1205 2231 1349 2257 videretur.
1372 2231 1396 2255 5.
1409 2230 1505 2260 Quare,
1519 2228 1541 2253 si
1555 2227 1603 2253 tibi
1616 2234 1700 2251 unum

906 2270 954 2296 hoc
966 2269 1069 2295 detrahi
1082 2274 1166 2304 potest
1175 2289 1180 2298 ,
1194 2276 1226 2294 ue
1238 2267 1304 2302 quid
1318 2267 1350 2293 iis
1359 2287 1364 2297 ,
1376 2275 1444 2301 quos
1456 2265 1560 2293 amasti,
1575 2263 1637 2289 mali
1650 2271 1700 2297 pu-

905 2312 943 2333 tes
958 2307 1116 2342 contigisse:
1141 2305 1304 2340 permultum
1320 2305 1369 2330 erit
1385 2312 1417 2329 ex
1434 2311 1550 2328 maerore
1563 2306 1607 2326 tuo
1619 2300 1701 2325 dimi-

906 2349 1010 2370 nutum.
1053 2343 1228 2377 Relinquetur
1243 2342 1315 2367 cuitu
1328 2340 1444 2375 simplex
1457 2339 1500 2365 illa
1515 2340 1565 2364 iam
1578 2347 1640 2363 cura
1652 2337 1701 2363 ‹lo-

906 2381 968 2407 loris
981 2381 1032 2411 tui,
1049 2389 1118 2415 quae
1130 2389 1181 2406 uon
1193 2388 1254 2405 cum
1268 2379 1321 2404 illis
1332 2376 1589 2405 communit-abitur,
1607 2374 1654 2400 sed
1667 2374 1698 2400 ad

906 2423 928 2444 te
946 2419 1035 2452 ipsum
1048 2418 1153 2452 proprie
1166 2416 1309 2443 reseretur:
1329 2416 1354 2441 iu
1367 2424 1418 2449 qua
1432 2423 1482 2440 uon
1493 2418 1532 2439 cst
1545 2414 1596 2438 iam
1609 2412 1700 2447 gravi-

905 2456 965 2481 tatis
977 2464 1006 2480 ac
1018 2455 1164 2489 sapientiae
1176 2459 1235 2481 tuae
1244 2475 1249 2484 ,
1272 2462 1354 2488 quam
1371 2457 1397 2478 tu
1411 2461 1423 2477 a
1437 2460 1520 2485 puero
1532 2450 1697 2485 praestitisti.

905 2492 972 2518 serre
993 2492 1195 2518 immoderatius
1215 2499 1307 2516 casum
1330 2488 1560 2516 iueouuuodorum
1581 2493 1697 2514 tuorum.

903 2531 950 2564 qui
969 2530 1002 2555 sit
1018 2530 1052 2555 ab
1067 2538 1173 2559 eorum,
1196 2537 1264 2563 quos
1281 2527 1423 2556 dilexeris,
1447 2526 1554 2551 miseria
1575 2524 1699 2559 maloque

903 2568 1052 2593 seiunctus.
1093 2567 1197 2593 Etenim
1210 2574 1272 2591 eum
1284 2573 1391 2599 semper
1402 2569 1439 2591 te.
1457 2568 1481 2589 et
1495 2563 1606 2597 prix-atis
1618 2563 1644 2587 iu
1657 2570 1699 2587 re-

904 2604 997 2634 bus,et
1009 2603 1125 2638 publicis
1138 2603 1302 2638 praestitisti,
1313 2601 1410 2628 tuenda
1423 2600 1471 2627 tibi
1485 2605 1512 2626 ut
1524 2600 1558 2626 sit
1569 2599 1696 2635 gravitas,

903 2646 927 2669 et
941 2642 1104 2669 constantiae
1122 2640 1306 2668 serviendum.
1349 2640 1427 2669 Nam,
1445 2637 1518 2673 quod
1534 2636 1646 2663 allatura
1659 2640 1700 2662 est

1460 2688 1492 2711 ss
