1941 3052
242 135 293 162 DE
323 134 508 162 FINIBUS
540 134 760 161 BONORUM
789 134 842 160 ET
870 134 1093 161 MALORUM
1129 136 1209 161 LIB.
1240 136 1287 161 IV.

84 206 230 237 eiusmodi,
247 214 301 241 quo
312 214 407 232 verum
418 205 525 231 facilius
536 206 702 240 reperiamus
710 205 728 240 :)
739 204 880 232 tamenilli

84 245 173 271 animo
193 252 245 270 non
262 248 332 269 esset
348 243 391 269 hic
407 248 496 269 vester
514 243 584 269 finis.
626 243 793 269 Desideraret
807 243 878 269 enim

84 280 275 311 valetudinem,
285 281 445 307 vacuitatem
452 280 565 307 doloris:
578 285 714 315 appeteret
724 281 804 307 etiam
816 289 880 306 con-

83 319 262 346 servationem
274 318 326 347 sui,
340 326 487 352 earumque
500 326 588 344 rerum
600 318 764 344 custodiam:
784 317 880 344 finem-

83 364 136 392 que
146 356 388 386 sibiconstitueret,
397 355 546 381 secundum
554 359 676 381 naturam
688 356 793 381 vivere:
807 354 880 390 quod

83 398 131 424 est,
144 397 174 419 ut
184 393 256 424 dixi,
270 392 368 419 habere
379 401 423 423 ea,
437 401 505 427 quae
517 392 668 419 secundum
680 397 801 418 naturam
813 393 877 423 sint,

83 430 126 457 vel
137 431 240 461 omnia,
258 430 300 456 vel
317 430 434 464 plurima
448 434 473 456 et
484 431 612 456 maxima.
652 432 694 457 28.
717 429 880 456 Cuiuscum-

83 476 136 503 que
146 468 219 494 enim
232 467 304 493 modi
315 467 607 494 animalcoustitueris:
622 476 731 493 necesse
743 472 790 498 est,
799 467 879 493 etiam

83 505 107 532 si
118 505 147 531 id
158 505 216 531 sine
227 513 336 539 corpore
348 505 396 536 sit,
410 509 439 531 ut
450 504 593 540 fingimus,
612 509 699 531 tamen
711 513 770 530 esse
782 505 809 530 in
822 505 881 530 ani-

82 551 126 569 mo
137 542 269 577 quaedam
280 542 381 568 similia
392 550 499 573 eorum,
517 550 585 577 quae
597 547 660 568 sunt
671 542 698 568 in
710 550 832 576 corpore:
851 546 881 567 ut

83 579 157 607 nullo
169 580 256 610 modo.
271 580 324 606 nisi
336 584 366 606 ut
378 580 505 614 exposui,
521 580 648 606 constitui
661 580 745 613 possit
759 579 820 605 finis
832 579 881 605 bo-

83 626 189 644 norum.
216 617 386 653 Chrysippus
398 621 486 643 autem
498 625 635 651 exponens
647 617 810 643 differentias
822 617 881 642 ani-

83 655 229 686 mantium,
243 655 279 680 ait
290 654 356 681 alias
367 663 459 681 earum
471 663 579 689 corpore
590 653 735 685 excellere,
754 654 820 680 alias
832 662 881 679 au-

82 696 136 719 tem
143 693 241 723 animo,
250 691 393 718 nonnullas
400 691 488 718 valere
495 696 607 726 utraque
619 700 659 717 re:
676 690 774 717 deinde
785 691 881 725 dispu-

82 734 127 761 tat,
136 729 209 764 quod
219 730 353 764 cuiusque
364 730 471 764 generis
482 730 626 755 animantis
638 729 718 755 statui
730 728 822 754 deceat
833 736 881 753 ex-

83 771 209 793 tremum.
250 766 340 798 Quum
356 771 445 792 autem
466 767 603 792 hominem
625 767 651 792 in
673 774 704 792 eo
719 774 817 801 genere
832 773 881 800 po-

83 805 196 836 suisset,
210 808 240 830 ut
250 805 275 830 ei
287 804 417 830 tribueret
427 804 510 830 animi
521 803 723 830 excellentiam:
741 811 880 829 summum

82 841 185 868 bonum
196 841 225 867 id
236 842 387 872 constituit,
405 850 457 867 non
474 845 503 867 ut
517 840 647 867 excellere
662 841 765 871 animo,
782 840 830 866 sed
842 840 881 865 uti

84 878 151 905 nihil
163 887 222 905 esse
233 883 337 913 praeter
347 878 468 904 animum
483 878 630 905 videretur.
676 878 735 904 XII.
760 878 817 904 Uno
833 885 881 903 au-

82 921 136 943 tem
147 916 225 942 modo
237 916 265 942 in
276 916 374 942 virtute
385 915 441 941 sola
452 924 590 941 summum
602 915 704 941 bonum
716 920 786 942 recte
797 924 881 949 pone-

82 958 163 984 retur,
176 954 198 979 si
211 952 283 987 quod
294 958 365 979 esset
375 952 483 984 animal,
492 952 564 987 quod
576 957 659 979 toturn
672 962 704 979 ex
717 958 805 979 mente
817 961 881 978 con-

82 995 175 1017 staret:
194 990 221 1016 id
234 991 323 1025 ipsum
335 994 423 1016 tamen
435 990 487 1021 sic,
506 994 536 1016 ut
550 999 580 1016 ea
596 999 673 1016 mens
688 990 756 1016 nihil
772 990 881 1016 haberet

82 1029 110 1054 in
121 1036 158 1058 se,
172 1028 245 1062 quod
256 1032 326 1054 esset
337 1028 486 1054 secundum
499 1032 635 1054 naturam:
650 1032 678 1054 ut
692 1027 818 1054 valetudo
829 1032 879 1054 est.

81 1067 124 1092 29.
137 1065 190 1091 Sed
202 1065 229 1091 id
242 1074 274 1091 ne
285 1065 396 1100 cogitari
409 1065 520 1100 quidem
532 1070 626 1099 potest,
639 1065 719 1100 quale
730 1066 773 1096 sit,
788 1069 879 1091 utnon

81 1107 214 1138 repugnet
229 1103 319 1137 ipsum
336 1103 399 1129 sibi.
440 1102 487 1129 Sin
503 1102 569 1128 dicit
583 1103 720 1129 obscurari
735 1102 878 1137 quaedam,

82 1148 131 1166 nec
142 1148 283 1175 apparere,
297 1140 359 1175 quia
373 1139 450 1166 valde
462 1148 545 1174 parva
555 1140 623 1171 sint,
637 1149 684 1166 nos
696 1149 805 1175 quoque
817 1149 881 1166 con-

81 1177 215 1204 cedimus.
256 1177 333 1210 Quod
354 1177 420 1203 dicit
435 1178 570 1212 Epicurus
588 1177 621 1203 de
638 1177 787 1212 voluptate,
811 1186 880 1212 quae

81 1215 210 1241 minimae
221 1215 276 1241 sint
288 1214 447 1249 voluptates,
456 1223 500 1241 eas
512 1215 651 1241 obscurari
663 1224 742 1250 saepe
754 1219 779 1241 et
789 1214 878 1241 obrui.

81 1252 134 1278 Sed
144 1261 197 1279 non
209 1257 273 1278 sunt
284 1253 311 1278 in
323 1261 353 1278 eo
364 1260 461 1287 genere
474 1256 560 1278 tantae
571 1252 775 1279 commoditates
786 1261 880 1287 corpo-

81 1291 132 1320 ris,
155 1294 264 1324 tamque
283 1289 428 1324 productae
444 1290 626 1324 temporibus,
644 1294 752 1325 tamque
769 1289 878 1316 multae.

81 1327 182 1362 Itaque,
196 1327 346 1361 inquibus,
360 1332 468 1362 propter
479 1336 571 1353 earum
583 1328 768 1363 exiguitatem,
781 1327 881 1353 obscu-

81 1365 148 1391 ratio
158 1364 345 1399 consequitur,
359 1373 439 1399 saepe
450 1364 556 1396 accidit,
570 1369 600 1391 ut
611 1365 678 1391 nihil
692 1365 820 1391 interesse
833 1373 881 1391 no-

80 1406 134 1428 stra
146 1401 285 1433 fateamur,
295 1402 349 1428 sint
360 1401 405 1428 illa
416 1411 500 1429 necne
512 1403 579 1428 sint:
594 1407 622 1428 ut
634 1403 660 1429 iu
672 1402 737 1434 sole,
746 1402 818 1438 quod
830 1411 844 1428 a
856 1407 880 1428 te

80 1439 234 1471 dicebatur,
255 1439 393 1466 lucernam
404 1439 532 1466 adhibere
545 1439 612 1466 nihil
626 1440 748 1471 interest,
767 1444 812 1466 aut
828 1444 881 1466 ter-

80 1477 192 1503 uncium
203 1477 318 1503 adiicere
330 1477 421 1504 Croesi
432 1477 572 1512 pecuniae.
611 1479 651 1504 30.
674 1477 780 1510 Quibus
791 1481 880 1503 autem

80 1514 109 1540 in
119 1514 202 1540 rebus
214 1519 284 1541 tanta
294 1514 447 1541 obscuratio
458 1524 510 1541 non
522 1515 565 1546 sit,
575 1514 631 1541 sieri
644 1520 731 1542 tamen
743 1519 838 1550 potest,
852 1519 881 1541 ut

80 1551 109 1578 id
122 1552 222 1586 ipsum,
235 1551 307 1587 quod
320 1552 437 1583 interest,
451 1561 502 1579 non
514 1553 549 1578 sit
560 1561 700 1587 magnum.
742 1553 774 1579 Ut
785 1553 818 1583 ei,
833 1553 880 1586 qui

81 1589 200 1615 iucunde
216 1589 315 1616 vixerit
329 1598 413 1616 annos
429 1589 536 1620 decem,
553 1590 577 1616 si
593 1598 677 1625 aeque
694 1591 748 1616 vita
761 1589 880 1616 iucunda

79 1631 217 1653 menstrua
229 1626 354 1659 addatur3
369 1627 433 1662 quia
445 1632 610 1654 momentum
623 1627 733 1662 aliquod
741 1627 838 1654 habeat
847 1626 879 1653 ad

80 1663 231 1690 iucundum
243 1665 370 1695 accessio,
380 1664 481 1691 bonum
493 1665 541 1691 sit:
555 1665 597 1691 sin
609 1670 698 1691 autem
711 1665 737 1691 id
751 1674 803 1691 uon
815 1673 880 1691 con-

79 1701 202 1732 cedatur,
221 1710 273 1728 non
289 1702 416 1728 continuo
432 1702 486 1729 vita
504 1702 580 1728 beata
596 1702 708 1729 tollitur.
750 1704 819 1729 Bona
831 1711 880 1728 au-

79 1743 133 1766 tem
147 1739 266 1774 corporis
283 1739 346 1765 huic
361 1744 437 1771 sunt,
456 1739 528 1774 quod
540 1740 674 1774 posterius
690 1741 782 1775 posui,
801 1740 880 1766 simi-

80 1775 156 1803 liora.
197 1776 300 1803 Habent
310 1777 382 1803 enim
394 1778 575 1803 accessionem
587 1776 708 1812 dignam,
723 1778 749 1804 in
761 1787 814 1813 qua
824 1777 880 1803 elaâ€”

78 1813 200 1840 boretur:
218 1818 249 1840 ut
263 1814 331 1840 mihi
346 1815 374 1841 in
390 1814 439 1841 hoc
451 1814 533 1841 Stoici
548 1815 629 1841 iocari
643 1815 786 1842 videantur
797 1816 880 1842 inter-

79 1850 160 1882 dum,
178 1859 263 1886 quum
280 1852 315 1878 ita
330 1851 432 1882 dicant,
450 1852 474 1878 si
488 1852 521 1878 ad
534 1851 607 1878 illam
620 1853 716 1883 vitam,
736 1862 805 1888 quae
816 1861 878 1879 cum

80 1889 179 1915 virtute
192 1888 317 1924 degatur,
340 1889 459 1924 ampulla
474 1894 520 1916 aut
534 1889 648 1925 strigilis
665 1890 786 1921 accedat,
803 1899 879 1916 sum-

79 1929 190 1960 pturum
201 1927 350 1960 sapientem
362 1935 421 1953 eam
433 1927 515 1953 vitam
527 1927 626 1961 potius,
643 1928 687 1953 cui
699 1927 764 1954 haec
776 1928 878 1954 adiecta

79 1963 143 1994 sint,
157 1971 206 1989 nec
218 1962 362 1989 beatiorem
376 1968 463 1990 tamen
475 1964 509 1990 ob
523 1972 581 1990 eam
593 1973 716 1990 caussam
729 1964 794 1991 sore.
835 1967 876 1991 31.

78 2000 134 2026 Hoc
143 1999 234 2026 simile
244 2000 352 2026 tandem
364 2004 467 2027 estnon
481 2001 536 2027 risu
548 2002 651 2035 potius,
665 2010 747 2036 quam
759 2003 878 2029 oratione

79 2037 263 2064 eiiciendumâ€˜?
282 2037 409 2072 Ampulla
424 2038 497 2064 enim
513 2039 561 2068 sit,
579 2047 661 2064 necue
677 2039 725 2070 sit,
747 2041 811 2074 quis
826 2048 878 2066 non

80 2075 138 2101 iure
154 2075 255 2109 optimo
271 2075 426 2106 irrideatur,
443 2076 466 2101 si
485 2075 602 2102 laboretâ€˜?
622 2076 655 2102 At
671 2084 733 2102 vero
747 2077 878 2111 gravitate

79 2112 263 2139 membrorum
279 2116 305 2138 et
319 2113 439 2138 cruciatu
455 2112 577 2139 dolorum
594 2113 616 2138 si
629 2113 691 2147 quis
703 2122 783 2148 quem
798 2114 876 2144 levet.

79 2158 206 2185 magnam
219 2150 289 2176 ineat
299 2150 427 2185 gratiam:
444 2158 502 2181 nec,
515 2151 538 2176 si
551 2149 596 2176 ille
607 2150 716 2184 sapiens
728 2151 760 2177 ad
774 2152 878 2177 tortoris

78 2186 226 2222 equuleum
238 2195 252 2213 a
264 2191 376 2222 tyranno
387 2188 425 2213 ire
435 2192 557 2221 cogatur.
575 2188 693 2213 similem
710 2188 805 2215 haheat
817 2188 879 2215 vul-

78 2229 136 2251 tum
145 2245 151 2256 ,
167 2233 197 2251 ac
208 2225 231 2250 si
243 2224 390 2258 ampullam
403 2224 577 2258 perdidisset:
596 2224 658 2255 sed.
673 2229 701 2252 ut
713 2234 841 2260 magnum
853 2230 879 2252 et

78 2261 190 2288 difficile
202 2266 336 2289 certamen
349 2262 449 2292 iniens,
467 2270 553 2296 quiim
569 2262 622 2288 sibi
636 2271 698 2288 cum
709 2263 817 2298 capitali
829 2263 878 2289 ad-

78 2299 212 2330 versario,
239 2298 343 2330 dolore,
370 2298 584 2333 depugnandum
608 2299 724 2331 videret,
750 2301 878 2327 excitaret

77 2345 171 2363 omnes
192 2337 308 2363 rationes
332 2336 498 2363 fortitudinis
522 2345 552 2362 ac
577 2337 733 2371 patientiae,
760 2346 876 2373 quarum

78 2373 214 2409 praesidio
230 2375 310 2400 iniret
325 2373 394 2400 illud
410 2373 536 2404 dislieile,
557 2378 587 2400 ut
602 2373 673 2405 dixi,
692 2383 876 2410 magnumque

78 2411 221 2446 praelium.
263 2411 363 2437 Deinde
375 2420 426 2437 nou
442 2419 618 2445 quaeremus,
635 2411 702 2446 quid
717 2412 877 2439 obscuretur

78 2452 124 2475 aut
135 2448 328 2484 intereat,quia
340 2449 375 2475 sit
387 2448 532 2474 admodum
545 2457 673 2482 parvum:
687 2449 734 2475 sed
746 2449 813 2484 quid
825 2449 876 2476 tale

78 2485 126 2516 sit,
144 2490 174 2512 ut
188 2485 295 2521 expleat
307 2494 453 2512 summam.
495 2486 550 2512 Una
563 2485 686 2519 voluptas
697 2495 711 2512 e
724 2486 816 2513 multis
826 2487 876 2512 ob-

77 2527 200 2549 scuratur
212 2523 239 2549 in
251 2523 296 2549 illa
311 2523 364 2550 vita
377 2523 540 2558 voluptaria:
557 2522 604 2548 sed
618 2527 705 2549 tamen
717 2532 761 2553 ea,
778 2533 876 2558 quam-

78 2560 120 2586 vis
132 2568 213 2594 parva
223 2561 267 2591 sit,
281 2569 342 2595 pars
353 2565 393 2587 est
404 2561 463 2586 eius
476 2561 554 2590 vitae,
563 2568 631 2594 quae
640 2560 724 2594 posita
737 2566 777 2587 est
789 2562 814 2587 iu
828 2570 876 2587 voâ€”

78 2596 189 2632 luptate.
224 2598 358 2624 Nummus
371 2598 397 2624 in
409 2598 499 2624 Croesi
510 2597 615 2623 divitiis
626 2597 796 2624 obscuratur:
814 2607 875 2633 pars

77 2638 216 2661 esttamen
228 2634 395 2662 divitiarum.
418 2636 505 2667 Quare
516 2635 695 2661 obscurentur
705 2635 785 2662 etiam
799 2635 872 2666 haec,

77 2679 146 2706 quae
157 2671 307 2698 secuudum
319 2677 442 2700 naturam
453 2681 512 2699 esse
523 2672 655 2704 dicimus,
677 2673 703 2699 in
718 2673 770 2699 rita
782 2673 871 2700 beata:

1319 136 1410 162 CAP.
1438 138 1452 161 8
1473 151 1508 155 â€”
1534 137 1569 162 ti.
1663 139 1728 164 4029

931 206 984 232 sint
1000 205 1078 232 modo
1094 211 1182 240 partes
1197 207 1266 232 vitae
1280 206 1382 233 beatae.
1423 207 1493 233 XIII.
1516 209 1557 233 32.
1579 207 1674 242 Atqui,
1692 209 1727 237 si,

932 248 960 269 ut
974 244 1118 270 convenire
1134 243 1214 269 debet
1230 245 1297 270 inter
1313 253 1374 275 nos,
1395 249 1435 270 est
1450 244 1583 279 quaedam
1599 246 1730 279 appetitio

931 280 1060 307 naturalis
1071 289 1110 311 ea,
1127 290 1195 315 quae
1207 281 1357 307 secundum
1369 286 1491 308 naturam
1502 287 1574 313 sunt,
1583 288 1725 317 appetens:

931 326 1023 343 eorum
1035 319 1156 344 omnium
1168 323 1208 344 est
1219 319 1309 353 aliqua
1321 328 1427 345 summa
1440 319 1570 346 facienda.
1592 319 1650 352 Quo
1664 329 1728 346 con-

932 356 1036 385 stituto,
1055 360 1111 381 tum
1127 355 1218 381 licebit
1229 356 1311 381 otiose
1324 356 1372 382 ista
1383 365 1525 390 quaerere,
1544 357 1576 383 de
1590 358 1729 393 magnitu-

931 392 994 418 dine
1011 401 1114 422 rerum.
1132 392 1165 418 de
1181 393 1351 423 excellentia,
1370 399 1468 428 quanta
1485 395 1512 420 in
1528 403 1636 429 quoque
1648 396 1683 421 sit
1694 394 1726 420 ad

931 430 1007 455 beate
1019 430 1181 460 vivendum,
1200 430 1232 456 de
1245 431 1303 456 istis
1316 431 1382 465 ipsis
1393 431 1642 463 obscurationibus,
1658 440 1729 467 quae

931 471 1039 501 propter
1059 468 1234 502 exiguitatem
1255 468 1303 494 vix
1322 473 1366 494 aut
1387 477 1420 494 ne
1445 470 1491 495 vix
1512 469 1623 503 quidem
1645 478 1729 504 appa-

931 508 1014 530 reant.

986 541 1076 573 Quid?
1086 541 1119 567 de
1130 550 1183 576 quo
1195 542 1269 568 nulla
1281 542 1414 569 dissensio
1425 543 1482 569 estâ€˜?
1498 544 1581 570 Nemo
1592 545 1664 570 enim
1677 549 1726 574 est,

931 580 978 613 qui
990 578 1066 605 aliter
1077 579 1184 609 dixerit.
1198 581 1265 614 quin
1276 581 1398 606 omnium
1412 581 1573 607 naturalium
1585 582 1673 607 simile
1685 591 1728 607 es-

931 621 971 642 set
987 616 1028 647 id,
1046 616 1079 642 ad
1095 616 1167 651 quod
1181 618 1270 643 onmia
1283 617 1448 644 reseruntur:
1466 619 1537 652 quod
1550 624 1589 645 est
1601 619 1728 645 ultimum

932 662 1021 679 rerum
1037 653 1258 687 appetendarum.
1299 656 1394 681 Omnis
1410 656 1482 681 enim
1498 661 1538 682 est
1554 661 1646 682 natura
1664 656 1729 682 dili-

932 699 998 726 gens
1010 691 1062 717 sui.
1103 691 1176 722 Quae
1188 696 1229 718 est
1242 693 1327 723 enim,
1351 701 1420 727 quae
1431 701 1459 718 se
1471 702 1600 727 umquam
1612 694 1726 725 deserat,

932 733 977 754 aut
987 732 1090 762 partem
1102 728 1221 762 aliquam
1233 730 1289 760 sui,
1307 735 1352 756 aut
1363 731 1422 756 eius
1434 731 1516 764 partis
1529 730 1664 761 habitum,
1683 736 1729 757 aut

933 766 1002 796 vim,
1020 770 1066 791 aut
1081 765 1165 791 ullius
1180 775 1273 792 earum
1285 775 1388 797 rerum,
1407 776 1475 802 quae
1487 768 1638 794 secundum
1651 773 1729 794 natu-

932 811 988 829 ram
1000 807 1076 833 sunt,
1092 807 1137 829 aut
1148 808 1264 834 motum,
1279 809 1323 830 aut
1334 804 1451 830 statumâ€˜?
1465 805 1538 836 Quae
1550 810 1637 831 autem
1651 811 1729 832 natu-

932 849 960 866 ra
971 848 1035 866 suae
1047 840 1148 874 primae
1161 841 1337 867 institutionis
1348 841 1431 868 oblita
1441 842 1498 868 est'?
1509 842 1588 868 Nulla
1600 842 1726 876 profecto,

932 878 998 912 quin
1014 886 1091 904 suam
1108 878 1164 903 vim
1180 879 1292 905 retineat
1307 887 1321 904 a
1336 880 1423 913 primo
1439 879 1472 905 ad
1483 885 1644 905 extremum.
1686 882 1727 905 33.

932 914 1071 947 Quomodo
1083 915 1166 950 igitur
1177 917 1279 946 evenit,
1298 921 1327 942 ut
1343 916 1460 942 hominis
1476 922 1569 943 natura
1581 916 1635 943 sola
1648 922 1727 947 esset,

932 961 1001 987 quae
1017 952 1155 979 hominem
1170 952 1347 987 relinqueret,
1365 963 1434 988 quae
1449 954 1656 980 oblivisceretur
1671 963 1730 980 cor-

932 990 1018 1025 poris,
1031 998 1100 1024 quae
1111 998 1249 1016 summum
1261 990 1362 1017 bonum
1374 1000 1426 1017 non
1438 992 1465 1017 in
1477 996 1529 1018 toto
1541 991 1663 1022 homine,
1682 991 1730 1017 sed

933 1028 959 1053 in
973 1032 1046 1062 parte
1058 1027 1175 1054 hominis
1187 1028 1314 1062 poneret?
1324 1028 1383 1061 Quo
1395 1029 1473 1055 modo
1485 1034 1583 1060 autem,
1593 1029 1663 1064 quod
1678 1030 1730 1063 ipsi

933 1065 1013 1091 etiam
1025 1064 1141 1091 fatentur
1151 1070 1307 1100 constatque
1319 1067 1388 1092 inter
1399 1075 1501 1097 omnes,
1515 1067 1727 1094 conservabitur.

932 1107 962 1129 ut
977 1102 1066 1128 simile
1082 1103 1118 1128 sit
1128 1104 1250 1129 omnium
1263 1104 1382 1130 naturale
1395 1104 1463 1130 illud
1475 1104 1614 1134 ultimum,
1632 1104 1664 1129 de
1676 1113 1730 1138 quo

932 1139 1088 1175 quaeritur?
1102 1140 1171 1166 Tum
1186 1141 1259 1167 enim
1275 1146 1345 1168 esset
1360 1141 1463 1173 simile,
1482 1142 1504 1167 si
1518 1143 1543 1167 in
1556 1142 1651 1168 ceteris
1662 1150 1731 1176 quo-

932 1186 985 1212 que
996 1178 1099 1203 naturis
1111 1177 1136 1203 id
1150 1178 1248 1212 cuique
1259 1184 1330 1205 esset
1341 1179 1481 1210 ultimum,
1499 1179 1571 1213 quod
1583 1180 1610 1205 in
1622 1187 1731 1213 quaque

932 1214 1085 1241 excelleret.
1125 1215 1188 1241 Tale
1204 1216 1277 1241 enim
1292 1218 1383 1242 visum
1400 1221 1469 1242 esset
1486 1217 1611 1242 ultimum
1627 1217 1731 1242 Stoico-

932 1261 1003 1278 rum.
1044 1253 1085 1278 34.
1107 1252 1179 1284 Quid
1193 1252 1302 1279 dubitas
1320 1254 1402 1288 igitur
1417 1258 1520 1279 mutare
1533 1254 1665 1288 principia
1683 1262 1731 1279 na-

932 1288 1025 1316 turaeâ€˜?
1044 1289 1115 1321 Quid
1131 1290 1204 1316 enim
1219 1290 1302 1320 dicis,
1321 1300 1399 1317 omne
1415 1291 1528 1321 animal,
1551 1291 1633 1317 simul
1650 1296 1730 1325 atque

932 1328 966 1353 sit
975 1332 1073 1357 ortum,
1087 1327 1252 1362 applicatum
1263 1337 1321 1354 esse
1332 1328 1365 1354 ad
1376 1337 1404 1354 se
1416 1328 1600 1363 diligendum:
1615 1336 1731 1362 esseque

933 1365 959 1391 in
976 1373 1004 1390 se
1021 1365 1204 1391 conservando
1218 1365 1397 1400 occupatum?
1412 1366 1483 1398 Quin
1498 1367 1587 1400 potius
1601 1367 1634 1391 ita
1649 1365 1728 1395 dieis,

931 1410 1010 1429 omne
1027 1402 1126 1429 animal
1143 1402 1307 1437 applicatum
1323 1412 1381 1429 esse
1398 1404 1431 1429 ad
1448 1403 1489 1434 id,
1512 1403 1584 1438 quod
1602 1404 1627 1428 in
1644 1412 1674 1429 eo
1695 1403 1731 1429 sit

931 1440 1078 1474 optimum,
1098 1445 1123 1466 et
1139 1440 1165 1466 iu
1182 1441 1241 1467 eius
1258 1441 1340 1467 unius
1354 1446 1514 1475 occupatum
1527 1449 1584 1466 esse
1597 1440 1728 1471 custodia,

932 1477 1105 1512 reliquasque
1118 1482 1225 1504 naturas
1237 1478 1305 1504 nihil
1317 1478 1391 1504 aliud
1407 1486 1500 1513 agere,
1521 1479 1573 1503 nisi
1587 1483 1613 1504 ut
1627 1477 1652 1503 id
1665 1486 1731 1503 eou-

931 1519 1053 1545 servent,
1069 1515 1141 1549 quod
1154 1516 1180 1541 in
1192 1524 1299 1550 quaque
1310 1516 1442 1550 optimum
1455 1515 1507 1541 sit?
1522 1516 1580 1547 Quo
1592 1515 1670 1541 modo
1682 1523 1731 1541 auÎ‡

933 1557 985 1579 tem
1001 1553 1148 1586 optimum,
1171 1554 1195 1579 si
1211 1553 1312 1579 bonum
1328 1558 1463 1588 praeterea
1479 1552 1585 1579 nullum
1603 1552 1660 1579 est?
1681 1552 1729 1578 Sin

932 1594 1020 1617 autem
1036 1590 1139 1625 reliqua
1150 1591 1300 1625 appetenda
1312 1595 1383 1618 sunt,
1397 1599 1454 1621 eur,
1467 1590 1539 1625 quod
1551 1595 1590 1616 est
1602 1590 1730 1616 ultimum

932 1636 1021 1654 rerum
1037 1628 1262 1662 appetendarum,
1281 1628 1308 1654 id
1325 1636 1375 1654 uon
1393 1633 1437 1654 aut
1448 1636 1481 1654 ex
1492 1629 1613 1654 onmium
1625 1636 1728 1658 earum,

931 1670 977 1691 aut
988 1674 1021 1690 ex
1033 1665 1211 1700 plurimarum
1224 1671 1248 1692 et
1261 1666 1439 1692 maximarum
1452 1665 1730 1700 appetitioneeonclu-

931 1702 1022 1730 ditur?
1034 1707 1062 1729 ut
1073 1702 1182 1729 Phidias
1195 1708 1280 1737 potest
1291 1713 1304 1729 a
1317 1704 1404 1738 primo
1417 1704 1554 1729 instituere
1566 1704 1676 1738 signum
1689 1702 1730 1728 id-

931 1749 984 1774 que
1006 1740 1147 1774 perlicere:
1171 1746 1257 1775 potest
1277 1741 1310 1766 ab
1331 1740 1383 1766 alio
1398 1741 1552 1767 inchoatum
1568 1741 1688 1774 accipere
1705 1745 1730 1766 et

931 1777 1081 1804 absolvere.
1123 1778 1189 1804 Huic
1208 1779 1338 1813 sapientia
1355 1779 1464 1804 similis.
1507 1779 1563 1805 Nou
1583 1779 1654 1804 euim
1673 1778 1730 1812 ipsa

930 1816 1025 1849 genuit
1047 1815 1197 1847 hominem,
1221 1816 1268 1842 sed
1289 1817 1391 1850 aceepit
1412 1825 1425 1841 a
1447 1821 1539 1842 natura
1562 1815 1728 1842 inchoatum.

931 1853 1003 1879 Ilanc
1019 1861 1081 1889 ergo
1100 1853 1219 1885 intuens,
1238 1853 1317 1879 debet
1334 1854 1485 1880 institutum
1503 1853 1582 1883 illud,
1601 1854 1679 1888 quasi
1692 1853 1731 1878 si-

930 1899 1029 1926 gnum,
1050 1890 1200 1917 absolvere.
1242 1892 1283 1917 35.
1305 1891 1418 1923 Qualem
1435 1892 1517 1926 igitur
1533 1896 1625 1917 natura
1643 1891 1730 1916 homi-

931 1936 992 1954 nem
1005 1928 1159 1954 inchoavit?
1170 1933 1195 1955 et
1206 1928 1278 1963 quod
1290 1934 1329 1954 est
1341 1937 1449 1959 mimus,
1458 1928 1530 1963 quod
1542 1937 1609 1962 opus
1622 1929 1730 1962 sapien-

931 1964 999 1991 tiae'?
1021 1965 1088 2000 quid
1104 1971 1157 1996 est,
1175 1966 1248 2001 quod
1264 1966 1298 1992 ab
1312 1975 1341 1992 ea
1358 1966 1462 1992 absolvi
1475 1971 1498 1992 et
1511 1966 1602 2000 pertici
1615 1964 1730 1991 â€¹lelwatt'

930 2002 959 2029 Si
971 2002 1039 2029 nihil
1053 2003 1079 2029 iu
1094 2012 1138 2033 eo,
1152 2004 1223 2038 quod
1237 2004 1431 2038 perficiendum
1443 2008 1496 2033 est,
1513 2008 1616 2037 practer
1627 2008 1728 2029 motum

931 2040 1034 2075 ingenii
1047 2040 1207 2075 quemdam.
1222 2041 1248 2067 id
1261 2046 1301 2067 est
1317 2042 1459 2067 rationem:
1478 2050 1586 2067 neeesse
1598 2045 1650 2069 est,
1666 2040 1729 2066 huie

931 2077 1057 2104 ultimum
1079 2086 1152 2107 esse,
1179 2087 1213 2105 ex
1234 2079 1332 2105 virtute
1354 2080 1436 2104 vitam
1459 2079 1567 2111 lingere.
1611 2078 1728 2104 Rationis

929 2115 1003 2140 euim
1024 2114 1152 2149 perfectio
1171 2121 1212 2142 est
1231 2116 1327 2142 virtus.
1368 2116 1414 2142 Sin
1436 2116 1518 2144 uiliil,
1542 2116 1593 2141 nisi
1614 2123 1725 2149 eorpus:

929 2160 1035 2177 summa
1047 2157 1125 2178 erunt
1136 2152 1190 2182 illa.
1206 2153 1339 2182 valetudo,
1353 2153 1472 2179 vacuitas
1484 2152 1592 2182 doloris,
1607 2152 1728 2186 pult-hri-

930 2188 1007 2219 tudo.
1021 2194 1117 2215 cetera.
1160 2190 1236 2215 Nunc
1247 2189 1280 2215 â€¹le
1293 2190 1410 2215 hominis
1421 2199 1528 2215 summo
1541 2190 1608 2215 bono
1620 2189 1726 2223 â€¹pitu-ri-

930 2231 981 2252 tur.
1023 2226 1091 2252 xlv.
1114 2228 1156 2252 36.
1178 2226 1248 2258 Quid
1264 2236 1326 2260 ergo
1338 2227 1495 2252 dubitamus
1508 2228 1533 2252 iu
1547 2232 1596 2253 tota
1609 2227 1667 2252 eius
1680 2235 1726 2252 ua-

930 2268 986 2290 tura
999 2272 1140 2297 quaerere,
1152 2263 1219 2298 quid
1230 2264 1265 2289 sit
1276 2264 1418 2290 elli-etum?
1437 2265 1526 2296 Quum
1539 2265 1610 2289 euim
1625 2269 1726 2289 vomu-t

930 2301 997 2326 inter
1012 2309 1119 2330 (nunes,
1136 2309 1214 2326 omne
1230 2300 1350 2326 oflicium
1368 2309 1522 2336 munusque
1536 2302 1682 2335 sapientiae
1700 2302 1725 2326 iu

930 2338 1047 2364 hominis
1063 2337 1137 2364 cultu
1153 2347 1212 2364 esse
1227 2343 1402 2372 occupatum:
1420 2338 1465 2364 ulii
1478 2348 1520 2372 tue
1533 2347 1574 2363 me
1586 2339 1726 2364 existimes

928 2380 1018 2401 eontra
1030 2375 1133 2401 Stoicos
1144 2375 1232 2401 sulum
1243 2375 1343 2401 dicei-el
1353 2384 1398 2401 eas
1410 2376 1555 2401 sententias
1567 2375 1688 2404 afferunt,
1698 2380 1727 2401 ut

928 2421 1066 2438 summum
1079 2413 1178 2438 bouum
1193 2413 1218 2438 iu
1231 2422 1261 2438 eo
1272 2422 1368 2446 genere
1382 2418 1492 2446 ÏÎ¿Î¹Î¹Î¹Î¹Î¹Î¹Î¹,
1513 2412 1585 2446 quod
1602 2413 1635 2438 sit
1651 2417 1725 2438 extra

929 2454 1044 2476 nostram
1063 2455 1232 2484 potestatem.
1252 2455 1387 2484 tamquam
1405 2449 1437 2475 ile
1453 2449 1562 2475 uuiutali
1579 2449 1670 2484 aliquo
1688 2449 1725 2475 lo-

927 2493 1057 2521 quantur:
1072 2486 1223 2515 aliieoutra.
1233 2488 1310 2522 (prasi
1324 2487 1428 2513 millum
1441 2495 1538 2521 eorpus
1549 2488 1582 2513 sit
1596 2487 1722 2514 lmmiuis.

928 2526 961 2550 ita
982 2529 1085 2558 praeter
1104 2525 1225 2550 aaimum
1245 2524 1312 2550 uihil
1334 2530 1439 2550 eui-aut:
1463 2533 1547 2558 quum
1568 2526 1723 2558 praesertim

928 2562 985 2596 ipse
999 2570 1106 2596 quiaque
1117 2563 1225 2588 animus
1237 2571 1287 2587 nou
1302 2563 1378 2587 mamÎ‡
1392 2562 1481 2587 neseio
1492 2561 1557 2596 quid
1570 2562 1612 2590 sit.
1628 2570 1724 2596 â´nequo

926 2600 998 2625 euim
1012 2599 1037 2625 id
1049 2608 1159 2633 possum
1169 2599 1391 2632 intelligi-resset!
1401 2599 1549 2633 iuquodam
1562 2608 1722 2632 geueremr-

927 2637 1013 2670 poris:
1038 2642 1065 2662 ut
1082 2646 1113 2663 ne
1127 2637 1148 2663 is
1159 2636 1270 2671 quidem
1285 2637 1381 2662 virtute
1394 2645 1445 2662 uua
1459 2642 1599 2662 contentus
1609 2637 1656 2662 sit.
1675 2636 1721 2661 sed

927 2678 1033 2709 appetat
1046 2675 1205 2701 vacuitatem
1218 2673 1327 2700 doloris.
1344 2674 1523 2706 Quamobrem
1537 2673 1721 2709 utriqueidem
