<?xml version="1.0" encoding="UTF-8"?>
<!DOCTYPE html PUBLIC "-//W3C//DTD XHTML 1.0 Transitional//EN"
    "http://www.w3.org/TR/xhtml1/DTD/xhtml1-transitional.dtd">
<html xmlns="http://www.w3.org/1999/xhtml" xml:lang="en" lang="en">
 <head>
  <title>
</title>
<meta http-equiv="Content-Type" content="text/html;charset=utf-8" />
  <meta name='ocr-system' content='tesseract 3.04.00' />
  <meta name='ocr-capabilities' content='ocr_page ocr_carea ocr_par ocr_line ocrx_word'/>
</head>
<body>
  <div class='ocr_page' id='page_1' title='image "./operaomniaunovol00ciceuoft_0277.png"; bbox 0 0 1941 3052; ppageno 0'>
   <div class='ocr_carea' id='block_1_1' title="bbox 419 154 883 182">
    <p class='ocr_par' dir='ltr' id='par_1_1' title="bbox 419 154 883 182">
     <span class='ocr_line' id='line_1_1' title="bbox 419 154 883 182; baseline 0.002 -2"><span class='ocrx_word' id='word_1_1' title='bbox 419 155 465 181; x_wconf 80' lang='lat' dir='ltr'>IN</span> <span class='ocrx_word' id='word_1_2' title='bbox 498 154 697 182; x_wconf 66' lang='lat' dir='ltr'>&#39;VERREM</span> <span class='ocrx_word' id='word_1_3' title='bbox 730 154 829 181; x_wconf 78' lang='lat' dir='ltr'>ACT.</span> <span class='ocrx_word' id='word_1_4' title='bbox 851 155 883 182; x_wconf 88' lang='lat'>11.</span> 
     </span>
    </p>
   </div>
   <div class='ocr_carea' id='block_1_2' title="bbox 65 225 861 670">
    <p class='ocr_par' dir='ltr' id='par_1_2' title="bbox 65 225 861 670">
     <span class='ocr_line' id='line_1_2' title="bbox 67 225 860 261; baseline -0.001 -8"><span class='ocrx_word' id='word_1_5' title='bbox 67 227 150 253; x_wconf 83' lang='lat' dir='ltr'>otium</span> <span class='ocrx_word' id='word_1_6' title='bbox 164 226 266 261; x_wconf 88' lang='lat' dir='ltr'>potius,</span> <span class='ocrx_word' id='word_1_7' title='bbox 287 234 367 260; x_wconf 88' lang='lat' dir='ltr'>quam</span> <span class='ocrx_word' id='word_1_8' title='bbox 382 225 415 252; x_wconf 90' lang='lat' dir='ltr'>ad</span> <span class='ocrx_word' id='word_1_9' title='bbox 429 225 510 252; x_wconf 88' lang='lat' dir='ltr'>ullam</span> <span class='ocrx_word' id='word_1_10' title='bbox 527 226 580 252; x_wconf 89' lang='lat' dir='ltr'>vim</span> <span class='ocrx_word' id='word_1_11' title='bbox 596 230 641 252; x_wconf 89' lang='lat' dir='ltr'>aut</span> <span class='ocrx_word' id='word_1_12' title='bbox 655 225 801 252; x_wconf 88' lang='lat' dir='ltr'>tumultum</span> <span class='ocrx_word' id='word_1_13' title='bbox 816 235 860 252; x_wconf 88' lang='lat' dir='ltr'>ac-</span> 
     </span>
     <span class='ocr_line' id='line_1_3' title="bbox 65 263 233 289; baseline 0 0"><span class='ocrx_word' id='word_1_14' title='bbox 65 263 233 289; x_wconf 88' lang='lat' dir='ltr'>commodati.</span> 
     </span>
     <span class='ocr_line' id='line_1_4' title="bbox 66 300 859 336; baseline 0 -10"><span class='ocrx_word' id='word_1_15' title='bbox 66 300 220 336; x_wconf 77' lang='lat' dir='ltr'>flagitasset,</span> <span class='ocrx_word' id='word_1_16' title='bbox 246 305 276 326; x_wconf 91' lang='lat' dir='ltr'>ut</span> <span class='ocrx_word' id='word_1_17' title='bbox 294 309 322 326; x_wconf 84' lang='lat' dir='ltr'>se</span> <span class='ocrx_word' id='word_1_18' title='bbox 341 300 373 326; x_wconf 93' lang='lat' dir='ltr'>ad</span> <span class='ocrx_word' id='word_1_19' title='bbox 395 309 485 336; x_wconf 79' lang='lat' dir='ltr'>regem</span> <span class='ocrx_word' id='word_1_20' title='bbox 504 300 688 331; x_wconf 76' lang='lat' dir='ltr'>Nicomedem,</span> <span class='ocrx_word' id='word_1_21' title='bbox 715 309 859 336; x_wconf 81' lang='lat' dir='ltr'>regemque</span> 
     </span>
     <span class='ocr_line' id='line_1_5' title="bbox 66 337 860 373; baseline 0 -10"><span class='ocrx_word' id='word_1_22' title='bbox 66 337 189 364; x_wconf 82' lang='lat' dir='ltr'>Sadalam</span> <span class='ocrx_word' id='word_1_23' title='bbox 206 338 332 369; x_wconf 89' lang='lat' dir='ltr'>mitteret,</span> <span class='ocrx_word' id='word_1_24' title='bbox 357 346 498 373; x_wconf 89' lang='lat' dir='ltr'>quumque</span> <span class='ocrx_word' id='word_1_25' title='bbox 520 338 569 364; x_wconf 88' lang='lat' dir='ltr'>iter</span> <span class='ocrx_word' id='word_1_26' title='bbox 587 338 635 364; x_wconf 89' lang='lat' dir='ltr'>hoc</span> <span class='ocrx_word' id='word_1_27' title='bbox 653 338 705 364; x_wconf 91' lang='lat' dir='ltr'>sibi</span> <span class='ocrx_word' id='word_1_28' title='bbox 724 338 809 373; x_wconf 80' lang='lat' dir='ltr'>magis</span> <span class='ocrx_word' id='word_1_29' title='bbox 828 337 860 363; x_wconf 92' lang='lat' dir='ltr'>ad</span> 
     </span>
     <span class='ocr_line' id='line_1_6' title="bbox 65 375 861 410; baseline 0 -9"><span class='ocrx_word' id='word_1_30' title='bbox 65 379 205 410; x_wconf 88' lang='lat' dir='ltr'>quaestum</span> <span class='ocrx_word' id='word_1_31' title='bbox 222 383 311 406; x_wconf 91' lang='lat' dir='ltr'>suum,</span> <span class='ocrx_word' id='word_1_32' title='bbox 325 383 405 410; x_wconf 90' lang='lat' dir='ltr'>quam</span> <span class='ocrx_word' id='word_1_33' title='bbox 417 375 449 401; x_wconf 89' lang='lat' dir='ltr'>ad</span> <span class='ocrx_word' id='word_1_34' title='bbox 461 375 623 410; x_wconf 88' lang='lat' dir='ltr'>reipublicae</span> <span class='ocrx_word' id='word_1_35' title='bbox 638 379 743 409; x_wconf 86' lang='lat' dir='ltr'>tempus</span> <span class='ocrx_word' id='word_1_36' title='bbox 757 383 861 401; x_wconf 84' lang='lat' dir='ltr'>accom-</span> 
     </span>
     <span class='ocr_line' id='line_1_7' title="bbox 66 412 860 447; baseline 0 -9"><span class='ocrx_word' id='word_1_37' title='bbox 66 412 203 438; x_wconf 88' lang='lat' dir='ltr'>modatum</span> <span class='ocrx_word' id='word_1_38' title='bbox 217 412 429 447; x_wconf 78' lang='lat' dir='ltr'>depoposcisset:</span> <span class='ocrx_word' id='word_1_39' title='bbox 451 416 481 438; x_wconf 89' lang='lat' dir='ltr'>ut</span> <span class='ocrx_word' id='word_1_40' title='bbox 500 412 545 438; x_wconf 90' lang='lat' dir='ltr'>illo</span> <span class='ocrx_word' id='word_1_41' title='bbox 558 413 651 438; x_wconf 89' lang='lat' dir='ltr'>itinere</span> <span class='ocrx_word' id='word_1_42' title='bbox 666 413 768 438; x_wconf 90' lang='lat' dir='ltr'>veniret</span> <span class='ocrx_word' id='word_1_43' title='bbox 782 412 860 438; x_wconf 89' lang='lat' dir='ltr'>Lam-</span> 
     </span>
     <span class='ocr_line' id='line_1_8' title="bbox 65 449 860 485; baseline 0 -10"><span class='ocrx_word' id='word_1_44' title='bbox 65 458 190 484; x_wconf 88' lang='lat' dir='ltr'>psacum,</span> <span class='ocrx_word' id='word_1_45' title='bbox 216 458 278 475; x_wconf 90' lang='lat' dir='ltr'>cum</span> <span class='ocrx_word' id='word_1_46' title='bbox 301 458 398 485; x_wconf 81' lang='lat' dir='ltr'>magna</span> <span class='ocrx_word' id='word_1_47' title='bbox 421 449 568 476; x_wconf 83' lang='lat' dir='ltr'>calamitate</span> <span class='ocrx_word' id='word_1_48' title='bbox 591 454 616 475; x_wconf 90' lang='lat' dir='ltr'>et</span> <span class='ocrx_word' id='word_1_49' title='bbox 638 458 720 484; x_wconf 83' lang='lat' dir='ltr'>prope</span> <span class='ocrx_word' id='word_1_50' title='bbox 742 450 860 483; x_wconf 83' lang='lat' dir='ltr'>pernicie</span> 
     </span>
     <span class='ocr_line' id='line_1_9' title="bbox 65 486 860 521; baseline -0.001 -8"><span class='ocrx_word' id='word_1_51' title='bbox 65 487 190 513; x_wconf 87' lang='lat' dir='ltr'>civitatis.</span> <span class='ocrx_word' id='word_1_52' title='bbox 230 487 375 513; x_wconf 84' lang='lat' dir='ltr'>Deducitur</span> <span class='ocrx_word' id='word_1_53' title='bbox 389 488 438 513; x_wconf 88' lang='lat' dir='ltr'>iste</span> <span class='ocrx_word' id='word_1_54' title='bbox 453 487 484 513; x_wconf 87' lang='lat' dir='ltr'>ad</span> <span class='ocrx_word' id='word_1_55' title='bbox 499 488 637 513; x_wconf 86' lang='lat' dir='ltr'>Ianitorem</span> <span class='ocrx_word' id='word_1_56' title='bbox 652 487 796 521; x_wconf 82' lang='lat' dir='ltr'>quemdam</span> <span class='ocrx_word' id='word_1_57' title='bbox 812 486 860 512; x_wconf 87' lang='lat' dir='ltr'>ho-</span> 
     </span>
     <span class='ocr_line' id='line_1_10' title="bbox 65 523 859 559; baseline -0.001 -9"><span class='ocrx_word' id='word_1_58' title='bbox 65 524 175 558; x_wconf 79' lang='lat' dir='ltr'>spitem,</span> <span class='ocrx_word' id='word_1_59' title='bbox 198 525 363 559; x_wconf 83' lang='lat' dir='ltr'>comitesque</span> <span class='ocrx_word' id='word_1_60' title='bbox 382 525 439 551; x_wconf 90' lang='lat' dir='ltr'>eius</span> <span class='ocrx_word' id='word_1_61' title='bbox 457 525 520 550; x_wconf 89' lang='lat' dir='ltr'>item</span> <span class='ocrx_word' id='word_1_62' title='bbox 540 524 611 559; x_wconf 86' lang='lat' dir='ltr'>apud</span> <span class='ocrx_word' id='word_1_63' title='bbox 625 528 724 550; x_wconf 89' lang='lat' dir='ltr'>ceteros</span> <span class='ocrx_word' id='word_1_64' title='bbox 740 523 859 558; x_wconf 87' lang='lat' dir='ltr'>hospites</span> 
     </span>
     <span class='ocr_line' id='line_1_11' title="bbox 65 561 860 595; baseline -0.001 -8"><span class='ocrx_word' id='word_1_65' title='bbox 65 561 235 588; x_wconf 87' lang='lat' dir='ltr'>collocantur.</span> <span class='ocrx_word' id='word_1_66' title='bbox 276 562 309 588; x_wconf 92' lang='lat' dir='ltr'>Ut</span> <span class='ocrx_word' id='word_1_67' title='bbox 327 570 383 588; x_wconf 92' lang='lat' dir='ltr'>mos</span> <span class='ocrx_word' id='word_1_68' title='bbox 401 566 456 588; x_wconf 93' lang='lat' dir='ltr'>erat</span> <span class='ocrx_word' id='word_1_69' title='bbox 473 561 552 587; x_wconf 90' lang='lat' dir='ltr'>istius</span> <span class='ocrx_word' id='word_1_70' title='bbox 571 566 650 595; x_wconf 86' lang='lat' dir='ltr'>atque</span> <span class='ocrx_word' id='word_1_71' title='bbox 669 565 699 587; x_wconf 92' lang='lat' dir='ltr'>ut</span> <span class='ocrx_word' id='word_1_72' title='bbox 716 569 777 586; x_wconf 88' lang='lat' dir='ltr'>eum</span> <span class='ocrx_word' id='word_1_73' title='bbox 796 569 860 586; x_wconf 87' lang='lat' dir='ltr'>suae</span> 
     </span>
     <span class='ocr_line' id='line_1_12' title="bbox 66 598 860 634; baseline -0.001 -10"><span class='ocrx_word' id='word_1_74' title='bbox 66 598 192 625; x_wconf 86' lang='lat' dir='ltr'>libidines</span> <span class='ocrx_word' id='word_1_75' title='bbox 211 598 340 634; x_wconf 81' lang='lat' dir='ltr'>flagitiose</span> <span class='ocrx_word' id='word_1_76' title='bbox 359 599 443 625; x_wconf 85' lang='lat' dir='ltr'>facere</span> <span class='ocrx_word' id='word_1_77' title='bbox 461 598 649 629; x_wconf 83' lang='lat' dir='ltr'>admonebant,</span> <span class='ocrx_word' id='word_1_78' title='bbox 670 598 759 624; x_wconf 87' lang='lat' dir='ltr'>statim</span> <span class='ocrx_word' id='word_1_79' title='bbox 779 606 860 632; x_wconf 79' lang='lat' dir='ltr'>nego—</span> 
     </span>
     <span class='ocr_line' id='line_1_13' title="bbox 65 635 860 670; baseline -0.003 -8"><span class='ocrx_word' id='word_1_80' title='bbox 65 636 134 662; x_wconf 84' lang='lat' dir='ltr'>tium</span> <span class='ocrx_word' id='word_1_81' title='bbox 153 636 197 662; x_wconf 89' lang='lat' dir='ltr'>dat</span> <span class='ocrx_word' id='word_1_82' title='bbox 214 636 267 662; x_wconf 88' lang='lat' dir='ltr'>illis</span> <span class='ocrx_word' id='word_1_83' title='bbox 286 636 343 662; x_wconf 86' lang='lat' dir='ltr'>suis</span> <span class='ocrx_word' id='word_1_84' title='bbox 361 636 517 667; x_wconf 83' lang='lat' dir='ltr'>comitibus,</span> <span class='ocrx_word' id='word_1_85' title='bbox 543 635 716 670; x_wconf 84' lang='lat' dir='ltr'>nequissimis</span> <span class='ocrx_word' id='word_1_86' title='bbox 734 635 860 669; x_wconf 86' lang='lat' dir='ltr'>turpissi-</span> 
     </span>
    </p>
   </div>
   <div class='ocr_carea' id='block_1_3' title="bbox 65 672 882 708">
    <p class='ocr_par' dir='ltr' id='par_1_3' title="bbox 65 672 882 708">
     <span class='ocr_line' id='line_1_14' title="bbox 65 672 882 708; baseline -0.002 -9"><span class='ocrx_word' id='word_1_87' title='bbox 65 673 171 708; x_wconf 90' lang='lat' dir='ltr'>misque</span> <span class='ocrx_word' id='word_1_88' title='bbox 186 673 354 705; x_wconf 81' lang='lat' dir='ltr'>hominibus,</span> <span class='ocrx_word' id='word_1_89' title='bbox 371 674 410 700; x_wconf 91' lang='lat' dir='ltr'>uti</span> <span class='ocrx_word' id='word_1_90' title='bbox 424 673 531 700; x_wconf 87' lang='lat' dir='ltr'>videant</span> <span class='ocrx_word' id='word_1_91' title='bbox 544 676 570 698; x_wconf 85' lang='lat' dir='ltr'>et</span> <span class='ocrx_word' id='word_1_92' title='bbox 584 672 759 707; x_wconf 81' lang='lat' dir='ltr'>investigent,</span> <span class='ocrx_word' id='word_1_93' title='bbox 776 680 859 706; x_wconf 88' lang='lat' dir='ltr'>ecqua</span> <span class='ocrx_word' id='word_1_94' title='bbox 881 701 882 704; x_wconf 14' lang='grc' dir='ltr'><strong>Ἴ</strong></span> 
     </span>
    </p>
   </div>
   <div class='ocr_carea' id='block_1_4' title="bbox 37 709 860 1830">
    <p class='ocr_par' dir='ltr' id='par_1_4' title="bbox 37 709 860 1830">
     <span class='ocr_line' id='line_1_15' title="bbox 65 709 860 746; baseline -0.004 -9"><span class='ocrx_word' id='word_1_95' title='bbox 65 711 141 746; x_wconf 79' lang='lat' dir='ltr'>virgo</span> <span class='ocrx_word' id='word_1_96' title='bbox 155 711 188 737; x_wconf 86' lang='lat' dir='ltr'>sit</span> <span class='ocrx_word' id='word_1_97' title='bbox 202 715 247 737; x_wconf 84' lang='lat' dir='ltr'>aut</span> <span class='ocrx_word' id='word_1_98' title='bbox 260 711 357 737; x_wconf 90' lang='lat' dir='ltr'>mulier</span> <span class='ocrx_word' id='word_1_99' title='bbox 369 710 458 746; x_wconf 81' lang='lat' dir='ltr'>digna,</span> <span class='ocrx_word' id='word_1_100' title='bbox 475 710 648 745; x_wconf 87' lang='lat' dir='ltr'>quamobrem</span> <span class='ocrx_word' id='word_1_101' title='bbox 663 710 720 744; x_wconf 87' lang='lat' dir='ltr'>ipse</span> <span class='ocrx_word' id='word_1_102' title='bbox 733 709 860 743; x_wconf 87' lang='lat' dir='ltr'>Lampsa-</span> 
     </span>
     <span class='ocr_line' id='line_1_16' title="bbox 65 747 859 774; baseline -0.004 0"><span class='ocrx_word' id='word_1_103' title='bbox 65 748 87 774; x_wconf 87' lang='lat' dir='ltr'>ci</span> <span class='ocrx_word' id='word_1_104' title='bbox 103 748 205 774; x_wconf 90' lang='lat' dir='ltr'>diutius</span> <span class='ocrx_word' id='word_1_105' title='bbox 223 752 409 774; x_wconf 82' lang='lat' dir='ltr'>commoretur.</span> <span class='ocrx_word' id='word_1_106' title='bbox 450 747 534 773; x_wconf 77' lang='lat' dir='ltr'>XXV.</span> <span class='ocrx_word' id='word_1_107' title='bbox 557 748 597 773; x_wconf 75' lang='lat'>64.</span> <span class='ocrx_word' id='word_1_108' title='bbox 619 747 682 772; x_wconf 87' lang='lat' dir='ltr'>Erat</span> <span class='ocrx_word' id='word_1_109' title='bbox 699 755 787 772; x_wconf 90' lang='lat' dir='ltr'>comes</span> <span class='ocrx_word' id='word_1_110' title='bbox 801 747 859 772; x_wconf 90' lang='lat' dir='ltr'>eius</span> 
     </span>
     <span class='ocr_line' id='line_1_17' title="bbox 65 783 859 820; baseline -0.003 -9"><span class='ocrx_word' id='word_1_111' title='bbox 65 786 183 812; x_wconf 86' lang='lat' dir='ltr'>Rubrius</span> <span class='ocrx_word' id='word_1_112' title='bbox 197 785 316 820; x_wconf 93' lang='lat' dir='ltr'>quidam,</span> <span class='ocrx_word' id='word_1_113' title='bbox 334 785 412 811; x_wconf 89' lang='lat' dir='ltr'>homo</span> <span class='ocrx_word' id='word_1_114' title='bbox 426 784 510 811; x_wconf 90' lang='lat' dir='ltr'>factus</span> <span class='ocrx_word' id='word_1_115' title='bbox 525 784 557 810; x_wconf 91' lang='lat' dir='ltr'>ad</span> <span class='ocrx_word' id='word_1_116' title='bbox 571 784 649 810; x_wconf 88' lang='lat' dir='ltr'>istius</span> <span class='ocrx_word' id='word_1_117' title='bbox 662 783 795 814; x_wconf 84' lang='lat' dir='ltr'>libidines,</span> <span class='ocrx_word' id='word_1_118' title='bbox 812 784 859 818; x_wconf 87' lang='lat' dir='ltr'>qui</span> 
     </span>
     <span class='ocr_line' id='line_1_18' title="bbox 65 821 859 858; baseline -0.004 -9"><span class='ocrx_word' id='word_1_119' title='bbox 65 823 133 849; x_wconf 89' lang='lat' dir='ltr'>miro</span> <span class='ocrx_word' id='word_1_120' title='bbox 147 823 268 854; x_wconf 79' lang='lat' dir='ltr'>artificio,</span> <span class='ocrx_word' id='word_1_121' title='bbox 288 831 460 858; x_wconf 86' lang='lat' dir='ltr'>quocumque</span> <span class='ocrx_word' id='word_1_122' title='bbox 473 826 593 852; x_wconf 87' lang='lat' dir='ltr'>venerat,</span> <span class='ocrx_word' id='word_1_123' title='bbox 616 821 679 847; x_wconf 87' lang='lat' dir='ltr'>haec</span> <span class='ocrx_word' id='word_1_124' title='bbox 698 821 859 856; x_wconf 71' lang='lat' dir='ltr'>investigare</span> 
     </span>
     <span class='ocr_line' id='line_1_19' title="bbox 64 858 860 886; baseline -0.004 0"><span class='ocrx_word' id='word_1_125' title='bbox 64 860 152 886; x_wconf 87' lang='lat' dir='ltr'>omnia</span> <span class='ocrx_word' id='word_1_126' title='bbox 167 859 276 886; x_wconf 87' lang='lat' dir='ltr'>solebat.</span> <span class='ocrx_word' id='word_1_127' title='bbox 317 860 341 886; x_wconf 86' lang='lat' dir='ltr'>Is</span> <span class='ocrx_word' id='word_1_128' title='bbox 355 859 388 886; x_wconf 84' lang='lat' dir='ltr'>ad</span> <span class='ocrx_word' id='word_1_129' title='bbox 401 868 463 886; x_wconf 89' lang='lat' dir='ltr'>eum</span> <span class='ocrx_word' id='word_1_130' title='bbox 478 868 533 885; x_wconf 91' lang='lat' dir='ltr'>rem</span> <span class='ocrx_word' id='word_1_131' title='bbox 552 859 629 885; x_wconf 85' lang='lat' dir='ltr'>istam</span> <span class='ocrx_word' id='word_1_132' title='bbox 649 858 746 884; x_wconf 88' lang='lat' dir='ltr'>defert:</span> <span class='ocrx_word' id='word_1_133' title='bbox 769 858 860 884; x_wconf 88' lang='lat' dir='ltr'>Philo-</span> 
     </span>
     <span class='ocr_line' id='line_1_20' title="bbox 65 896 859 932; baseline -0.003 -9"><span class='ocrx_word' id='word_1_134' title='bbox 65 897 174 923; x_wconf 89' lang='lat' dir='ltr'>damum</span> <span class='ocrx_word' id='word_1_135' title='bbox 188 905 246 923; x_wconf 87' lang='lat' dir='ltr'>esse</span> <span class='ocrx_word' id='word_1_136' title='bbox 260 897 417 932; x_wconf 85' lang='lat' dir='ltr'>quemdam,</span> <span class='ocrx_word' id='word_1_137' title='bbox 433 905 542 932; x_wconf 77' lang='lat' dir='ltr'>genere,</span> <span class='ocrx_word' id='word_1_138' title='bbox 559 896 670 927; x_wconf 91' lang='lat' dir='ltr'>honore,</span> <span class='ocrx_word' id='word_1_139' title='bbox 687 896 785 931; x_wconf 79' lang='lat' dir='ltr'>copiis,</span> <span class='ocrx_word' id='word_1_140' title='bbox 802 896 859 921; x_wconf 86' lang='lat' dir='ltr'>exi-</span> 
     </span>
     <span class='ocr_line' id='line_1_21' title="bbox 64 933 859 969; baseline -0.001 -9"><span class='ocrx_word' id='word_1_141' title='bbox 64 935 214 961; x_wconf 88' lang='lat' dir='ltr'>stimatione</span> <span class='ocrx_word' id='word_1_142' title='bbox 237 934 313 960; x_wconf 86' lang='lat' dir='ltr'>facile</span> <span class='ocrx_word' id='word_1_143' title='bbox 339 935 486 969; x_wconf 81' lang='lat' dir='ltr'>principem</span> <span class='ocrx_word' id='word_1_144' title='bbox 512 935 766 968; x_wconf 82' lang='lat' dir='ltr'>Lampsacenorum:</span> <span class='ocrx_word' id='word_1_145' title='bbox 800 933 859 959; x_wconf 88' lang='lat' dir='ltr'>eius</span> 
     </span>
     <span class='ocr_line' id='line_1_22' title="bbox 64 970 859 1007; baseline -0.003 -9"><span class='ocrx_word' id='word_1_146' title='bbox 64 980 122 998; x_wconf 86' lang='lat' dir='ltr'>esse</span> <span class='ocrx_word' id='word_1_147' title='bbox 137 971 227 1003; x_wconf 79' lang='lat' dir='ltr'>filiam,</span> <span class='ocrx_word' id='word_1_148' title='bbox 243 980 312 1007; x_wconf 85' lang='lat' dir='ltr'>quae</span> <span class='ocrx_word' id='word_1_149' title='bbox 325 980 386 998; x_wconf 88' lang='lat' dir='ltr'>cum</span> <span class='ocrx_word' id='word_1_150' title='bbox 401 976 474 1007; x_wconf 83' lang='lat' dir='ltr'>patre</span> <span class='ocrx_word' id='word_1_151' title='bbox 484 971 622 1002; x_wconf 79' lang='lat' dir='ltr'>habitaret,</span> <span class='ocrx_word' id='word_1_152' title='bbox 639 975 776 1006; x_wconf 89' lang='lat' dir='ltr'>propterea</span> <span class='ocrx_word' id='word_1_153' title='bbox 786 970 859 1005; x_wconf 89' lang='lat' dir='ltr'>quod</span> 
     </span>
     <span class='ocr_line' id='line_1_23' title="bbox 65 1008 856 1043; baseline -0.001 -8"><span class='ocrx_word' id='word_1_154' title='bbox 65 1010 152 1035; x_wconf 92' lang='lat' dir='ltr'>virum</span> <span class='ocrx_word' id='word_1_155' title='bbox 169 1017 219 1035; x_wconf 90' lang='lat' dir='ltr'>non</span> <span class='ocrx_word' id='word_1_156' title='bbox 235 1009 355 1040; x_wconf 85' lang='lat' dir='ltr'>haberet,</span> <span class='ocrx_word' id='word_1_157' title='bbox 376 1009 515 1035; x_wconf 90' lang='lat' dir='ltr'>mulierem</span> <span class='ocrx_word' id='word_1_158' title='bbox 530 1009 627 1035; x_wconf 87' lang='lat' dir='ltr'>eximia</span> <span class='ocrx_word' id='word_1_159' title='bbox 642 1008 856 1043; x_wconf 73' lang='lat' dir='ltr'>pulchritudine,</span> 
     </span>
     <span class='ocr_line' id='line_1_24' title="bbox 64 1045 856 1082; baseline -0.001 -10"><span class='ocrx_word' id='word_1_160' title='bbox 64 1046 111 1072; x_wconf 85' lang='lat' dir='ltr'>sed</span> <span class='ocrx_word' id='word_1_161' title='bbox 130 1055 187 1072; x_wconf 89' lang='lat' dir='ltr'>eam</span> <span class='ocrx_word' id='word_1_162' title='bbox 206 1055 312 1073; x_wconf 89' lang='lat' dir='ltr'>summa</span> <span class='ocrx_word' id='word_1_163' title='bbox 328 1047 477 1082; x_wconf 82' lang='lat' dir='ltr'>integritate</span> <span class='ocrx_word' id='word_1_164' title='bbox 496 1046 679 1081; x_wconf 80' lang='lat' dir='ltr'>pudicitiaque</span> <span class='ocrx_word' id='word_1_165' title='bbox 699 1045 856 1072; x_wconf 80' lang='lat' dir='ltr'>existimari.</span> 
     </span>
     <span class='ocr_line' id='line_1_25' title="bbox 64 1083 857 1118; baseline -0.001 -8"><span class='ocrx_word' id='word_1_166' title='bbox 64 1084 159 1115; x_wconf 81' lang='lat' dir='ltr'>Homo,</span> <span class='ocrx_word' id='word_1_167' title='bbox 180 1088 209 1110; x_wconf 92' lang='lat' dir='ltr'>ut</span> <span class='ocrx_word' id='word_1_168' title='bbox 224 1084 287 1110; x_wconf 89' lang='lat' dir='ltr'>haec</span> <span class='ocrx_word' id='word_1_169' title='bbox 302 1084 417 1115; x_wconf 87' lang='lat' dir='ltr'>audivit,</span> <span class='ocrx_word' id='word_1_170' title='bbox 438 1085 476 1110; x_wconf 89' lang='lat' dir='ltr'>sic</span> <span class='ocrx_word' id='word_1_171' title='bbox 491 1084 589 1110; x_wconf 87' lang='lat' dir='ltr'>exarsit</span> <span class='ocrx_word' id='word_1_172' title='bbox 606 1083 639 1109; x_wconf 90' lang='lat' dir='ltr'>ad</span> <span class='ocrx_word' id='word_1_173' title='bbox 657 1083 698 1114; x_wconf 92' lang='lat' dir='ltr'>id,</span> <span class='ocrx_word' id='word_1_174' title='bbox 718 1083 791 1118; x_wconf 90' lang='lat' dir='ltr'>quod</span> <span class='ocrx_word' id='word_1_175' title='bbox 807 1091 857 1109; x_wconf 94' lang='lat' dir='ltr'>non</span> 
     </span>
     <span class='ocr_line' id='line_1_26' title="bbox 63 1120 857 1157; baseline -0.001 -10"><span class='ocrx_word' id='word_1_176' title='bbox 63 1121 142 1148; x_wconf 90' lang='lat' dir='ltr'>modo</span> <span class='ocrx_word' id='word_1_177' title='bbox 155 1122 213 1156; x_wconf 84' lang='lat' dir='ltr'>ipse</span> <span class='ocrx_word' id='word_1_178' title='bbox 227 1130 375 1157; x_wconf 88' lang='lat' dir='ltr'>numquam</span> <span class='ocrx_word' id='word_1_179' title='bbox 390 1122 499 1153; x_wconf 89' lang='lat' dir='ltr'>viderat,</span> <span class='ocrx_word' id='word_1_180' title='bbox 516 1121 563 1148; x_wconf 89' lang='lat' dir='ltr'>sed</span> <span class='ocrx_word' id='word_1_181' title='bbox 577 1130 610 1147; x_wconf 89' lang='lat' dir='ltr'>ne</span> <span class='ocrx_word' id='word_1_182' title='bbox 620 1121 738 1147; x_wconf 86' lang='lat' dir='ltr'>audierat</span> <span class='ocrx_word' id='word_1_183' title='bbox 748 1120 857 1156; x_wconf 89' lang='lat' dir='ltr'>quidem</span> 
     </span>
     <span class='ocr_line' id='line_1_27' title="bbox 64 1158 858 1194; baseline -0.001 -9"><span class='ocrx_word' id='word_1_184' title='bbox 64 1159 96 1185; x_wconf 90' lang='lat' dir='ltr'>ab</span> <span class='ocrx_word' id='word_1_185' title='bbox 115 1167 157 1190; x_wconf 89' lang='lat' dir='ltr'>eo,</span> <span class='ocrx_word' id='word_1_186' title='bbox 178 1159 225 1194; x_wconf 90' lang='lat' dir='ltr'>qui</span> <span class='ocrx_word' id='word_1_187' title='bbox 243 1159 301 1194; x_wconf 86' lang='lat' dir='ltr'>ipse</span> <span class='ocrx_word' id='word_1_188' title='bbox 319 1159 443 1191; x_wconf 87' lang='lat' dir='ltr'>vidisset,</span> <span class='ocrx_word' id='word_1_189' title='bbox 464 1163 494 1186; x_wconf 92' lang='lat' dir='ltr'>ut</span> <span class='ocrx_word' id='word_1_190' title='bbox 512 1159 600 1185; x_wconf 89' lang='lat' dir='ltr'>statim</span> <span class='ocrx_word' id='word_1_191' title='bbox 619 1158 651 1184; x_wconf 90' lang='lat' dir='ltr'>ad</span> <span class='ocrx_word' id='word_1_192' title='bbox 671 1158 858 1184; x_wconf 82' lang='lat' dir='ltr'>Philodamum</span> 
     </span>
     <span class='ocr_line' id='line_1_28' title="bbox 62 1195 857 1232; baseline 0 -11"><span class='ocrx_word' id='word_1_193' title='bbox 62 1196 177 1232; x_wconf 83' lang='lat' dir='ltr'>migrare</span> <span class='ocrx_word' id='word_1_194' title='bbox 195 1205 223 1223; x_wconf 88' lang='lat' dir='ltr'>se</span> <span class='ocrx_word' id='word_1_195' title='bbox 241 1196 340 1224; x_wconf 87' lang='lat' dir='ltr'>diceret</span> <span class='ocrx_word' id='word_1_196' title='bbox 357 1197 435 1224; x_wconf 86' lang='lat' dir='ltr'>velle.</span> <span class='ocrx_word' id='word_1_197' title='bbox 475 1197 576 1231; x_wconf 85' lang='lat' dir='ltr'>Hospes</span> <span class='ocrx_word' id='word_1_198' title='bbox 595 1197 703 1227; x_wconf 85' lang='lat' dir='ltr'>Ianitor,</span> <span class='ocrx_word' id='word_1_199' title='bbox 724 1196 772 1230; x_wconf 90' lang='lat' dir='ltr'>qui</span> <span class='ocrx_word' id='word_1_200' title='bbox 791 1195 857 1221; x_wconf 91' lang='lat' dir='ltr'>nihil</span> 
     </span>
     <span class='ocr_line' id='line_1_29' title="bbox 63 1233 856 1269; baseline -0.001 -10"><span class='ocrx_word' id='word_1_201' title='bbox 63 1234 252 1268; x_wconf 84' lang='lat' dir='ltr'>suspicaretur,</span> <span class='ocrx_word' id='word_1_202' title='bbox 268 1235 378 1266; x_wconf 87' lang='lat' dir='ltr'>veritus,</span> <span class='ocrx_word' id='word_1_203' title='bbox 395 1243 428 1261; x_wconf 89' lang='lat' dir='ltr'>ne</span> <span class='ocrx_word' id='word_1_204' title='bbox 441 1234 508 1269; x_wconf 88' lang='lat' dir='ltr'>quid</span> <span class='ocrx_word' id='word_1_205' title='bbox 522 1235 550 1260; x_wconf 92' lang='lat' dir='ltr'>in</span> <span class='ocrx_word' id='word_1_206' title='bbox 563 1234 623 1269; x_wconf 90' lang='lat' dir='ltr'>ipso</span> <span class='ocrx_word' id='word_1_207' title='bbox 633 1242 661 1259; x_wconf 89' lang='lat' dir='ltr'>se</span> <span class='ocrx_word' id='word_1_208' title='bbox 672 1233 856 1263; x_wconf 76' lang='lat' dir='ltr'>offenderetur,</span> 
     </span>
     <span class='ocr_line' id='line_1_30' title="bbox 37 1270 859 1307; baseline -0.001 -10"><span class='ocrx_word' id='word_1_209' title='bbox 37 1288 42 1293; x_wconf 71' lang='lat'><strong>·</strong></span> <span class='ocrx_word' id='word_1_210' title='bbox 64 1271 198 1297; x_wconf 88' lang='lat' dir='ltr'>hominem</span> <span class='ocrx_word' id='word_1_211' title='bbox 213 1280 319 1298; x_wconf 89' lang='lat' dir='ltr'>summa</span> <span class='ocrx_word' id='word_1_212' title='bbox 332 1272 359 1298; x_wconf 88' lang='lat' dir='ltr'>vi</span> <span class='ocrx_word' id='word_1_213' title='bbox 374 1272 486 1298; x_wconf 86' lang='lat' dir='ltr'>retinere</span> <span class='ocrx_word' id='word_1_214' title='bbox 499 1272 594 1307; x_wconf 84' lang='lat' dir='ltr'>coepit.</span> <span class='ocrx_word' id='word_1_215' title='bbox 629 1272 689 1302; x_wconf 89' lang='lat' dir='ltr'>Iste,</span> <span class='ocrx_word' id='word_1_216' title='bbox 705 1271 752 1306; x_wconf 88' lang='lat' dir='ltr'>qui</span> <span class='ocrx_word' id='word_1_217' title='bbox 767 1270 859 1305; x_wconf 89' lang='lat' dir='ltr'>hospi-</span> 
     </span>
     <span class='ocr_line' id='line_1_31' title="bbox 63 1307 858 1344; baseline 0 -10"><span class='ocrx_word' id='word_1_218' title='bbox 63 1309 97 1334; x_wconf 90' lang='lat' dir='ltr'>tis</span> <span class='ocrx_word' id='word_1_219' title='bbox 112 1308 281 1343; x_wconf 89' lang='lat' dir='ltr'>relinquendi</span> <span class='ocrx_word' id='word_1_220' title='bbox 295 1318 417 1336; x_wconf 84' lang='lat' dir='ltr'>caussam</span> <span class='ocrx_word' id='word_1_221' title='bbox 432 1310 546 1344; x_wconf 88' lang='lat' dir='ltr'>reperire</span> <span class='ocrx_word' id='word_1_222' title='bbox 561 1317 613 1335; x_wconf 90' lang='lat' dir='ltr'>non</span> <span class='ocrx_word' id='word_1_223' title='bbox 627 1313 725 1343; x_wconf 88' lang='lat' dir='ltr'>posset,</span> <span class='ocrx_word' id='word_1_224' title='bbox 742 1307 791 1334; x_wconf 83' lang='lat' dir='ltr'>alia</span> <span class='ocrx_word' id='word_1_225' title='bbox 806 1308 858 1334; x_wconf 86' lang='lat' dir='ltr'>sibi</span> 
     </span>
     <span class='ocr_line' id='line_1_32' title="bbox 63 1345 855 1381; baseline -0.001 -10"><span class='ocrx_word' id='word_1_226' title='bbox 63 1346 162 1372; x_wconf 90' lang='lat' dir='ltr'>ratione</span> <span class='ocrx_word' id='word_1_227' title='bbox 181 1346 252 1372; x_wconf 83' lang='lat' dir='ltr'>viam</span> <span class='ocrx_word' id='word_1_228' title='bbox 272 1347 376 1373; x_wconf 89' lang='lat' dir='ltr'>munire</span> <span class='ocrx_word' id='word_1_229' title='bbox 394 1347 427 1373; x_wconf 87' lang='lat' dir='ltr'>ad</span> <span class='ocrx_word' id='word_1_230' title='bbox 445 1352 569 1381; x_wconf 83' lang='lat' dir='ltr'>stuprum</span> <span class='ocrx_word' id='word_1_231' title='bbox 587 1346 687 1380; x_wconf 90' lang='lat' dir='ltr'>coepit:</span> <span class='ocrx_word' id='word_1_232' title='bbox 714 1345 855 1376; x_wconf 89' lang='lat' dir='ltr'>Rubrium,</span> 
     </span>
     <span class='ocr_line' id='line_1_33' title="bbox 63 1383 857 1414; baseline -0.001 -5"><span class='ocrx_word' id='word_1_233' title='bbox 63 1383 172 1409; x_wconf 87' lang='lat' dir='ltr'>delicias</span> <span class='ocrx_word' id='word_1_234' title='bbox 186 1392 262 1414; x_wconf 84' lang='lat' dir='ltr'>suas,</span> <span class='ocrx_word' id='word_1_235' title='bbox 283 1384 311 1410; x_wconf 91' lang='lat' dir='ltr'>in</span> <span class='ocrx_word' id='word_1_236' title='bbox 329 1385 455 1411; x_wconf 89' lang='lat' dir='ltr'>omnibus</span> <span class='ocrx_word' id='word_1_237' title='bbox 469 1384 601 1410; x_wconf 87' lang='lat' dir='ltr'>eiusmodi</span> <span class='ocrx_word' id='word_1_238' title='bbox 617 1384 696 1409; x_wconf 87' lang='lat' dir='ltr'>rebus</span> <span class='ocrx_word' id='word_1_239' title='bbox 711 1383 857 1409; x_wconf 88' lang='lat' dir='ltr'>adiutorem</span> 
     </span>
     <span class='ocr_line' id='line_1_34' title="bbox 62 1419 858 1456; baseline -0.001 -10"><span class='ocrx_word' id='word_1_240' title='bbox 62 1429 143 1446; x_wconf 88' lang='lat' dir='ltr'>suum</span> <span class='ocrx_word' id='word_1_241' title='bbox 162 1425 187 1447; x_wconf 90' lang='lat' dir='ltr'>et</span> <span class='ocrx_word' id='word_1_242' title='bbox 205 1421 356 1451; x_wconf 83' lang='lat' dir='ltr'>conscium,</span> <span class='ocrx_word' id='word_1_243' title='bbox 377 1430 471 1456; x_wconf 89' lang='lat' dir='ltr'>parum</span> <span class='ocrx_word' id='word_1_244' title='bbox 491 1421 560 1448; x_wconf 87' lang='lat' dir='ltr'>laute</span> <span class='ocrx_word' id='word_1_245' title='bbox 579 1421 712 1447; x_wconf 85' lang='lat' dir='ltr'>deversari</span> <span class='ocrx_word' id='word_1_246' title='bbox 726 1420 803 1446; x_wconf 87' lang='lat' dir='ltr'>dicit:</span> <span class='ocrx_word' id='word_1_247' title='bbox 826 1419 858 1445; x_wconf 93' lang='lat' dir='ltr'>ad</span> 
     </span>
     <span class='ocr_line' id='line_1_35' title="bbox 61 1457 860 1491; baseline -0.001 -7"><span class='ocrx_word' id='word_1_248' title='bbox 61 1457 248 1485; x_wconf 83' lang='lat' dir='ltr'>Philodamum</span> <span class='ocrx_word' id='word_1_249' title='bbox 264 1458 359 1485; x_wconf 87' lang='lat' dir='ltr'>deduci</span> <span class='ocrx_word' id='word_1_250' title='bbox 374 1459 456 1486; x_wconf 89' lang='lat' dir='ltr'>iubet.</span> <span class='ocrx_word' id='word_1_251' title='bbox 497 1461 539 1485; x_wconf 86' lang='lat'>65.</span> <span class='ocrx_word' id='word_1_252' title='bbox 561 1458 637 1491; x_wconf 92' lang='lat' dir='ltr'>Quod</span> <span class='ocrx_word' id='word_1_253' title='bbox 657 1458 703 1484; x_wconf 90' lang='lat' dir='ltr'>ubi</span> <span class='ocrx_word' id='word_1_254' title='bbox 717 1461 756 1484; x_wconf 89' lang='lat' dir='ltr'>cst</span> <span class='ocrx_word' id='word_1_255' title='bbox 769 1457 860 1483; x_wconf 89' lang='lat' dir='ltr'>Philo-</span> 
     </span>
     <span class='ocr_line' id='line_1_36' title="bbox 61 1494 858 1532; baseline -0.001 -11"><span class='ocrx_word' id='word_1_256' title='bbox 61 1495 140 1521; x_wconf 90' lang='lat' dir='ltr'>damo</span> <span class='ocrx_word' id='word_1_257' title='bbox 155 1496 319 1528; x_wconf 84' lang='lat' dir='ltr'>nuntiatum,</span> <span class='ocrx_word' id='word_1_258' title='bbox 336 1497 439 1523; x_wconf 88' lang='lat' dir='ltr'>tametsi</span> <span class='ocrx_word' id='word_1_259' title='bbox 455 1500 509 1522; x_wconf 88' lang='lat' dir='ltr'>erat</span> <span class='ocrx_word' id='word_1_260' title='bbox 521 1497 644 1532; x_wconf 81' lang='lat' dir='ltr'>ignarus,</span> <span class='ocrx_word' id='word_1_261' title='bbox 661 1499 791 1530; x_wconf 86' lang='lat' dir='ltr'>quantum</span> <span class='ocrx_word' id='word_1_262' title='bbox 806 1494 858 1520; x_wconf 90' lang='lat' dir='ltr'>sibi</span> 
     </span>
     <span class='ocr_line' id='line_1_37' title="bbox 62 1531 858 1564; baseline -0.003 -5"><span class='ocrx_word' id='word_1_263' title='bbox 62 1541 92 1559; x_wconf 85' lang='lat' dir='ltr'>ac</span> <span class='ocrx_word' id='word_1_264' title='bbox 107 1533 198 1559; x_wconf 85' lang='lat' dir='ltr'>liberis</span> <span class='ocrx_word' id='word_1_265' title='bbox 212 1534 268 1559; x_wconf 89' lang='lat' dir='ltr'>suis</span> <span class='ocrx_word' id='word_1_266' title='bbox 283 1534 335 1560; x_wconf 89' lang='lat' dir='ltr'>iam</span> <span class='ocrx_word' id='word_1_267' title='bbox 350 1538 407 1560; x_wconf 89' lang='lat' dir='ltr'>tum</span> <span class='ocrx_word' id='word_1_268' title='bbox 420 1533 483 1560; x_wconf 90' lang='lat' dir='ltr'>mali</span> <span class='ocrx_word' id='word_1_269' title='bbox 497 1534 710 1564; x_wconf 83' lang='lat' dir='ltr'>constitueretur,</span> <span class='ocrx_word' id='word_1_270' title='bbox 727 1537 814 1558; x_wconf 86' lang='lat' dir='ltr'>tamen</span> <span class='ocrx_word' id='word_1_271' title='bbox 826 1531 858 1557; x_wconf 94' lang='lat' dir='ltr'>ad</span> 
     </span>
     <span class='ocr_line' id='line_1_38' title="bbox 63 1571 856 1604; baseline -0.001 -8"><span class='ocrx_word' id='word_1_272' title='bbox 63 1571 144 1596; x_wconf 83' lang='lat' dir='ltr'>istum</span> <span class='ocrx_word' id='word_1_273' title='bbox 164 1571 247 1604; x_wconf 72' lang='lat' dir='ltr'>venit,</span> <span class='ocrx_word' id='word_1_274' title='bbox 270 1571 398 1602; x_wconf 83' lang='lat' dir='ltr'>ostendit,</span> <span class='ocrx_word' id='word_1_275' title='bbox 418 1579 518 1597; x_wconf 91' lang='lat' dir='ltr'>munus</span> <span class='ocrx_word' id='word_1_276' title='bbox 537 1571 604 1597; x_wconf 90' lang='lat' dir='ltr'>illud</span> <span class='ocrx_word' id='word_1_277' title='bbox 622 1579 703 1596; x_wconf 88' lang='lat' dir='ltr'>suum</span> <span class='ocrx_word' id='word_1_278' title='bbox 719 1578 769 1596; x_wconf 91' lang='lat' dir='ltr'>non</span> <span class='ocrx_word' id='word_1_279' title='bbox 784 1577 856 1596; x_wconf 81' lang='lat' dir='ltr'>esse:</span> 
     </span>
     <span class='ocr_line' id='line_1_39' title="bbox 62 1607 855 1643; baseline -0.003 -9"><span class='ocrx_word' id='word_1_280' title='bbox 62 1616 100 1639; x_wconf 90' lang='lat' dir='ltr'>se,</span> <span class='ocrx_word' id='word_1_281' title='bbox 116 1617 201 1643; x_wconf 89' lang='lat' dir='ltr'>quum</span> <span class='ocrx_word' id='word_1_282' title='bbox 215 1616 279 1634; x_wconf 88' lang='lat' dir='ltr'>suae</span> <span class='ocrx_word' id='word_1_283' title='bbox 290 1612 377 1643; x_wconf 88' lang='lat' dir='ltr'>partes</span> <span class='ocrx_word' id='word_1_284' title='bbox 387 1613 475 1634; x_wconf 85' lang='lat' dir='ltr'>essent</span> <span class='ocrx_word' id='word_1_285' title='bbox 488 1608 622 1643; x_wconf 87' lang='lat' dir='ltr'>hospitum</span> <span class='ocrx_word' id='word_1_286' title='bbox 634 1607 855 1642; x_wconf 86' lang='lat' dir='ltr'>recipiendorum,</span> 
     </span>
     <span class='ocr_line' id='line_1_40' title="bbox 62 1644 859 1680; baseline -0.003 -8"><span class='ocrx_word' id='word_1_287' title='bbox 62 1650 120 1672; x_wconf 90' lang='lat' dir='ltr'>tum</span> <span class='ocrx_word' id='word_1_288' title='bbox 137 1646 210 1680; x_wconf 87' lang='lat' dir='ltr'>ipsos</span> <span class='ocrx_word' id='word_1_289' title='bbox 229 1650 316 1672; x_wconf 89' lang='lat' dir='ltr'>tamen</span> <span class='ocrx_word' id='word_1_290' title='bbox 335 1650 468 1680; x_wconf 87' lang='lat' dir='ltr'>praetores</span> <span class='ocrx_word' id='word_1_291' title='bbox 486 1650 512 1672; x_wconf 89' lang='lat' dir='ltr'>et</span> <span class='ocrx_word' id='word_1_292' title='bbox 529 1644 666 1676; x_wconf 86' lang='lat' dir='ltr'>eonsules,</span> <span class='ocrx_word' id='word_1_293' title='bbox 688 1653 739 1671; x_wconf 90' lang='lat' dir='ltr'>non</span> <span class='ocrx_word' id='word_1_294' title='bbox 761 1644 859 1680; x_wconf 77' lang='lat' dir='ltr'>legato-</span> 
     </span>
     <span class='ocr_line' id='line_1_41' title="bbox 62 1681 858 1718; baseline -0.003 -9"><span class='ocrx_word' id='word_1_295' title='bbox 62 1691 122 1709; x_wconf 88' lang='lat' dir='ltr'>rum</span> <span class='ocrx_word' id='word_1_296' title='bbox 137 1683 260 1714; x_wconf 85' lang='lat' dir='ltr'>asseclas,</span> <span class='ocrx_word' id='word_1_297' title='bbox 277 1684 393 1718; x_wconf 88' lang='lat' dir='ltr'>recipere</span> <span class='ocrx_word' id='word_1_298' title='bbox 408 1683 501 1709; x_wconf 90' lang='lat' dir='ltr'>solere.</span> <span class='ocrx_word' id='word_1_299' title='bbox 542 1683 606 1714; x_wconf 88' lang='lat' dir='ltr'>Iste,</span> <span class='ocrx_word' id='word_1_300' title='bbox 622 1682 669 1717; x_wconf 92' lang='lat' dir='ltr'>qui</span> <span class='ocrx_word' id='word_1_301' title='bbox 685 1691 737 1708; x_wconf 88' lang='lat' dir='ltr'>una</span> <span class='ocrx_word' id='word_1_302' title='bbox 752 1681 858 1716; x_wconf 90' lang='lat' dir='ltr'>eupidi—</span> 
     </span>
     <span class='ocr_line' id='line_1_42' title="bbox 62 1720 858 1755; baseline -0.001 -9"><span class='ocrx_word' id='word_1_303' title='bbox 62 1725 114 1747; x_wconf 88' lang='lat' dir='ltr'>tate</span> <span class='ocrx_word' id='word_1_304' title='bbox 131 1725 280 1755; x_wconf 82' lang='lat' dir='ltr'>raperetur,</span> <span class='ocrx_word' id='word_1_305' title='bbox 300 1725 385 1747; x_wconf 89' lang='lat' dir='ltr'>totum</span> <span class='ocrx_word' id='word_1_306' title='bbox 404 1720 478 1747; x_wconf 90' lang='lat' dir='ltr'>illius</span> <span class='ocrx_word' id='word_1_307' title='bbox 497 1720 661 1755; x_wconf 89' lang='lat' dir='ltr'>postulatum</span> <span class='ocrx_word' id='word_1_308' title='bbox 680 1727 858 1754; x_wconf 88' lang='lat' dir='ltr'>caussamque</span> 
     </span>
     <span class='ocr_line' id='line_1_43' title="bbox 63 1757 856 1794; baseline -0.001 -10"><span class='ocrx_word' id='word_1_309' title='bbox 63 1757 193 1793; x_wconf 71' lang='lat' dir='ltr'>neglexit:</span> <span class='ocrx_word' id='word_1_310' title='bbox 209 1766 256 1793; x_wconf 90' lang='lat' dir='ltr'>per</span> <span class='ocrx_word' id='word_1_311' title='bbox 269 1758 323 1784; x_wconf 89' lang='lat' dir='ltr'>vim</span> <span class='ocrx_word' id='word_1_312' title='bbox 338 1758 371 1784; x_wconf 89' lang='lat' dir='ltr'>ad</span> <span class='ocrx_word' id='word_1_313' title='bbox 385 1766 460 1790; x_wconf 89' lang='lat' dir='ltr'>eum,</span> <span class='ocrx_word' id='word_1_314' title='bbox 476 1759 523 1794; x_wconf 89' lang='lat' dir='ltr'>qui</span> <span class='ocrx_word' id='word_1_315' title='bbox 538 1758 654 1792; x_wconf 88' lang='lat' dir='ltr'>recipere</span> <span class='ocrx_word' id='word_1_316' title='bbox 669 1766 719 1784; x_wconf 95' lang='lat' dir='ltr'>non</span> <span class='ocrx_word' id='word_1_317' title='bbox 734 1757 856 1788; x_wconf 86' lang='lat' dir='ltr'>debebat,</span> 
     </span>
     <span class='ocr_line' id='line_1_44' title="bbox 62 1794 855 1830; baseline -0.001 -9"><span class='ocrx_word' id='word_1_318' title='bbox 62 1795 193 1821; x_wconf 82' lang='lat' dir='ltr'>Rubrium</span> <span class='ocrx_word' id='word_1_319' title='bbox 208 1795 304 1822; x_wconf 88' lang='lat' dir='ltr'>deduci</span> <span class='ocrx_word' id='word_1_320' title='bbox 319 1795 469 1830; x_wconf 85' lang='lat' dir='ltr'>imperavit.</span> <span class='ocrx_word' id='word_1_321' title='bbox 500 1795 596 1822; x_wconf 89' lang='lat' dir='ltr'>XXVI.</span> <span class='ocrx_word' id='word_1_322' title='bbox 612 1795 659 1821; x_wconf 91' lang='lat' dir='ltr'>llic</span> <span class='ocrx_word' id='word_1_323' title='bbox 673 1794 855 1825; x_wconf 81' lang='lat' dir='ltr'>Philodamus,</span> 
     </span>
    </p>
   </div>
   <div class='ocr_carea' id='block_1_5' title="bbox 62 1832 890 1868">
    <p class='ocr_par' dir='ltr' id='par_1_5' title="bbox 62 1832 890 1868">
     <span class='ocr_line' id='line_1_45' title="bbox 62 1832 890 1868; baseline -0.002 -9"><span class='ocrx_word' id='word_1_324' title='bbox 62 1837 235 1868; x_wconf 79' lang='lat' dir='ltr'>posteaquam</span> <span class='ocrx_word' id='word_1_325' title='bbox 250 1833 292 1859; x_wconf 92' lang='lat' dir='ltr'>ius</span> <span class='ocrx_word' id='word_1_326' title='bbox 306 1841 387 1859; x_wconf 88' lang='lat' dir='ltr'>suum</span> <span class='ocrx_word' id='word_1_327' title='bbox 401 1833 519 1859; x_wconf 88' lang='lat' dir='ltr'>obtinere</span> <span class='ocrx_word' id='word_1_328' title='bbox 534 1841 585 1859; x_wconf 92' lang='lat' dir='ltr'>non</span> <span class='ocrx_word' id='word_1_329' title='bbox 600 1833 698 1867; x_wconf 88' lang='lat' dir='ltr'>potuit,</span> <span class='ocrx_word' id='word_1_330' title='bbox 719 1836 749 1858; x_wconf 93' lang='lat' dir='ltr'>ut</span> <span class='ocrx_word' id='word_1_331' title='bbox 762 1832 859 1858; x_wconf 77' lang='lat' dir='ltr'>hunia-</span> <span class='ocrx_word' id='word_1_332' title='bbox 889 1859 890 1863; x_wconf 45' lang='lat'>,</span> 
     </span>
    </p>
   </div>
   <div class='ocr_carea' id='block_1_6' title="bbox 61 1869 859 2724">
    <p class='ocr_par' dir='ltr' id='par_1_6' title="bbox 61 1869 859 2724">
     <span class='ocr_line' id='line_1_46' title="bbox 63 1869 856 1905; baseline -0.001 -9"><span class='ocrx_word' id='word_1_333' title='bbox 63 1870 171 1896; x_wconf 86' lang='lat' dir='ltr'>nitatem</span> <span class='ocrx_word' id='word_1_334' title='bbox 185 1870 461 1905; x_wconf 85' lang='lat' dir='ltr'>consuetudinemque</span> <span class='ocrx_word' id='word_1_335' title='bbox 475 1879 551 1896; x_wconf 89' lang='lat' dir='ltr'>suam</span> <span class='ocrx_word' id='word_1_336' title='bbox 568 1871 699 1901; x_wconf 87' lang='lat' dir='ltr'>retineret,</span> <span class='ocrx_word' id='word_1_337' title='bbox 713 1869 856 1896; x_wconf 85' lang='lat' dir='ltr'>laborabat.</span> 
     </span>
     <span class='ocr_line' id='line_1_47' title="bbox 62 1907 858 1943; baseline -0.001 -9"><span class='ocrx_word' id='word_1_338' title='bbox 62 1907 158 1939; x_wconf 80' lang='lat' dir='ltr'>Homo,</span> <span class='ocrx_word' id='word_1_339' title='bbox 183 1909 230 1943; x_wconf 92' lang='lat' dir='ltr'>qui</span> <span class='ocrx_word' id='word_1_340' title='bbox 249 1916 355 1943; x_wconf 87' lang='lat' dir='ltr'>semper</span> <span class='ocrx_word' id='word_1_341' title='bbox 373 1907 600 1942; x_wconf 83' lang='lat' dir='ltr'>hospitalissimus</span> <span class='ocrx_word' id='word_1_342' title='bbox 623 1907 858 1941; x_wconf 81' lang='lat' dir='ltr'>amicissimusque</span> 
     </span>
     <span class='ocr_line' id='line_1_48' title="bbox 62 1944 858 1975; baseline -0.001 -4"><span class='ocrx_word' id='word_1_343' title='bbox 62 1949 212 1972; x_wconf 85' lang='lat' dir='ltr'>nostrorum</span> <span class='ocrx_word' id='word_1_344' title='bbox 227 1945 367 1971; x_wconf 89' lang='lat' dir='ltr'>hominum</span> <span class='ocrx_word' id='word_1_345' title='bbox 382 1945 551 1971; x_wconf 86' lang='lat' dir='ltr'>existimatus</span> <span class='ocrx_word' id='word_1_346' title='bbox 566 1949 648 1975; x_wconf 86' lang='lat' dir='ltr'>esset,</span> <span class='ocrx_word' id='word_1_347' title='bbox 670 1944 755 1971; x_wconf 90' lang='lat' dir='ltr'>noluit</span> <span class='ocrx_word' id='word_1_348' title='bbox 774 1944 858 1970; x_wconf 87' lang='lat' dir='ltr'>videri</span> 
     </span>
     <span class='ocr_line' id='line_1_49' title="bbox 61 1982 859 2016; baseline 0 -9"><span class='ocrx_word' id='word_1_349' title='bbox 61 1982 152 2016; x_wconf 89' lang='lat' dir='ltr'>ipsum</span> <span class='ocrx_word' id='word_1_350' title='bbox 175 1982 251 2009; x_wconf 88' lang='lat' dir='ltr'>illum</span> <span class='ocrx_word' id='word_1_351' title='bbox 275 1982 407 2009; x_wconf 87' lang='lat' dir='ltr'>Rubrium</span> <span class='ocrx_word' id='word_1_352' title='bbox 431 1983 532 2009; x_wconf 91' lang='lat' dir='ltr'>invitus</span> <span class='ocrx_word' id='word_1_353' title='bbox 554 1982 664 2008; x_wconf 90' lang='lat' dir='ltr'>domum</span> <span class='ocrx_word' id='word_1_354' title='bbox 688 1990 765 2008; x_wconf 87' lang='lat' dir='ltr'>suam</span> <span class='ocrx_word' id='word_1_355' title='bbox 788 1990 859 2008; x_wconf 88' lang='lat' dir='ltr'>rece-</span> 
     </span>
     <span class='ocr_line' id='line_1_50' title="bbox 62 2019 859 2055; baseline 0 -10"><span class='ocrx_word' id='word_1_356' title='bbox 62 2019 148 2054; x_wconf 86' lang='lat' dir='ltr'>pisse:</span> <span class='ocrx_word' id='word_1_357' title='bbox 171 2019 311 2055; x_wconf 81' lang='lat' dir='ltr'>magnifice</span> <span class='ocrx_word' id='word_1_358' title='bbox 328 2024 354 2046; x_wconf 91' lang='lat' dir='ltr'>et</span> <span class='ocrx_word' id='word_1_359' title='bbox 371 2024 474 2051; x_wconf 83' lang='lat' dir='ltr'>ornate,</span> <span class='ocrx_word' id='word_1_360' title='bbox 500 2024 529 2046; x_wconf 89' lang='lat' dir='ltr'>ut</span> <span class='ocrx_word' id='word_1_361' title='bbox 546 2024 600 2046; x_wconf 87' lang='lat' dir='ltr'>erat</span> <span class='ocrx_word' id='word_1_362' title='bbox 622 2020 649 2045; x_wconf 87' lang='lat' dir='ltr'>in</span> <span class='ocrx_word' id='word_1_363' title='bbox 672 2019 767 2054; x_wconf 87' lang='lat' dir='ltr'>primis</span> <span class='ocrx_word' id='word_1_364' title='bbox 791 2020 859 2045; x_wconf 90' lang='lat' dir='ltr'>inter</span> 
     </span>
     <span class='ocr_line' id='line_1_51' title="bbox 62 2057 855 2092; baseline -0.001 -9"><span class='ocrx_word' id='word_1_365' title='bbox 62 2065 126 2083; x_wconf 85' lang='lat' dir='ltr'>suos</span> <span class='ocrx_word' id='word_1_366' title='bbox 140 2057 274 2092; x_wconf 86' lang='lat' dir='ltr'>copiosus,</span> <span class='ocrx_word' id='word_1_367' title='bbox 290 2057 444 2083; x_wconf 87' lang='lat' dir='ltr'>convivium</span> <span class='ocrx_word' id='word_1_368' title='bbox 459 2061 606 2091; x_wconf 89' lang='lat' dir='ltr'>comparat:</span> <span class='ocrx_word' id='word_1_369' title='bbox 627 2061 701 2092; x_wconf 70' lang='lat' dir='ltr'>rogat</span> <span class='ocrx_word' id='word_1_370' title='bbox 714 2057 855 2087; x_wconf 80' lang='lat' dir='ltr'>Rubrium,</span> 
     </span>
     <span class='ocr_line' id='line_1_52' title="bbox 62 2093 855 2129; baseline 0.001 -10"><span class='ocrx_word' id='word_1_371' title='bbox 62 2098 104 2125; x_wconf 86' lang='lat' dir='ltr'>ut,</span> <span class='ocrx_word' id='word_1_372' title='bbox 125 2102 193 2129; x_wconf 89' lang='lat' dir='ltr'>quos</span> <span class='ocrx_word' id='word_1_373' title='bbox 207 2094 230 2120; x_wconf 88' lang='lat' dir='ltr'>ei</span> <span class='ocrx_word' id='word_1_374' title='bbox 244 2094 414 2121; x_wconf 89' lang='lat' dir='ltr'>commodum</span> <span class='ocrx_word' id='word_1_375' title='bbox 429 2095 476 2126; x_wconf 89' lang='lat' dir='ltr'>sit,</span> <span class='ocrx_word' id='word_1_376' title='bbox 497 2094 604 2121; x_wconf 87' lang='lat' dir='ltr'>invitet:</span> <span class='ocrx_word' id='word_1_377' title='bbox 628 2093 715 2120; x_wconf 89' lang='lat' dir='ltr'>locum</span> <span class='ocrx_word' id='word_1_378' title='bbox 730 2094 782 2120; x_wconf 90' lang='lat' dir='ltr'>sibi</span> <span class='ocrx_word' id='word_1_379' title='bbox 797 2093 855 2125; x_wconf 81' lang='lat' dir='ltr'>soli.</span> 
     </span>
     <span class='ocr_line' id='line_1_53' title="bbox 63 2131 857 2166; baseline -0.001 -8"><span class='ocrx_word' id='word_1_380' title='bbox 63 2132 85 2158; x_wconf 86' lang='lat' dir='ltr'>si</span> <span class='ocrx_word' id='word_1_381' title='bbox 96 2132 226 2162; x_wconf 87' lang='lat' dir='ltr'>videatur,</span> <span class='ocrx_word' id='word_1_382' title='bbox 235 2131 381 2166; x_wconf 84' lang='lat' dir='ltr'>relinquat:</span> <span class='ocrx_word' id='word_1_383' title='bbox 394 2132 471 2157; x_wconf 89' lang='lat' dir='ltr'>etiam</span> <span class='ocrx_word' id='word_1_384' title='bbox 484 2131 568 2158; x_wconf 85' lang='lat' dir='ltr'>filium</span> <span class='ocrx_word' id='word_1_385' title='bbox 580 2140 670 2162; x_wconf 83' lang='lat' dir='ltr'>suum,</span> <span class='ocrx_word' id='word_1_386' title='bbox 683 2131 857 2157; x_wconf 90' lang='lat' dir='ltr'>lectissimum</span> 
     </span>
     <span class='ocr_line' id='line_1_54' title="bbox 63 2168 857 2204; baseline -0.003 -8"><span class='ocrx_word' id='word_1_387' title='bbox 63 2169 270 2200; x_wconf 76' lang='lat' dir='ltr'>adolescentem,</span> <span class='ocrx_word' id='word_1_388' title='bbox 292 2168 360 2196; x_wconf 87' lang='lat' dir='ltr'>foras</span> <span class='ocrx_word' id='word_1_389' title='bbox 375 2168 407 2195; x_wconf 79' lang='lat' dir='ltr'>ad</span> <span class='ocrx_word' id='word_1_390' title='bbox 422 2169 604 2204; x_wconf 90' lang='lat' dir='ltr'>propinquum</span> <span class='ocrx_word' id='word_1_391' title='bbox 618 2177 699 2195; x_wconf 88' lang='lat' dir='ltr'>suum</span> <span class='ocrx_word' id='word_1_392' title='bbox 713 2169 857 2204; x_wconf 82' lang='lat' dir='ltr'>quemdam</span> 
     </span>
     <span class='ocr_line' id='line_1_55' title="bbox 63 2206 859 2234; baseline -0.001 -1"><span class='ocrx_word' id='word_1_393' title='bbox 63 2207 144 2234; x_wconf 89' lang='lat' dir='ltr'>mittit</span> <span class='ocrx_word' id='word_1_394' title='bbox 162 2206 194 2233; x_wconf 93' lang='lat' dir='ltr'>ad</span> <span class='ocrx_word' id='word_1_395' title='bbox 212 2215 330 2233; x_wconf 87' lang='lat' dir='ltr'>caenam.</span> <span class='ocrx_word' id='word_1_396' title='bbox 371 2207 412 2232; x_wconf 83' lang='grc'>66.</span> <span class='ocrx_word' id='word_1_397' title='bbox 435 2206 553 2233; x_wconf 83' lang='lat' dir='ltr'>Rubrius</span> <span class='ocrx_word' id='word_1_398' title='bbox 572 2207 650 2233; x_wconf 88' lang='lat' dir='ltr'>istius</span> <span class='ocrx_word' id='word_1_399' title='bbox 664 2206 774 2232; x_wconf 79' lang='lat' dir='ltr'>comites</span> <span class='ocrx_word' id='word_1_400' title='bbox 787 2207 859 2232; x_wconf 91' lang='lat' dir='ltr'>invi—</span> 
     </span>
     <span class='ocr_line' id='line_1_56' title="bbox 63 2243 859 2279; baseline -0.003 -8"><span class='ocrx_word' id='word_1_401' title='bbox 63 2249 114 2271; x_wconf 80' lang='lat' dir='ltr'>tat:</span> <span class='ocrx_word' id='word_1_402' title='bbox 136 2253 180 2271; x_wconf 90' lang='lat' dir='ltr'>eos</span> <span class='ocrx_word' id='word_1_403' title='bbox 194 2252 286 2270; x_wconf 83' lang='lat' dir='ltr'>omnes</span> <span class='ocrx_word' id='word_1_404' title='bbox 300 2244 393 2271; x_wconf 86' lang='lat' dir='ltr'>Verres</span> <span class='ocrx_word' id='word_1_405' title='bbox 407 2244 531 2270; x_wconf 89' lang='lat' dir='ltr'>certiores</span> <span class='ocrx_word' id='word_1_406' title='bbox 551 2243 624 2275; x_wconf 89' lang='lat' dir='ltr'>fucit,</span> <span class='ocrx_word' id='word_1_407' title='bbox 645 2243 711 2279; x_wconf 92' lang='lat' dir='ltr'>quid</span> <span class='ocrx_word' id='word_1_408' title='bbox 729 2252 798 2278; x_wconf 90' lang='lat' dir='ltr'>opus</span> <span class='ocrx_word' id='word_1_409' title='bbox 816 2252 859 2269; x_wconf 88' lang='lat' dir='ltr'>cs-</span> 
     </span>
     <span class='ocr_line' id='line_1_57' title="bbox 63 2281 859 2308; baseline -0.001 0"><span class='ocrx_word' id='word_1_410' title='bbox 63 2285 112 2308; x_wconf 87' lang='lat' dir='ltr'>set.</span> <span class='ocrx_word' id='word_1_411' title='bbox 153 2282 254 2308; x_wconf 81' lang='lat' dir='ltr'>Mature</span> <span class='ocrx_word' id='word_1_412' title='bbox 268 2281 392 2307; x_wconf 85' lang='lat' dir='ltr'>veniunt:</span> <span class='ocrx_word' id='word_1_413' title='bbox 408 2281 598 2307; x_wconf 86' lang='lat' dir='ltr'>discumbitur.</span> <span class='ocrx_word' id='word_1_414' title='bbox 633 2281 675 2307; x_wconf 87' lang='lat' dir='ltr'>Fit</span> <span class='ocrx_word' id='word_1_415' title='bbox 688 2288 776 2307; x_wconf 86' lang='lat' dir='ltr'>sermo</span> <span class='ocrx_word' id='word_1_416' title='bbox 790 2281 859 2307; x_wconf 90' lang='lat' dir='ltr'>inter</span> 
     </span>
     <span class='ocr_line' id='line_1_58' title="bbox 62 2318 858 2350; baseline -0.003 -4"><span class='ocrx_word' id='word_1_417' title='bbox 62 2327 107 2346; x_wconf 88' lang='lat' dir='ltr'>eos</span> <span class='ocrx_word' id='word_1_418' title='bbox 125 2323 150 2345; x_wconf 91' lang='lat' dir='ltr'>et</span> <span class='ocrx_word' id='word_1_419' title='bbox 168 2319 302 2350; x_wconf 83' lang='lat' dir='ltr'>invitatio,</span> <span class='ocrx_word' id='word_1_420' title='bbox 326 2322 355 2345; x_wconf 87' lang='lat' dir='ltr'>ut</span> <span class='ocrx_word' id='word_1_421' title='bbox 374 2318 474 2344; x_wconf 85' lang='lat' dir='ltr'>Graeco</span> <span class='ocrx_word' id='word_1_422' title='bbox 493 2326 564 2344; x_wconf 88' lang='lat' dir='ltr'>more</span> <span class='ocrx_word' id='word_1_423' title='bbox 582 2318 726 2345; x_wconf 82' lang='lat' dir='ltr'>biberetur.</span> <span class='ocrx_word' id='word_1_424' title='bbox 767 2319 858 2344; x_wconf 85' lang='lat' dir='ltr'>Horta-</span> 
     </span>
     <span class='ocr_line' id='line_1_59' title="bbox 63 2355 858 2391; baseline -0.001 -9"><span class='ocrx_word' id='word_1_425' title='bbox 63 2361 106 2382; x_wconf 89' lang='lat' dir='ltr'>tur</span> <span class='ocrx_word' id='word_1_426' title='bbox 124 2356 235 2391; x_wconf 86' lang='lat' dir='ltr'>hospes:</span> <span class='ocrx_word' id='word_1_427' title='bbox 262 2360 375 2391; x_wconf 89' lang='lat' dir='ltr'>poscunt</span> <span class='ocrx_word' id='word_1_428' title='bbox 398 2355 543 2382; x_wconf 87' lang='lat' dir='ltr'>maioribus</span> <span class='ocrx_word' id='word_1_429' title='bbox 567 2355 684 2390; x_wconf 90' lang='lat' dir='ltr'>poculis:</span> <span class='ocrx_word' id='word_1_430' title='bbox 710 2355 858 2382; x_wconf 85' lang='lat' dir='ltr'>celebratur</span> 
     </span>
     <span class='ocr_line' id='line_1_60' title="bbox 63 2393 858 2427; baseline -0.003 -7"><span class='ocrx_word' id='word_1_431' title='bbox 63 2394 183 2420; x_wconf 92' lang='lat' dir='ltr'>omnium</span> <span class='ocrx_word' id='word_1_432' title='bbox 208 2401 330 2420; x_wconf 87' lang='lat' dir='ltr'>sermone</span> <span class='ocrx_word' id='word_1_433' title='bbox 357 2393 508 2427; x_wconf 81' lang='lat' dir='ltr'>laetitiaque</span> <span class='ocrx_word' id='word_1_434' title='bbox 537 2393 702 2419; x_wconf 90' lang='lat' dir='ltr'>convivium.</span> <span class='ocrx_word' id='word_1_435' title='bbox 753 2393 858 2419; x_wconf 85' lang='lat' dir='ltr'>Postea-</span> 
     </span>
     <span class='ocr_line' id='line_1_61' title="bbox 63 2430 855 2465; baseline -0.003 -8"><span class='ocrx_word' id='word_1_436' title='bbox 63 2439 144 2465; x_wconf 88' lang='lat' dir='ltr'>quam</span> <span class='ocrx_word' id='word_1_437' title='bbox 159 2430 223 2457; x_wconf 84' lang='lat' dir='ltr'>satis</span> <span class='ocrx_word' id='word_1_438' title='bbox 236 2430 321 2457; x_wconf 88' lang='lat' dir='ltr'>calere</span> <span class='ocrx_word' id='word_1_439' title='bbox 333 2439 373 2457; x_wconf 87' lang='lat' dir='ltr'>res</span> <span class='ocrx_word' id='word_1_440' title='bbox 384 2430 484 2456; x_wconf 87' lang='lat' dir='ltr'>Rubrio</span> <span class='ocrx_word' id='word_1_441' title='bbox 495 2430 550 2456; x_wconf 81' lang='lat' dir='ltr'>visa</span> <span class='ocrx_word' id='word_1_442' title='bbox 561 2434 614 2456; x_wconf 83' lang='lat' dir='ltr'>est:</span> <span class='ocrx_word' id='word_1_443' title='bbox 630 2430 741 2461; x_wconf 78' lang='lat' dir='ltr'>Quaeso,</span> <span class='ocrx_word' id='word_1_444' title='bbox 758 2430 855 2464; x_wconf 87' lang='lat' dir='ltr'>inquit,</span> 
     </span>
     <span class='ocr_line' id='line_1_62' title="bbox 63 2467 856 2499; baseline -0.001 -5"><span class='ocrx_word' id='word_1_445' title='bbox 63 2467 230 2499; x_wconf 79' lang='lat' dir='ltr'>Philodame,</span> <span class='ocrx_word' id='word_1_446' title='bbox 250 2476 299 2494; x_wconf 87' lang='lat' dir='ltr'>cur</span> <span class='ocrx_word' id='word_1_447' title='bbox 316 2467 348 2494; x_wconf 85' lang='lat' dir='ltr'>ad</span> <span class='ocrx_word' id='word_1_448' title='bbox 367 2475 414 2494; x_wconf 82' lang='lat' dir='ltr'>nos</span> <span class='ocrx_word' id='word_1_449' title='bbox 434 2467 514 2493; x_wconf 77' lang='lat' dir='ltr'>tiliam</span> <span class='ocrx_word' id='word_1_450' title='bbox 535 2472 606 2493; x_wconf 89' lang='lat' dir='ltr'>tuam</span> <span class='ocrx_word' id='word_1_451' title='bbox 623 2476 672 2493; x_wconf 91' lang='lat' dir='ltr'>non</span> <span class='ocrx_word' id='word_1_452' title='bbox 688 2467 757 2493; x_wconf 90' lang='lat' dir='ltr'>intro</span> <span class='ocrx_word' id='word_1_453' title='bbox 770 2467 856 2493; x_wconf 75' lang='lat' dir='ltr'>vocari</span> 
     </span>
     <span class='ocr_line' id='line_1_63' title="bbox 63 2504 858 2540; baseline -0.001 -9"><span class='ocrx_word' id='word_1_454' title='bbox 63 2504 159 2531; x_wconf 82' lang='lat' dir='ltr'>iubes‘?</span> <span class='ocrx_word' id='word_1_455' title='bbox 178 2505 273 2536; x_wconf 82' lang='lat' dir='ltr'>Homo,</span> <span class='ocrx_word' id='word_1_456' title='bbox 289 2505 336 2540; x_wconf 90' lang='lat' dir='ltr'>qui</span> <span class='ocrx_word' id='word_1_457' title='bbox 351 2509 376 2531; x_wconf 87' lang='lat' dir='ltr'>et</span> <span class='ocrx_word' id='word_1_458' title='bbox 390 2513 495 2531; x_wconf 89' lang='lat' dir='ltr'>summa</span> <span class='ocrx_word' id='word_1_459' title='bbox 509 2505 651 2540; x_wconf 80' lang='lat' dir='ltr'>gravitate,</span> <span class='ocrx_word' id='word_1_460' title='bbox 667 2508 692 2530; x_wconf 81' lang='lat' dir='ltr'>et</span> <span class='ocrx_word' id='word_1_461' title='bbox 705 2504 757 2530; x_wconf 84' lang='lat' dir='ltr'>iam</span> <span class='ocrx_word' id='word_1_462' title='bbox 772 2504 800 2530; x_wconf 91' lang='lat' dir='ltr'>id</span> <span class='ocrx_word' id='word_1_463' title='bbox 814 2513 858 2530; x_wconf 86' lang='lat' dir='ltr'>ac-</span> 
     </span>
     <span class='ocr_line' id='line_1_64' title="bbox 63 2541 856 2577; baseline -0.001 -9"><span class='ocrx_word' id='word_1_464' title='bbox 63 2542 123 2568; x_wconf 85' lang='lat' dir='ltr'>tatis</span> <span class='ocrx_word' id='word_1_465' title='bbox 137 2546 163 2568; x_wconf 90' lang='lat' dir='ltr'>et</span> <span class='ocrx_word' id='word_1_466' title='bbox 176 2550 271 2577; x_wconf 86' lang='lat' dir='ltr'>parens</span> <span class='ocrx_word' id='word_1_467' title='bbox 282 2546 360 2573; x_wconf 80' lang='lat' dir='ltr'>esset,</span> <span class='ocrx_word' id='word_1_468' title='bbox 373 2542 513 2576; x_wconf 88' lang='lat' dir='ltr'>obstupuit</span> <span class='ocrx_word' id='word_1_469' title='bbox 525 2542 639 2568; x_wconf 84' lang='lat' dir='ltr'>hominis</span> <span class='ocrx_word' id='word_1_470' title='bbox 653 2541 765 2575; x_wconf 88' lang='lat' dir='ltr'>improbi</span> <span class='ocrx_word' id='word_1_471' title='bbox 776 2541 856 2567; x_wconf 85' lang='lat' dir='ltr'>dicto.</span> 
     </span>
     <span class='ocr_line' id='line_1_65' title="bbox 63 2578 855 2614; baseline -0.001 -9"><span class='ocrx_word' id='word_1_472' title='bbox 63 2579 163 2605; x_wconf 86' lang='lat' dir='ltr'>Instare</span> <span class='ocrx_word' id='word_1_473' title='bbox 181 2579 308 2606; x_wconf 85' lang='lat' dir='ltr'>Rubrius.</span> <span class='ocrx_word' id='word_1_474' title='bbox 349 2579 417 2606; x_wconf 89' lang='lat' dir='ltr'>Tum</span> <span class='ocrx_word' id='word_1_475' title='bbox 437 2579 495 2610; x_wconf 90' lang='lat' dir='ltr'>ille,</span> <span class='ocrx_word' id='word_1_476' title='bbox 516 2583 545 2606; x_wconf 89' lang='lat' dir='ltr'>ut</span> <span class='ocrx_word' id='word_1_477' title='bbox 559 2578 661 2614; x_wconf 89' lang='lat' dir='ltr'>aliquid</span> <span class='ocrx_word' id='word_1_478' title='bbox 676 2578 855 2613; x_wconf 82' lang='lat' dir='ltr'>responderet,</span> 
     </span>
     <span class='ocr_line' id='line_1_66' title="bbox 64 2616 858 2652; baseline -0.001 -10"><span class='ocrx_word' id='word_1_479' title='bbox 64 2616 170 2652; x_wconf 80' lang='lat' dir='ltr'>negavit</span> <span class='ocrx_word' id='word_1_480' title='bbox 186 2616 268 2643; x_wconf 84' lang='lat' dir='ltr'>moris</span> <span class='ocrx_word' id='word_1_481' title='bbox 286 2624 344 2643; x_wconf 87' lang='lat' dir='ltr'>esse</span> <span class='ocrx_word' id='word_1_482' title='bbox 358 2616 532 2647; x_wconf 77' lang='lat' dir='ltr'>Graecorum=</span> <span class='ocrx_word' id='word_1_483' title='bbox 554 2621 583 2642; x_wconf 91' lang='lat' dir='ltr'>ut</span> <span class='ocrx_word' id='word_1_484' title='bbox 602 2617 627 2642; x_wconf 92' lang='lat' dir='ltr'>in</span> <span class='ocrx_word' id='word_1_485' title='bbox 646 2616 770 2642; x_wconf 89' lang='lat' dir='ltr'>convivio</span> <span class='ocrx_word' id='word_1_486' title='bbox 787 2616 858 2642; x_wconf 80' lang='lat' dir='ltr'>viro-</span> 
     </span>
     <span class='ocr_line' id='line_1_67' title="bbox 63 2653 856 2680; baseline 0 -1"><span class='ocrx_word' id='word_1_487' title='bbox 63 2661 123 2679; x_wconf 88' lang='lat' dir='ltr'>rum</span> <span class='ocrx_word' id='word_1_488' title='bbox 142 2653 327 2680; x_wconf 85' lang='lat' dir='ltr'>accumberent</span> <span class='ocrx_word' id='word_1_489' title='bbox 345 2653 480 2680; x_wconf 80' lang='lat' dir='ltr'>mulieres,</span> <span class='ocrx_word' id='word_1_490' title='bbox 521 2654 568 2680; x_wconf 83' lang='lat' dir='ltr'>llic</span> <span class='ocrx_word' id='word_1_491' title='bbox 587 2658 642 2680; x_wconf 89' lang='lat' dir='ltr'>tum</span> <span class='ocrx_word' id='word_1_492' title='bbox 663 2653 732 2679; x_wconf 78' lang='lat' dir='ltr'>alius</span> <span class='ocrx_word' id='word_1_493' title='bbox 751 2661 783 2679; x_wconf 82' lang='lat' dir='ltr'>ex</span> <span class='ocrx_word' id='word_1_494' title='bbox 807 2653 856 2679; x_wconf 82' lang='lat' dir='ltr'>alia</span> 
     </span>
     <span class='ocr_line' id='line_1_68' title="bbox 63 2690 858 2724; baseline 0 -8"><span class='ocrx_word' id='word_1_495' title='bbox 63 2694 151 2724; x_wconf 85' lang='lat' dir='ltr'>parte:</span> <span class='ocrx_word' id='word_1_496' title='bbox 170 2690 305 2718; x_wconf 82' lang='lat' dir='ltr'>enimvero</span> <span class='ocrx_word' id='word_1_497' title='bbox 320 2690 457 2718; x_wconf 85' lang='lat' dir='ltr'>ferendum</span> <span class='ocrx_word' id='word_1_498' title='bbox 473 2691 522 2718; x_wconf 85' lang='lat' dir='ltr'>hoc</span> <span class='ocrx_word' id='word_1_499' title='bbox 537 2700 587 2718; x_wconf 93' lang='lat' dir='ltr'>non</span> <span class='ocrx_word' id='word_1_500' title='bbox 601 2695 654 2717; x_wconf 86' lang='lat' dir='ltr'>est:</span> <span class='ocrx_word' id='word_1_501' title='bbox 676 2695 784 2717; x_wconf 87' lang='lat' dir='ltr'>vocetur</span> <span class='ocrx_word' id='word_1_502' title='bbox 797 2699 858 2717; x_wconf 86' lang='lat' dir='ltr'>mu—</span> 
     </span>
    </p>
   </div>
   <div class='ocr_carea' id='block_1_7' title="bbox 274 263 883 301">
    <p class='ocr_par' dir='ltr' id='par_1_7' title="bbox 274 263 883 301">
     <span class='ocr_line' id='line_1_69' title="bbox 274 263 883 301; baseline 0 -12"><span class='ocrx_word' id='word_1_503' title='bbox 274 263 389 294; x_wconf 80' lang='lat' dir='ltr'>Accidit,</span> <span class='ocrx_word' id='word_1_504' title='bbox 410 272 495 298; x_wconf 89' lang='lat' dir='ltr'>quum</span> <span class='ocrx_word' id='word_1_505' title='bbox 515 263 563 289; x_wconf 88' lang='lat' dir='ltr'>iste</span> <span class='ocrx_word' id='word_1_506' title='bbox 582 272 595 289; x_wconf 90' lang='lat' dir='ltr'>a</span> <span class='ocrx_word' id='word_1_507' title='bbox 610 264 658 289; x_wconf 91' lang='lat' dir='ltr'>Cn.</span> <span class='ocrx_word' id='word_1_508' title='bbox 674 263 806 290; x_wconf 81' lang='lat' dir='ltr'>Dolabella</span> <span class='ocrx_word' id='word_1_509' title='bbox 821 263 860 289; x_wconf 88' lang='lat' dir='ltr'>ef-</span> <span class='ocrx_word' id='word_1_510' title='bbox 881 296 883 301; x_wconf 33' lang='grc' dir='ltr'>Ι</span> 
     </span>
    </p>
   </div>
   <div class='ocr_carea' id='block_1_8' title="bbox 888 262 892 1275">
    <p class='ocr_par' dir='ltr' id='par_1_8' title="bbox 888 262 892 1275">
     <span class='ocr_line' id='line_1_70' title="bbox 888 262 892 1275; baseline 0 0"><span class='ocrx_word' id='word_1_511' title='bbox 888 262 892 1275; x_wconf 95' lang='lat' dir='ltr'> </span> 
     </span>
    </p>
   </div>
   <div class='ocr_carea' id='block_1_9' title="bbox 880 226 886 2005">
    <p class='ocr_par' dir='ltr' id='par_1_9' title="bbox 880 226 886 2005">
     <span class='ocr_line' id='line_1_71' title="bbox 880 226 886 2005; baseline 0 0"><span class='ocrx_word' id='word_1_512' title='bbox 880 226 886 2005; x_wconf 95' lang='lat' dir='ltr'> </span> 
     </span>
    </p>
   </div>
   <div class='ocr_carea' id='block_1_10' title="bbox 889 1975 1331 2017">
    <p class='ocr_par' dir='ltr' id='par_1_10' title="bbox 889 1975 1331 2017">
     <span class='ocr_line' id='line_1_72' title="bbox 889 1975 1331 2017; baseline 0.002 -9"><span class='ocrx_word' id='word_1_513' title='bbox 889 1975 891 2004; x_wconf 56' lang='lat' dir='ltr'>l</span> <span class='ocrx_word' id='word_1_514' title='bbox 912 1982 1049 2017; x_wconf 85' lang='lat' dir='ltr'>aliquanto</span> <span class='ocrx_word' id='word_1_515' title='bbox 1063 1983 1141 2008; x_wconf 85' lang='lat' dir='ltr'>etiam</span> <span class='ocrx_word' id='word_1_516' title='bbox 1157 1982 1258 2009; x_wconf 82' lang='lat' dir='ltr'>felicior</span> <span class='ocrx_word' id='word_1_517' title='bbox 1273 1983 1331 2009; x_wconf 88' lang='lat' dir='ltr'>fuit.</span> 
     </span>
    </p>
   </div>
   <div class='ocr_carea' id='block_1_11' title="bbox 888 1572 893 2707">
    <p class='ocr_par' dir='ltr' id='par_1_11' title="bbox 888 1572 893 2707">
     <span class='ocr_line' id='line_1_73' title="bbox 888 1572 893 2707; baseline 0 0"><span class='ocrx_word' id='word_1_518' title='bbox 888 1572 893 2707; x_wconf 95' lang='lat' dir='ltr'> </span> 
     </span>
    </p>
   </div>
   <div class='ocr_carea' id='block_1_12' title="bbox 910 155 1708 2054">
    <p class='ocr_par' dir='ltr' id='par_1_12' title="bbox 910 155 1708 2054">
     <span class='ocr_line' id='line_1_74' title="bbox 918 155 1705 184; baseline 0.004 -3"><span class='ocrx_word' id='word_1_519' title='bbox 918 155 1173 182; x_wconf 77' lang='lat' dir='ltr'>LIB.I.CAP.</span> <span class='ocrx_word' id='word_1_520' title='bbox 1206 157 1355 182; x_wconf 66' lang='grc'><strong>21-28.</strong></span> <span class='ocrx_word' id='word_1_521' title='bbox 1656 159 1705 184; x_wconf 72' lang='lat'>253</span> 
     </span>
     <span class='ocr_line' id='line_1_75' title="bbox 913 226 1705 259; baseline 0.003 -7"><span class='ocrx_word' id='word_1_522' title='bbox 913 226 973 259; x_wconf 68' lang='lat' dir='ltr'>lier,</span> <span class='ocrx_word' id='word_1_523' title='bbox 990 230 1015 252; x_wconf 83' lang='lat' dir='ltr'>et</span> <span class='ocrx_word' id='word_1_524' title='bbox 1024 226 1105 253; x_wconf 89' lang='lat' dir='ltr'>simul</span> <span class='ocrx_word' id='word_1_525' title='bbox 1121 227 1206 253; x_wconf 92' lang='lat' dir='ltr'>servis</span> <span class='ocrx_word' id='word_1_526' title='bbox 1220 227 1277 253; x_wconf 86' lang='lat' dir='ltr'>suis</span> <span class='ocrx_word' id='word_1_527' title='bbox 1290 226 1418 257; x_wconf 75' lang='lat' dir='ltr'>Rubrius,</span> <span class='ocrx_word' id='word_1_528' title='bbox 1434 231 1464 253; x_wconf 88' lang='lat' dir='ltr'>ut</span> <span class='ocrx_word' id='word_1_529' title='bbox 1478 227 1583 253; x_wconf 83' lang='lat' dir='ltr'>ianuam</span> <span class='ocrx_word' id='word_1_530' title='bbox 1598 227 1705 254; x_wconf 85' lang='lat' dir='ltr'>claude-</span> 
     </span>
     <span class='ocr_line' id='line_1_76' title="bbox 913 264 1705 299; baseline 0.003 -10"><span class='ocrx_word' id='word_1_531' title='bbox 913 268 977 294; x_wconf 83' lang='lat' dir='ltr'>rent,</span> <span class='ocrx_word' id='word_1_532' title='bbox 995 268 1019 290; x_wconf 89' lang='lat' dir='ltr'>et</span> <span class='ocrx_word' id='word_1_533' title='bbox 1033 264 1085 298; x_wconf 90' lang='lat' dir='ltr'>ipsi</span> <span class='ocrx_word' id='word_1_534' title='bbox 1100 264 1131 290; x_wconf 89' lang='lat' dir='ltr'>ad</span> <span class='ocrx_word' id='word_1_535' title='bbox 1147 264 1214 290; x_wconf 85' lang='lat' dir='ltr'>fores</span> <span class='ocrx_word' id='word_1_536' title='bbox 1229 265 1389 295; x_wconf 85' lang='lat' dir='ltr'>assisterent,</span> <span class='ocrx_word' id='word_1_537' title='bbox 1405 264 1526 299; x_wconf 88' lang='lat' dir='ltr'>imperat.</span> <span class='ocrx_word' id='word_1_538' title='bbox 1566 266 1607 290; x_wconf 87' lang='grc'>67.</span> <span class='ocrx_word' id='word_1_539' title='bbox 1629 265 1705 297; x_wconf 82' lang='lat' dir='ltr'>Quod</span> 
     </span>
     <span class='ocr_line' id='line_1_77' title="bbox 911 301 1707 337; baseline 0.001 -11"><span class='ocrx_word' id='word_1_540' title='bbox 911 301 959 327; x_wconf 89' lang='lat' dir='ltr'>ubi</span> <span class='ocrx_word' id='word_1_541' title='bbox 974 301 1018 327; x_wconf 87' lang='lat' dir='ltr'>ille</span> <span class='ocrx_word' id='word_1_542' title='bbox 1032 301 1170 333; x_wconf 84' lang='lat' dir='ltr'>intellexit,</span> <span class='ocrx_word' id='word_1_543' title='bbox 1186 302 1214 327; x_wconf 94' lang='lat' dir='ltr'>id</span> <span class='ocrx_word' id='word_1_544' title='bbox 1228 302 1270 337; x_wconf 80' lang='lat' dir='ltr'>agi</span> <span class='ocrx_word' id='word_1_545' title='bbox 1282 306 1360 336; x_wconf 90' lang='lat' dir='ltr'>atque</span> <span class='ocrx_word' id='word_1_546' title='bbox 1372 301 1399 327; x_wconf 87' lang='lat' dir='ltr'>id</span> <span class='ocrx_word' id='word_1_547' title='bbox 1410 302 1504 336; x_wconf 88' lang='lat' dir='ltr'>parari,</span> <span class='ocrx_word' id='word_1_548' title='bbox 1521 306 1551 328; x_wconf 92' lang='lat' dir='ltr'>ut</span> <span class='ocrx_word' id='word_1_549' title='bbox 1564 301 1633 328; x_wconf 84' lang='lat' dir='ltr'>filiae</span> <span class='ocrx_word' id='word_1_550' title='bbox 1643 311 1707 328; x_wconf 84' lang='lat' dir='ltr'>suae</span> 
     </span>
     <span class='ocr_line' id='line_1_78' title="bbox 912 338 1704 374; baseline 0.003 -11"><span class='ocrx_word' id='word_1_551' title='bbox 912 339 953 364; x_wconf 86' lang='lat' dir='ltr'>vis</span> <span class='ocrx_word' id='word_1_552' title='bbox 968 338 1117 365; x_wconf 81' lang='lat' dir='ltr'>afferretur:</span> <span class='ocrx_word' id='word_1_553' title='bbox 1140 348 1230 365; x_wconf 88' lang='lat' dir='ltr'>servos</span> <span class='ocrx_word' id='word_1_554' title='bbox 1245 348 1308 365; x_wconf 82' lang='lat' dir='ltr'>suos</span> <span class='ocrx_word' id='word_1_555' title='bbox 1323 339 1354 364; x_wconf 90' lang='lat' dir='ltr'>ad</span> <span class='ocrx_word' id='word_1_556' title='bbox 1369 347 1396 364; x_wconf 82' lang='lat' dir='ltr'>se</span> <span class='ocrx_word' id='word_1_557' title='bbox 1412 343 1499 365; x_wconf 82' lang='lat' dir='ltr'>vocat:</span> <span class='ocrx_word' id='word_1_558' title='bbox 1523 338 1565 365; x_wconf 89' lang='lat' dir='ltr'>his</span> <span class='ocrx_word' id='word_1_559' title='bbox 1583 340 1704 374; x_wconf 88' lang='lat' dir='ltr'>imperat,</span> 
     </span>
     <span class='ocr_line' id='line_1_79' title="bbox 913 375 1707 411; baseline 0.001 -10"><span class='ocrx_word' id='word_1_560' title='bbox 913 380 942 401; x_wconf 91' lang='lat' dir='ltr'>ut</span> <span class='ocrx_word' id='word_1_561' title='bbox 956 384 984 401; x_wconf 87' lang='lat' dir='ltr'>se</span> <span class='ocrx_word' id='word_1_562' title='bbox 998 376 1088 410; x_wconf 90' lang='lat' dir='ltr'>ipsum</span> <span class='ocrx_word' id='word_1_563' title='bbox 1103 376 1249 411; x_wconf 73' lang='lat' dir='ltr'>negligant,</span> <span class='ocrx_word' id='word_1_564' title='bbox 1266 376 1347 402; x_wconf 83' lang='lat' dir='ltr'>filiam</span> <span class='ocrx_word' id='word_1_565' title='bbox 1359 375 1509 407; x_wconf 83' lang='lat' dir='ltr'>defendant,</span> <span class='ocrx_word' id='word_1_566' title='bbox 1526 382 1647 402; x_wconf 81' lang='lat' dir='ltr'>excurrat</span> <span class='ocrx_word' id='word_1_567' title='bbox 1658 377 1707 402; x_wconf 86' lang='lat' dir='ltr'>ali-</span> 
     </span>
     <span class='ocr_line' id='line_1_80' title="bbox 912 413 1705 447; baseline 0.003 -9"><span class='ocrx_word' id='word_1_568' title='bbox 912 413 983 447; x_wconf 84' lang='lat' dir='ltr'>quis,</span> <span class='ocrx_word' id='word_1_569' title='bbox 1000 414 1047 447; x_wconf 94' lang='lat' dir='ltr'>qui</span> <span class='ocrx_word' id='word_1_570' title='bbox 1062 413 1110 439; x_wconf 88' lang='lat' dir='ltr'>hoc</span> <span class='ocrx_word' id='word_1_571' title='bbox 1125 418 1227 439; x_wconf 89' lang='lat' dir='ltr'>tantum</span> <span class='ocrx_word' id='word_1_572' title='bbox 1241 413 1379 439; x_wconf 89' lang='lat' dir='ltr'>domestici</span> <span class='ocrx_word' id='word_1_573' title='bbox 1394 413 1456 439; x_wconf 87' lang='lat' dir='ltr'>mali</span> <span class='ocrx_word' id='word_1_574' title='bbox 1468 413 1521 440; x_wconf 85' lang='lat' dir='ltr'>filio</span> <span class='ocrx_word' id='word_1_575' title='bbox 1531 422 1580 440; x_wconf 89' lang='lat' dir='ltr'>suo</span> <span class='ocrx_word' id='word_1_576' title='bbox 1591 415 1705 440; x_wconf 86' lang='lat' dir='ltr'>nuntiet.</span> 
     </span>
     <span class='ocr_line' id='line_1_81' title="bbox 913 450 1708 486; baseline 0.003 -11"><span class='ocrx_word' id='word_1_577' title='bbox 913 450 1017 476; x_wconf 87' lang='lat' dir='ltr'>Clamor</span> <span class='ocrx_word' id='word_1_578' title='bbox 1030 450 1129 476; x_wconf 86' lang='lat' dir='ltr'>interea</span> <span class='ocrx_word' id='word_1_579' title='bbox 1144 451 1171 476; x_wconf 80' lang='lat' dir='ltr'>fit</span> <span class='ocrx_word' id='word_1_580' title='bbox 1186 455 1237 477; x_wconf 89' lang='lat' dir='ltr'>tota</span> <span class='ocrx_word' id='word_1_581' title='bbox 1251 450 1342 481; x_wconf 86' lang='lat' dir='ltr'>domo,</span> <span class='ocrx_word' id='word_1_582' title='bbox 1364 459 1453 486; x_wconf 78' lang='lat' dir='ltr'>pugna</span> <span class='ocrx_word' id='word_1_583' title='bbox 1467 451 1535 477; x_wconf 89' lang='lat' dir='ltr'>inter</span> <span class='ocrx_word' id='word_1_584' title='bbox 1548 460 1638 477; x_wconf 84' lang='lat' dir='ltr'>servos</span> <span class='ocrx_word' id='word_1_585' title='bbox 1652 452 1708 477; x_wconf 88' lang='lat' dir='ltr'>Ru-</span> 
     </span>
     <span class='ocr_line' id='line_1_82' title="bbox 912 487 1704 523; baseline 0.001 -10"><span class='ocrx_word' id='word_1_586' title='bbox 912 487 962 513; x_wconf 86' lang='lat' dir='ltr'>brii</span> <span class='ocrx_word' id='word_1_587' title='bbox 982 492 1060 522; x_wconf 87' lang='lat' dir='ltr'>atque</span> <span class='ocrx_word' id='word_1_588' title='bbox 1079 487 1202 522; x_wconf 89' lang='lat' dir='ltr'>hospitis.</span> <span class='ocrx_word' id='word_1_589' title='bbox 1244 489 1356 514; x_wconf 84' lang='lat' dir='ltr'>Iactatur</span> <span class='ocrx_word' id='word_1_590' title='bbox 1373 488 1445 514; x_wconf 91' lang='lat' dir='ltr'>domi</span> <span class='ocrx_word' id='word_1_591' title='bbox 1460 497 1523 515; x_wconf 92' lang='lat' dir='ltr'>suae</span> <span class='ocrx_word' id='word_1_592' title='bbox 1537 489 1578 515; x_wconf 92' lang='lat' dir='ltr'>vir</span> <span class='ocrx_word' id='word_1_593' title='bbox 1592 489 1704 523; x_wconf 86' lang='lat' dir='ltr'>primus,</span> 
     </span>
     <span class='ocr_line' id='line_1_83' title="bbox 912 524 1704 560; baseline 0.003 -10"><span class='ocrx_word' id='word_1_594' title='bbox 912 529 937 550; x_wconf 85' lang='lat' dir='ltr'>et</span> <span class='ocrx_word' id='word_1_595' title='bbox 951 524 1029 550; x_wconf 87' lang='lat' dir='ltr'>homo</span> <span class='ocrx_word' id='word_1_596' title='bbox 1043 525 1263 551; x_wconf 86' lang='lat' dir='ltr'>honestissimus:</span> <span class='ocrx_word' id='word_1_597' title='bbox 1280 534 1326 559; x_wconf 87' lang='lat' dir='ltr'>pro</span> <span class='ocrx_word' id='word_1_598' title='bbox 1341 534 1368 551; x_wconf 89' lang='lat' dir='ltr'>se</span> <span class='ocrx_word' id='word_1_599' title='bbox 1382 526 1498 560; x_wconf 87' lang='lat' dir='ltr'>quisque</span> <span class='ocrx_word' id='word_1_600' title='bbox 1512 534 1607 552; x_wconf 88' lang='lat' dir='ltr'>manus</span> <span class='ocrx_word' id='word_1_601' title='bbox 1618 525 1704 552; x_wconf 78' lang='lat' dir='ltr'>affert:</span> 
     </span>
     <span class='ocr_line' id='line_1_84' title="bbox 913 561 1708 598; baseline 0.003 -11"><span class='ocrx_word' id='word_1_602' title='bbox 913 570 980 596; x_wconf 88' lang='lat' dir='ltr'>aqua</span> <span class='ocrx_word' id='word_1_603' title='bbox 995 561 1110 596; x_wconf 83' lang='lat' dir='ltr'>denique</span> <span class='ocrx_word' id='word_1_604' title='bbox 1125 562 1236 588; x_wconf 85' lang='lat' dir='ltr'>ferventi</span> <span class='ocrx_word' id='word_1_605' title='bbox 1251 571 1264 587; x_wconf 88' lang='lat' dir='ltr'>a</span> <span class='ocrx_word' id='word_1_606' title='bbox 1277 562 1375 589; x_wconf 88' lang='lat' dir='ltr'>Rubrio</span> <span class='ocrx_word' id='word_1_607' title='bbox 1388 564 1447 597; x_wconf 87' lang='lat' dir='ltr'>ipso</span> <span class='ocrx_word' id='word_1_608' title='bbox 1460 563 1633 590; x_wconf 82' lang='lat' dir='ltr'>Philodamus</span> <span class='ocrx_word' id='word_1_609' title='bbox 1647 572 1708 598; x_wconf 88' lang='lat' dir='ltr'>per-</span> 
     </span>
     <span class='ocr_line' id='line_1_85' title="bbox 913 598 1708 627; baseline 0.003 -3"><span class='ocrx_word' id='word_1_610' title='bbox 913 598 1043 624; x_wconf 86' lang='lat' dir='ltr'>funditur.</span> <span class='ocrx_word' id='word_1_611' title='bbox 1084 599 1152 625; x_wconf 82' lang='lat' dir='ltr'>Haec</span> <span class='ocrx_word' id='word_1_612' title='bbox 1170 599 1215 625; x_wconf 88' lang='lat' dir='ltr'>ubi</span> <span class='ocrx_word' id='word_1_613' title='bbox 1236 599 1290 625; x_wconf 83' lang='lat' dir='ltr'>filio</span> <span class='ocrx_word' id='word_1_614' title='bbox 1308 600 1426 626; x_wconf 86' lang='lat' dir='ltr'>nuntiata</span> <span class='ocrx_word' id='word_1_615' title='bbox 1441 605 1516 627; x_wconf 87' lang='lat' dir='ltr'>sunt:</span> <span class='ocrx_word' id='word_1_616' title='bbox 1542 601 1630 626; x_wconf 88' lang='lat' dir='ltr'>statim</span> <span class='ocrx_word' id='word_1_617' title='bbox 1645 609 1708 626; x_wconf 77' lang='lat' dir='ltr'>exa-</span> 
     </span>
     <span class='ocr_line' id='line_1_86' title="bbox 913 635 1708 672; baseline 0.004 -11"><span class='ocrx_word' id='word_1_618' title='bbox 913 636 1029 662; x_wconf 87' lang='lat' dir='ltr'>nimatus</span> <span class='ocrx_word' id='word_1_619' title='bbox 1043 635 1076 661; x_wconf 88' lang='lat' dir='ltr'>ad</span> <span class='ocrx_word' id='word_1_620' title='bbox 1089 636 1167 662; x_wconf 86' lang='lat' dir='ltr'>aedes</span> <span class='ocrx_word' id='word_1_621' title='bbox 1181 637 1328 667; x_wconf 87' lang='lat' dir='ltr'>contendit,</span> <span class='ocrx_word' id='word_1_622' title='bbox 1349 642 1378 663; x_wconf 92' lang='lat' dir='ltr'>ut</span> <span class='ocrx_word' id='word_1_623' title='bbox 1396 642 1421 663; x_wconf 89' lang='lat' dir='ltr'>et</span> <span class='ocrx_word' id='word_1_624' title='bbox 1439 638 1508 663; x_wconf 73' lang='lat' dir='ltr'>vitae</span> <span class='ocrx_word' id='word_1_625' title='bbox 1522 639 1603 672; x_wconf 88' lang='lat' dir='ltr'>patris</span> <span class='ocrx_word' id='word_1_626' title='bbox 1618 642 1643 664; x_wconf 92' lang='lat' dir='ltr'>et</span> <span class='ocrx_word' id='word_1_627' title='bbox 1657 646 1708 672; x_wconf 90' lang='lat' dir='ltr'>pu-</span> 
     </span>
     <span class='ocr_line' id='line_1_87' title="bbox 912 673 1708 701; baseline 0.004 -3"><span class='ocrx_word' id='word_1_628' title='bbox 912 673 1017 699; x_wconf 85' lang='lat' dir='ltr'>dicitiae</span> <span class='ocrx_word' id='word_1_629' title='bbox 1040 674 1136 699; x_wconf 89' lang='lat' dir='ltr'>sororis</span> <span class='ocrx_word' id='word_1_630' title='bbox 1159 678 1333 700; x_wconf 86' lang='lat' dir='ltr'>succurreret.</span> <span class='ocrx_word' id='word_1_631' title='bbox 1375 674 1473 700; x_wconf 83' lang='lat' dir='ltr'>Omnes</span> <span class='ocrx_word' id='word_1_632' title='bbox 1500 675 1592 701; x_wconf 89' lang='lat' dir='ltr'>eodem</span> <span class='ocrx_word' id='word_1_633' title='bbox 1619 676 1708 701; x_wconf 85' lang='lat' dir='ltr'>animo</span> 
     </span>
     <span class='ocr_line' id='line_1_88' title="bbox 912 710 1707 746; baseline 0.004 -11"><span class='ocrx_word' id='word_1_634' title='bbox 912 710 1098 744; x_wconf 80' lang='lat' dir='ltr'>Lampsaceni,</span> <span class='ocrx_word' id='word_1_635' title='bbox 1115 710 1196 736; x_wconf 88' lang='lat' dir='ltr'>simul</span> <span class='ocrx_word' id='word_1_636' title='bbox 1212 716 1240 737; x_wconf 89' lang='lat' dir='ltr'>ut</span> <span class='ocrx_word' id='word_1_637' title='bbox 1255 711 1303 737; x_wconf 90' lang='lat' dir='ltr'>hoc</span> <span class='ocrx_word' id='word_1_638' title='bbox 1317 711 1488 741; x_wconf 75' lang='lat' dir='ltr'>audiverunt,</span> <span class='ocrx_word' id='word_1_639' title='bbox 1505 712 1577 746; x_wconf 88' lang='lat' dir='ltr'>quod</span> <span class='ocrx_word' id='word_1_640' title='bbox 1591 721 1635 738; x_wconf 88' lang='lat' dir='ltr'>eos</span> <span class='ocrx_word' id='word_1_641' title='bbox 1650 717 1707 738; x_wconf 91' lang='lat' dir='ltr'>tum</span> 
     </span>
     <span class='ocr_line' id='line_1_89' title="bbox 911 747 1704 784; baseline 0.004 -12"><span class='ocrx_word' id='word_1_642' title='bbox 911 747 1061 773; x_wconf 89' lang='lat' dir='ltr'>Philodami</span> <span class='ocrx_word' id='word_1_643' title='bbox 1071 747 1196 783; x_wconf 81' lang='lat' dir='ltr'>dignitas,</span> <span class='ocrx_word' id='word_1_644' title='bbox 1213 752 1270 774; x_wconf 91' lang='lat' dir='ltr'>tum</span> <span class='ocrx_word' id='word_1_645' title='bbox 1284 748 1397 774; x_wconf 90' lang='lat' dir='ltr'>iniuriae</span> <span class='ocrx_word' id='word_1_646' title='bbox 1408 749 1562 784; x_wconf 76' lang='lat' dir='ltr'>magnitudo</span> <span class='ocrx_word' id='word_1_647' title='bbox 1573 750 1704 780; x_wconf 81' lang='lat' dir='ltr'>movebat,</span> 
     </span>
     <span class='ocr_line' id='line_1_90' title="bbox 912 784 1707 813; baseline 0.004 -3"><span class='ocrx_word' id='word_1_648' title='bbox 912 784 945 810; x_wconf 90' lang='lat' dir='ltr'>ad</span> <span class='ocrx_word' id='word_1_649' title='bbox 964 784 1041 810; x_wconf 88' lang='lat' dir='ltr'>aedes</span> <span class='ocrx_word' id='word_1_650' title='bbox 1060 790 1139 811; x_wconf 91' lang='lat' dir='ltr'>noctu</span> <span class='ocrx_word' id='word_1_651' title='bbox 1157 790 1348 811; x_wconf 89' lang='lat' dir='ltr'>convenerunt.</span> <span class='ocrx_word' id='word_1_652' title='bbox 1389 786 1436 811; x_wconf 87' lang='lat' dir='ltr'>Hic</span> <span class='ocrx_word' id='word_1_653' title='bbox 1456 786 1529 812; x_wconf 88' lang='lat' dir='ltr'>lictor</span> <span class='ocrx_word' id='word_1_654' title='bbox 1546 787 1624 812; x_wconf 90' lang='lat' dir='ltr'>istius</span> <span class='ocrx_word' id='word_1_655' title='bbox 1644 786 1707 813; x_wconf 89' lang='lat' dir='ltr'>Cor-</span> 
     </span>
     <span class='ocr_line' id='line_1_91' title="bbox 912 821 1706 858; baseline 0.003 -11"><span class='ocrx_word' id='word_1_656' title='bbox 912 821 1012 852; x_wconf 78' lang='lat' dir='ltr'>nelius,</span> <span class='ocrx_word' id='word_1_657' title='bbox 1033 822 1080 857; x_wconf 89' lang='lat' dir='ltr'>qui</span> <span class='ocrx_word' id='word_1_658' title='bbox 1099 831 1160 848; x_wconf 91' lang='lat' dir='ltr'>cum</span> <span class='ocrx_word' id='word_1_659' title='bbox 1179 823 1237 848; x_wconf 91' lang='lat' dir='ltr'>eius</span> <span class='ocrx_word' id='word_1_660' title='bbox 1257 823 1342 849; x_wconf 88' lang='lat' dir='ltr'>servis</span> <span class='ocrx_word' id='word_1_661' title='bbox 1361 828 1415 849; x_wconf 87' lang='lat' dir='ltr'>erat</span> <span class='ocrx_word' id='word_1_662' title='bbox 1433 832 1445 849; x_wconf 86' lang='lat' dir='ltr'>a</span> <span class='ocrx_word' id='word_1_663' title='bbox 1464 823 1565 849; x_wconf 87' lang='lat' dir='ltr'>Rubrio</span> <span class='ocrx_word' id='word_1_664' title='bbox 1583 825 1659 858; x_wconf 88' lang='lat' dir='ltr'>quasi</span> <span class='ocrx_word' id='word_1_665' title='bbox 1678 825 1706 850; x_wconf 88' lang='lat' dir='ltr'>in</span> 
     </span>
     <span class='ocr_line' id='line_1_92' title="bbox 913 859 1707 894; baseline 0.001 -9"><span class='ocrx_word' id='word_1_666' title='bbox 913 859 1044 894; x_wconf 83' lang='lat' dir='ltr'>praesidio</span> <span class='ocrx_word' id='word_1_667' title='bbox 1062 859 1094 885; x_wconf 89' lang='lat' dir='ltr'>ad</span> <span class='ocrx_word' id='word_1_668' title='bbox 1113 859 1283 886; x_wconf 81' lang='lat' dir='ltr'>auferendam</span> <span class='ocrx_word' id='word_1_669' title='bbox 1303 860 1442 886; x_wconf 89' lang='lat' dir='ltr'>mulierem</span> <span class='ocrx_word' id='word_1_670' title='bbox 1461 860 1617 891; x_wconf 85' lang='lat' dir='ltr'>collocatus,</span> <span class='ocrx_word' id='word_1_671' title='bbox 1638 862 1707 886; x_wconf 89' lang='lat' dir='ltr'>occi-</span> 
     </span>
     <span class='ocr_line' id='line_1_93' title="bbox 911 897 1706 932; baseline 0.001 -10"><span class='ocrx_word' id='word_1_672' title='bbox 911 897 997 928; x_wconf 92' lang='lat' dir='ltr'>ditur,</span> <span class='ocrx_word' id='word_1_673' title='bbox 1021 897 1093 923; x_wconf 89' lang='lat' dir='ltr'>servi</span> <span class='ocrx_word' id='word_1_674' title='bbox 1112 897 1234 923; x_wconf 90' lang='lat' dir='ltr'>nonnulli</span> <span class='ocrx_word' id='word_1_675' title='bbox 1252 897 1440 924; x_wconf 89' lang='lat' dir='ltr'>vulnerantur:</span> <span class='ocrx_word' id='word_1_676' title='bbox 1467 898 1524 932; x_wconf 88' lang='lat' dir='ltr'>ipse</span> <span class='ocrx_word' id='word_1_677' title='bbox 1542 898 1660 924; x_wconf 85' lang='lat' dir='ltr'>Rubrius</span> <span class='ocrx_word' id='word_1_678' title='bbox 1678 899 1706 924; x_wconf 90' lang='lat' dir='ltr'>in</span> 
     </span>
     <span class='ocr_line' id='line_1_94' title="bbox 911 934 1707 970; baseline 0.001 -10"><span class='ocrx_word' id='word_1_679' title='bbox 911 934 989 960; x_wconf 87' lang='lat' dir='ltr'>turba</span> <span class='ocrx_word' id='word_1_680' title='bbox 1008 934 1151 960; x_wconf 90' lang='lat' dir='ltr'>sauciatur.</span> <span class='ocrx_word' id='word_1_681' title='bbox 1192 935 1257 966; x_wconf 89' lang='lat' dir='ltr'>Iste,</span> <span class='ocrx_word' id='word_1_682' title='bbox 1278 935 1325 970; x_wconf 93' lang='lat' dir='ltr'>qui</span> <span class='ocrx_word' id='word_1_683' title='bbox 1344 944 1392 961; x_wconf 89' lang='lat' dir='ltr'>sua</span> <span class='ocrx_word' id='word_1_684' title='bbox 1406 936 1550 970; x_wconf 89' lang='lat' dir='ltr'>cupiditate</span> <span class='ocrx_word' id='word_1_685' title='bbox 1565 940 1649 961; x_wconf 90' lang='lat' dir='ltr'>tantos</span> <span class='ocrx_word' id='word_1_686' title='bbox 1665 940 1707 961; x_wconf 93' lang='lat' dir='ltr'>tu—</span> 
     </span>
     <span class='ocr_line' id='line_1_95' title="bbox 912 971 1706 1008; baseline 0.001 -11"><span class='ocrx_word' id='word_1_687' title='bbox 912 971 1014 997; x_wconf 91' lang='lat' dir='ltr'>multus</span> <span class='ocrx_word' id='word_1_688' title='bbox 1032 972 1174 998; x_wconf 91' lang='lat' dir='ltr'>concitatos</span> <span class='ocrx_word' id='word_1_689' title='bbox 1189 972 1303 1004; x_wconf 89' lang='lat' dir='ltr'>videret,</span> <span class='ocrx_word' id='word_1_690' title='bbox 1324 981 1421 1007; x_wconf 83' lang='lat' dir='ltr'>cupere</span> <span class='ocrx_word' id='word_1_691' title='bbox 1439 972 1527 1008; x_wconf 87' lang='lat' dir='ltr'>aliqua</span> <span class='ocrx_word' id='word_1_692' title='bbox 1547 972 1663 1003; x_wconf 82' lang='lat' dir='ltr'>evolare,</span> <span class='ocrx_word' id='word_1_693' title='bbox 1684 973 1706 998; x_wconf 92' lang='lat' dir='ltr'>si</span> 
     </span>
     <span class='ocr_line' id='line_1_96' title="bbox 911 1009 1708 1044; baseline 0.001 -9"><span class='ocrx_word' id='word_1_694' title='bbox 911 1013 1011 1044; x_wconf 89' lang='lat' dir='ltr'>posset.</span> <span class='ocrx_word' id='word_1_695' title='bbox 1045 1009 1153 1035; x_wconf 85' lang='lat' dir='ltr'>XXVII.</span> <span class='ocrx_word' id='word_1_696' title='bbox 1170 1011 1211 1036; x_wconf 83' lang='lat'>68.</span> <span class='ocrx_word' id='word_1_697' title='bbox 1233 1010 1363 1036; x_wconf 85' lang='lat' dir='ltr'>Postridie</span> <span class='ocrx_word' id='word_1_698' title='bbox 1377 1019 1453 1036; x_wconf 90' lang='lat' dir='ltr'>mane</span> <span class='ocrx_word' id='word_1_699' title='bbox 1469 1010 1589 1036; x_wconf 87' lang='lat' dir='ltr'>homines</span> <span class='ocrx_word' id='word_1_700' title='bbox 1603 1011 1630 1036; x_wconf 94' lang='lat' dir='ltr'>in</span> <span class='ocrx_word' id='word_1_701' title='bbox 1644 1018 1708 1036; x_wconf 85' lang='lat' dir='ltr'>con-</span> 
     </span>
     <span class='ocr_line' id='line_1_97' title="bbox 911 1047 1704 1082; baseline 0.001 -10"><span class='ocrx_word' id='word_1_702' title='bbox 911 1047 1014 1072; x_wconf 85' lang='lat' dir='ltr'>cionem</span> <span class='ocrx_word' id='word_1_703' title='bbox 1029 1047 1154 1073; x_wconf 88' lang='lat' dir='ltr'>veniunt:</span> <span class='ocrx_word' id='word_1_704' title='bbox 1177 1052 1322 1082; x_wconf 88' lang='lat' dir='ltr'>quaerunt,</span> <span class='ocrx_word' id='word_1_705' title='bbox 1343 1047 1409 1082; x_wconf 90' lang='lat' dir='ltr'>quid</span> <span class='ocrx_word' id='word_1_706' title='bbox 1427 1048 1557 1082; x_wconf 90' lang='lat' dir='ltr'>optimum</span> <span class='ocrx_word' id='word_1_707' title='bbox 1573 1047 1642 1073; x_wconf 83' lang='lat' dir='ltr'>factu</span> <span class='ocrx_word' id='word_1_708' title='bbox 1657 1048 1704 1074; x_wconf 91' lang='lat' dir='ltr'>sit:</span> 
     </span>
     <span class='ocr_line' id='line_1_98' title="bbox 912 1084 1708 1120; baseline 0.001 -10"><span class='ocrx_word' id='word_1_709' title='bbox 912 1092 959 1119; x_wconf 89' lang='lat' dir='ltr'>pro</span> <span class='ocrx_word' id='word_1_710' title='bbox 973 1092 1001 1110; x_wconf 90' lang='lat' dir='ltr'>se</span> <span class='ocrx_word' id='word_1_711' title='bbox 1014 1084 1144 1119; x_wconf 81' lang='lat' dir='ltr'>quisque,</span> <span class='ocrx_word' id='word_1_712' title='bbox 1165 1089 1195 1111; x_wconf 90' lang='lat' dir='ltr'>ut</span> <span class='ocrx_word' id='word_1_713' title='bbox 1212 1085 1240 1111; x_wconf 89' lang='lat' dir='ltr'>in</span> <span class='ocrx_word' id='word_1_714' title='bbox 1258 1093 1365 1120; x_wconf 91' lang='lat' dir='ltr'>quoque</span> <span class='ocrx_word' id='word_1_715' title='bbox 1379 1089 1433 1111; x_wconf 89' lang='lat' dir='ltr'>erat</span> <span class='ocrx_word' id='word_1_716' title='bbox 1447 1086 1607 1111; x_wconf 82' lang='lat' dir='ltr'>auctoritatis</span> <span class='ocrx_word' id='word_1_717' title='bbox 1622 1084 1708 1120; x_wconf 88' lang='lat' dir='ltr'>pluri-</span> 
     </span>
     <span class='ocr_line' id='line_1_99' title="bbox 911 1121 1705 1158; baseline 0.001 -11"><span class='ocrx_word' id='word_1_718' title='bbox 911 1130 1000 1153; x_wconf 86' lang='lat' dir='ltr'>mum,</span> <span class='ocrx_word' id='word_1_719' title='bbox 1022 1122 1055 1148; x_wconf 89' lang='lat' dir='ltr'>ad</span> <span class='ocrx_word' id='word_1_720' title='bbox 1073 1121 1205 1157; x_wconf 91' lang='lat' dir='ltr'>populum</span> <span class='ocrx_word' id='word_1_721' title='bbox 1224 1122 1394 1158; x_wconf 88' lang='lat' dir='ltr'>loquebatur:</span> <span class='ocrx_word' id='word_1_722' title='bbox 1417 1123 1542 1148; x_wconf 86' lang='lat' dir='ltr'>inventus</span> <span class='ocrx_word' id='word_1_723' title='bbox 1562 1127 1601 1148; x_wconf 89' lang='lat' dir='ltr'>est</span> <span class='ocrx_word' id='word_1_724' title='bbox 1619 1131 1705 1153; x_wconf 87' lang='lat' dir='ltr'>nemo,</span> 
     </span>
     <span class='ocr_line' id='line_1_100' title="bbox 911 1159 1707 1186; baseline 0 -1"><span class='ocrx_word' id='word_1_725' title='bbox 911 1160 989 1185; x_wconf 92' lang='lat' dir='ltr'>cuius</span> <span class='ocrx_word' id='word_1_726' title='bbox 1004 1168 1056 1186; x_wconf 92' lang='lat' dir='ltr'>non</span> <span class='ocrx_word' id='word_1_727' title='bbox 1070 1159 1134 1186; x_wconf 89' lang='lat' dir='ltr'>haec</span> <span class='ocrx_word' id='word_1_728' title='bbox 1148 1164 1173 1186; x_wconf 87' lang='lat' dir='ltr'>et</span> <span class='ocrx_word' id='word_1_729' title='bbox 1186 1161 1316 1186; x_wconf 86' lang='lat' dir='ltr'>sententia</span> <span class='ocrx_word' id='word_1_730' title='bbox 1331 1164 1401 1186; x_wconf 88' lang='lat' dir='ltr'>esset</span> <span class='ocrx_word' id='word_1_731' title='bbox 1418 1164 1443 1186; x_wconf 88' lang='lat' dir='ltr'>et</span> <span class='ocrx_word' id='word_1_732' title='bbox 1461 1160 1556 1186; x_wconf 84' lang='lat' dir='ltr'>oratio:</span> <span class='ocrx_word' id='word_1_733' title='bbox 1586 1160 1642 1186; x_wconf 81' lang='lat' dir='ltr'>Non</span> <span class='ocrx_word' id='word_1_734' title='bbox 1656 1168 1707 1185; x_wconf 78' lang='lat' dir='ltr'>esse</span> 
     </span>
     <span class='ocr_line' id='line_1_101' title="bbox 911 1198 1708 1232; baseline 0 -10"><span class='ocrx_word' id='word_1_735' title='bbox 911 1199 1083 1227; x_wconf 80' lang='lat' dir='ltr'>metuendum,</span> <span class='ocrx_word' id='word_1_736' title='bbox 1102 1200 1126 1223; x_wconf 85' lang='lat' dir='ltr'>si</span> <span class='ocrx_word' id='word_1_737' title='bbox 1143 1200 1218 1224; x_wconf 79' lang='lat' dir='ltr'>istius</span> <span class='ocrx_word' id='word_1_738' title='bbox 1235 1200 1363 1232; x_wconf 76' lang='lat' dir='ltr'>nefariam</span> <span class='ocrx_word' id='word_1_739' title='bbox 1379 1199 1462 1224; x_wconf 79' lang='lat' dir='ltr'>scelus</span> <span class='ocrx_word' id='word_1_740' title='bbox 1477 1198 1642 1231; x_wconf 74' lang='lat' dir='ltr'>Lampsaceni</span> <span class='ocrx_word' id='word_1_741' title='bbox 1659 1198 1708 1223; x_wconf 79' lang='lat' dir='ltr'>ulti</span> 
     </span>
     <span class='ocr_line' id='line_1_102' title="bbox 910 1236 1708 1268; baseline 0.001 -9"><span class='ocrx_word' id='word_1_742' title='bbox 910 1236 937 1260; x_wconf 82' lang='lat' dir='ltr'>vi</span> <span class='ocrx_word' id='word_1_743' title='bbox 950 1243 1077 1268; x_wconf 73' lang='lat' dir='ltr'>mamque</span> <span class='ocrx_word' id='word_1_744' title='bbox 1090 1239 1182 1265; x_wconf 79' lang='lat' dir='ltr'>essent,</span> <span class='ocrx_word' id='word_1_745' title='bbox 1201 1244 1232 1261; x_wconf 81' lang='lat' dir='ltr'>ne</span> <span class='ocrx_word' id='word_1_746' title='bbox 1248 1239 1352 1261; x_wconf 82' lang='lat' dir='ltr'>senatus</span> <span class='ocrx_word' id='word_1_747' title='bbox 1367 1237 1526 1268; x_wconf 81' lang='lat' dir='ltr'>populusque</span> <span class='ocrx_word' id='word_1_748' title='bbox 1539 1236 1667 1261; x_wconf 81' lang='lat' dir='ltr'>Romanus</span> <span class='ocrx_word' id='word_1_749' title='bbox 1681 1237 1708 1260; x_wconf 80' lang='lat' dir='ltr'>in</span> 
     </span>
     <span class='ocr_line' id='line_1_103' title="bbox 912 1273 1708 1306; baseline 0.001 -9"><span class='ocrx_word' id='word_1_750' title='bbox 912 1280 967 1297; x_wconf 85' lang='lat' dir='ltr'>eam</span> <span class='ocrx_word' id='word_1_751' title='bbox 981 1274 1110 1298; x_wconf 81' lang='lat' dir='ltr'>civitatem</span> <span class='ocrx_word' id='word_1_752' title='bbox 1123 1274 1376 1299; x_wconf 77' lang='lat' dir='ltr'>animadvertendum</span> <span class='ocrx_word' id='word_1_753' title='bbox 1387 1277 1498 1306; x_wconf 81' lang='lat' dir='ltr'>putaret.</span> <span class='ocrx_word' id='word_1_754' title='bbox 1541 1273 1613 1304; x_wconf 83' lang='lat' dir='ltr'>Quod</span> <span class='ocrx_word' id='word_1_755' title='bbox 1626 1274 1650 1298; x_wconf 84' lang='lat' dir='ltr'>si</span> <span class='ocrx_word' id='word_1_756' title='bbox 1662 1274 1708 1298; x_wconf 85' lang='lat' dir='ltr'>hoc</span> 
     </span>
     <span class='ocr_line' id='line_1_104' title="bbox 911 1310 1708 1343; baseline 0.001 -9"><span class='ocrx_word' id='word_1_757' title='bbox 911 1311 968 1334; x_wconf 81' lang='lat' dir='ltr'>iure</span> <span class='ocrx_word' id='word_1_758' title='bbox 987 1310 1063 1342; x_wconf 76' lang='lat' dir='ltr'>leyati</span> <span class='ocrx_word' id='word_1_759' title='bbox 1077 1311 1169 1343; x_wconf 81' lang='lat' dir='ltr'>populi</span> <span class='ocrx_word' id='word_1_760' title='bbox 1186 1310 1294 1336; x_wconf 79' lang='lat' dir='ltr'>Romam·</span> <span class='ocrx_word' id='word_1_761' title='bbox 1312 1311 1338 1336; x_wconf 80' lang='lat' dir='ltr'>in</span> <span class='ocrx_word' id='word_1_762' title='bbox 1355 1313 1437 1336; x_wconf 82' lang='lat' dir='ltr'>socios</span> <span class='ocrx_word' id='word_1_763' title='bbox 1454 1312 1619 1343; x_wconf 75' lang='lat' dir='ltr'>nationesque</span> <span class='ocrx_word' id='word_1_764' title='bbox 1636 1314 1708 1336; x_wconf 60' lang='lat' dir='ltr'>crte-</span> 
     </span>
     <span class='ocr_line' id='line_1_105' title="bbox 911 1349 1707 1380; baseline 0.001 -9"><span class='ocrx_word' id='word_1_765' title='bbox 911 1354 957 1372; x_wconf 81' lang='lat' dir='ltr'>ras</span> <span class='ocrx_word' id='word_1_766' title='bbox 974 1351 1119 1377; x_wconf 75' lang='lat' dir='ltr'>uterentur,</span> <span class='ocrx_word' id='word_1_767' title='bbox 1138 1351 1166 1373; x_wconf 81' lang='lat' dir='ltr'>at</span> <span class='ocrx_word' id='word_1_768' title='bbox 1181 1349 1334 1380; x_wconf 77' lang='lat' dir='ltr'>pudicitiam</span> <span class='ocrx_word' id='word_1_769' title='bbox 1352 1349 1488 1374; x_wconf 79' lang='lat' dir='ltr'>liberorum</span> <span class='ocrx_word' id='word_1_770' title='bbox 1502 1356 1607 1373; x_wconf 76' lang='lat' dir='ltr'>sert-arc</span> <span class='ocrx_word' id='word_1_771' title='bbox 1620 1349 1652 1373; x_wconf 81' lang='lat' dir='ltr'>ab</span> <span class='ocrx_word' id='word_1_772' title='bbox 1666 1356 1707 1372; x_wconf 79' lang='lat' dir='ltr'>eo-</span> 
     </span>
     <span class='ocr_line' id='line_1_106' title="bbox 911 1385 1707 1418; baseline 0.001 -10"><span class='ocrx_word' id='word_1_773' title='bbox 911 1392 969 1409; x_wconf 84' lang='lat' dir='ltr'>ram</span> <span class='ocrx_word' id='word_1_774' title='bbox 984 1385 1089 1410; x_wconf 81' lang='lat' dir='ltr'>libidine</span> <span class='ocrx_word' id='word_1_775' title='bbox 1102 1388 1181 1410; x_wconf 81' lang='lat' dir='ltr'>tutam</span> <span class='ocrx_word' id='word_1_776' title='bbox 1197 1393 1246 1410; x_wconf 79' lang='lat' dir='ltr'>uon</span> <span class='ocrx_word' id='word_1_777' title='bbox 1261 1386 1361 1417; x_wconf 79' lang='lat' dir='ltr'>liceret,·</span> <span class='ocrx_word' id='word_1_778' title='bbox 1376 1387 1476 1418; x_wconf 74' lang='lat' dir='ltr'>quidvis</span> <span class='ocrx_word' id='word_1_779' title='bbox 1490 1393 1541 1410; x_wconf 76' lang='lat' dir='ltr'>esse</span> <span class='ocrx_word' id='word_1_780' title='bbox 1552 1387 1651 1417; x_wconf 76' lang='lat' dir='ltr'>perpeti</span> <span class='ocrx_word' id='word_1_781' title='bbox 1663 1394 1707 1409; x_wconf 78' lang='lat' dir='ltr'>sa-</span> 
     </span>
     <span class='ocr_line' id='line_1_107' title="bbox 913 1422 1704 1455; baseline 0 -9"><span class='ocrx_word' id='word_1_782' title='bbox 913 1423 976 1452; x_wconf 82' lang='lat' dir='ltr'>tius,</span> <span class='ocrx_word' id='word_1_783' title='bbox 996 1430 1073 1454; x_wconf 82' lang='lat' dir='ltr'>quam</span> <span class='ocrx_word' id='word_1_784' title='bbox 1091 1423 1117 1447; x_wconf 79' lang='lat' dir='ltr'>in</span> <span class='ocrx_word' id='word_1_785' title='bbox 1136 1426 1207 1448; x_wconf 81' lang='lat' dir='ltr'>tauta</span> <span class='ocrx_word' id='word_1_786' title='bbox 1224 1423 1251 1448; x_wconf 80' lang='grc' dir='ltr'>υἱ</span> <span class='ocrx_word' id='word_1_787' title='bbox 1268 1426 1345 1455; x_wconf 85' lang='lat' dir='ltr'>atque</span> <span class='ocrx_word' id='word_1_788' title='bbox 1361 1423 1500 1448; x_wconf 76' lang='lat' dir='ltr'>acerbitate</span> <span class='ocrx_word' id='word_1_789' title='bbox 1513 1424 1622 1447; x_wconf 73' lang='lat' dir='ltr'>versari.</span> <span class='ocrx_word' id='word_1_790' title='bbox 1664 1422 1704 1446; x_wconf 78' lang='lat'>69.</span> 
     </span>
     <span class='ocr_line' id='line_1_108' title="bbox 911 1458 1707 1494; baseline 0.001 -11"><span class='ocrx_word' id='word_1_791' title='bbox 911 1458 979 1483; x_wconf 86' lang='lat' dir='ltr'>Haec</span> <span class='ocrx_word' id='word_1_792' title='bbox 993 1466 1078 1492; x_wconf 92' lang='lat' dir='ltr'>quum</span> <span class='ocrx_word' id='word_1_793' title='bbox 1093 1467 1184 1484; x_wconf 90' lang='lat' dir='ltr'>omnes</span> <span class='ocrx_word' id='word_1_794' title='bbox 1203 1459 1343 1490; x_wconf 85' lang='lat' dir='ltr'>sentirent,</span> <span class='ocrx_word' id='word_1_795' title='bbox 1365 1463 1389 1485; x_wconf 89' lang='lat' dir='ltr'>et</span> <span class='ocrx_word' id='word_1_796' title='bbox 1406 1467 1491 1494; x_wconf 90' lang='lat' dir='ltr'>quum</span> <span class='ocrx_word' id='word_1_797' title='bbox 1511 1459 1537 1485; x_wconf 93' lang='lat' dir='ltr'>in</span> <span class='ocrx_word' id='word_1_798' title='bbox 1556 1467 1613 1484; x_wconf 91' lang='lat' dir='ltr'>eam</span> <span class='ocrx_word' id='word_1_799' title='bbox 1629 1459 1707 1484; x_wconf 85' lang='lat' dir='ltr'>ratio-</span> 
     </span>
     <span class='ocr_line' id='line_1_109' title="bbox 912 1496 1704 1531; baseline 0.001 -10"><span class='ocrx_word' id='word_1_800' title='bbox 912 1503 972 1521; x_wconf 90' lang='lat' dir='ltr'>nem</span> <span class='ocrx_word' id='word_1_801' title='bbox 996 1503 1043 1530; x_wconf 91' lang='lat' dir='ltr'>pro</span> <span class='ocrx_word' id='word_1_802' title='bbox 1066 1504 1114 1521; x_wconf 92' lang='lat' dir='ltr'>suo</span> <span class='ocrx_word' id='word_1_803' title='bbox 1133 1496 1250 1531; x_wconf 89' lang='lat' dir='ltr'>quisque</span> <span class='ocrx_word' id='word_1_804' title='bbox 1273 1505 1354 1522; x_wconf 84' lang='lat' dir='ltr'>sensu</span> <span class='ocrx_word' id='word_1_805' title='bbox 1377 1505 1406 1522; x_wconf 86' lang='lat' dir='ltr'>ac</span> <span class='ocrx_word' id='word_1_806' title='bbox 1428 1496 1516 1522; x_wconf 86' lang='lat' dir='ltr'>dolore</span> <span class='ocrx_word' id='word_1_807' title='bbox 1540 1496 1704 1531; x_wconf 79' lang='lat' dir='ltr'>loqueretur,</span> 
     </span>
     <span class='ocr_line' id='line_1_110' title="bbox 911 1532 1707 1568; baseline 0.001 -10"><span class='ocrx_word' id='word_1_808' title='bbox 911 1541 1003 1558; x_wconf 86' lang='lat' dir='ltr'>omnes</span> <span class='ocrx_word' id='word_1_809' title='bbox 1015 1532 1047 1558; x_wconf 89' lang='lat' dir='ltr'>ad</span> <span class='ocrx_word' id='word_1_810' title='bbox 1059 1541 1116 1558; x_wconf 90' lang='lat' dir='ltr'>eam</span> <span class='ocrx_word' id='word_1_811' title='bbox 1127 1533 1246 1564; x_wconf 78' lang='lat' dir='ltr'>domum,</span> <span class='ocrx_word' id='word_1_812' title='bbox 1263 1534 1353 1568; x_wconf 90' lang='lat' dir='ltr'>inqua</span> <span class='ocrx_word' id='word_1_813' title='bbox 1368 1534 1417 1559; x_wconf 88' lang='lat' dir='ltr'>iste</span> <span class='ocrx_word' id='word_1_814' title='bbox 1431 1533 1629 1563; x_wconf 77' lang='lat' dir='ltr'>deversabatur,</span> <span class='ocrx_word' id='word_1_815' title='bbox 1647 1541 1707 1568; x_wconf 89' lang='lat' dir='ltr'>pro-</span> 
     </span>
     <span class='ocr_line' id='line_1_111' title="bbox 911 1569 1706 1605; baseline 0.001 -10"><span class='ocrx_word' id='word_1_816' title='bbox 911 1569 971 1596; x_wconf 85' lang='lat' dir='ltr'>fecti</span> <span class='ocrx_word' id='word_1_817' title='bbox 986 1574 1062 1596; x_wconf 90' lang='lat' dir='ltr'>sunt:</span> <span class='ocrx_word' id='word_1_818' title='bbox 1084 1570 1192 1597; x_wconf 85' lang='lat' dir='ltr'>caedere</span> <span class='ocrx_word' id='word_1_819' title='bbox 1207 1572 1312 1596; x_wconf 85' lang='lat' dir='ltr'>ianuam</span> <span class='ocrx_word' id='word_1_820' title='bbox 1328 1571 1413 1601; x_wconf 83' lang='lat' dir='ltr'>saxis,</span> <span class='ocrx_word' id='word_1_821' title='bbox 1430 1571 1527 1597; x_wconf 86' lang='lat' dir='ltr'>instare</span> <span class='ocrx_word' id='word_1_822' title='bbox 1543 1570 1618 1601; x_wconf 88' lang='lat' dir='ltr'>ferro,</span> <span class='ocrx_word' id='word_1_823' title='bbox 1636 1570 1706 1605; x_wconf 69' lang='lat' dir='ltr'>ligna</span> 
     </span>
     <span class='ocr_line' id='line_1_112' title="bbox 911 1608 1707 1643; baseline 0 -10"><span class='ocrx_word' id='word_1_824' title='bbox 911 1612 936 1634; x_wconf 90' lang='lat' dir='ltr'>et</span> <span class='ocrx_word' id='word_1_825' title='bbox 954 1612 1086 1633; x_wconf 89' lang='lat' dir='ltr'>sarmenta</span> <span class='ocrx_word' id='word_1_826' title='bbox 1104 1608 1269 1634; x_wconf 87' lang='lat' dir='ltr'>circumdare</span> <span class='ocrx_word' id='word_1_827' title='bbox 1288 1609 1433 1643; x_wconf 74' lang='lat' dir='ltr'>ignemque</span> <span class='ocrx_word' id='word_1_828' title='bbox 1457 1609 1589 1634; x_wconf 86' lang='lat' dir='ltr'>subiicere</span> <span class='ocrx_word' id='word_1_829' title='bbox 1612 1616 1707 1642; x_wconf 81' lang='lat' dir='ltr'>coepe-</span> 
     </span>
     <span class='ocr_line' id='line_1_113' title="bbox 911 1645 1706 1680; baseline 0 -9"><span class='ocrx_word' id='word_1_830' title='bbox 911 1649 983 1671; x_wconf 89' lang='lat' dir='ltr'>runt.</span> <span class='ocrx_word' id='word_1_831' title='bbox 1014 1645 1082 1671; x_wconf 87' lang='lat' dir='ltr'>Tum</span> <span class='ocrx_word' id='word_1_832' title='bbox 1096 1646 1168 1671; x_wconf 87' lang='lat' dir='ltr'>cives</span> <span class='ocrx_word' id='word_1_833' title='bbox 1183 1646 1302 1676; x_wconf 78' lang='lat' dir='ltr'>Romani,</span> <span class='ocrx_word' id='word_1_834' title='bbox 1318 1646 1365 1680; x_wconf 86' lang='lat' dir='ltr'>qui</span> <span class='ocrx_word' id='word_1_835' title='bbox 1381 1646 1519 1680; x_wconf 82' lang='lat' dir='ltr'>Lampsaci</span> <span class='ocrx_word' id='word_1_836' title='bbox 1536 1645 1706 1680; x_wconf 65' lang='lat' dir='ltr'>negotiaban—</span> 
     </span>
     <span class='ocr_line' id='line_1_114' title="bbox 912 1682 1706 1718; baseline -0.001 -10"><span class='ocrx_word' id='word_1_837' title='bbox 912 1687 963 1713; x_wconf 81' lang='lat' dir='ltr'>tur,</span> <span class='ocrx_word' id='word_1_838' title='bbox 980 1687 1154 1709; x_wconf 89' lang='lat' dir='ltr'>concurrunt:</span> <span class='ocrx_word' id='word_1_839' title='bbox 1171 1687 1245 1709; x_wconf 92' lang='lat' dir='ltr'>orant</span> <span class='ocrx_word' id='word_1_840' title='bbox 1258 1684 1459 1717; x_wconf 80' lang='lat' dir='ltr'>Lampsacenos,</span> <span class='ocrx_word' id='word_1_841' title='bbox 1477 1688 1504 1709; x_wconf 89' lang='lat' dir='ltr'>ut</span> <span class='ocrx_word' id='word_1_842' title='bbox 1516 1683 1625 1718; x_wconf 72' lang='lat' dir='ltr'>gravius</span> <span class='ocrx_word' id='word_1_843' title='bbox 1635 1682 1706 1717; x_wconf 87' lang='lat' dir='ltr'>apud</span> 
     </span>
     <span class='ocr_line' id='line_1_115' title="bbox 911 1720 1707 1755; baseline 0.001 -10"><span class='ocrx_word' id='word_1_844' title='bbox 911 1728 956 1746; x_wconf 88' lang='lat' dir='ltr'>eos</span> <span class='ocrx_word' id='word_1_845' title='bbox 979 1728 1074 1746; x_wconf 87' lang='lat' dir='ltr'>nomen</span> <span class='ocrx_word' id='word_1_846' title='bbox 1098 1720 1249 1755; x_wconf 75' lang='lat' dir='ltr'>legationis,</span> <span class='ocrx_word' id='word_1_847' title='bbox 1275 1729 1356 1755; x_wconf 90' lang='lat' dir='ltr'>quam</span> <span class='ocrx_word' id='word_1_848' title='bbox 1380 1721 1477 1746; x_wconf 84' lang='lat' dir='ltr'>iniuria</span> <span class='ocrx_word' id='word_1_849' title='bbox 1503 1720 1579 1755; x_wconf 74' lang='lat' dir='ltr'>legati</span> <span class='ocrx_word' id='word_1_850' title='bbox 1601 1725 1707 1754; x_wconf 87' lang='lat' dir='ltr'>putare-</span> 
     </span>
     <span class='ocr_line' id='line_1_116' title="bbox 911 1757 1707 1793; baseline 0 -10"><span class='ocrx_word' id='word_1_851' title='bbox 911 1761 968 1783; x_wconf 88' lang='lat' dir='ltr'>tur:</span> <span class='ocrx_word' id='word_1_852' title='bbox 985 1766 1044 1783; x_wconf 87' lang='lat' dir='ltr'>scse</span> <span class='ocrx_word' id='word_1_853' title='bbox 1059 1757 1206 1793; x_wconf 72' lang='lat' dir='ltr'>intelligere</span> <span class='ocrx_word' id='word_1_854' title='bbox 1220 1758 1355 1784; x_wconf 88' lang='lat' dir='ltr'>hominem</span> <span class='ocrx_word' id='word_1_855' title='bbox 1371 1758 1447 1784; x_wconf 90' lang='lat' dir='ltr'>illum</span> <span class='ocrx_word' id='word_1_856' title='bbox 1460 1766 1517 1783; x_wconf 82' lang='lat' dir='ltr'>csse</span> <span class='ocrx_word' id='word_1_857' title='bbox 1531 1758 1666 1792; x_wconf 87' lang='lat' dir='ltr'>impurmu</span> <span class='ocrx_word' id='word_1_858' title='bbox 1677 1766 1707 1783; x_wconf 88' lang='lat' dir='ltr'>ac</span> 
     </span>
     <span class='ocr_line' id='line_1_117' title="bbox 912 1794 1706 1830; baseline 0 -10"><span class='ocrx_word' id='word_1_859' title='bbox 912 1794 1058 1821; x_wconf 89' lang='lat' dir='ltr'>nefarium:</span> <span class='ocrx_word' id='word_1_860' title='bbox 1079 1794 1139 1826; x_wconf 91' lang='lat' dir='ltr'>sed,</span> <span class='ocrx_word' id='word_1_861' title='bbox 1156 1796 1282 1830; x_wconf 91' lang='lat' dir='ltr'>quoniam</span> <span class='ocrx_word' id='word_1_862' title='bbox 1299 1804 1346 1821; x_wconf 87' lang='lat' dir='ltr'>nec</span> <span class='ocrx_word' id='word_1_863' title='bbox 1360 1795 1526 1830; x_wconf 73' lang='lat' dir='ltr'>perfecisset,</span> <span class='ocrx_word' id='word_1_864' title='bbox 1543 1795 1614 1830; x_wconf 89' lang='lat' dir='ltr'>quod</span> <span class='ocrx_word' id='word_1_865' title='bbox 1628 1803 1706 1820; x_wconf 88' lang='lat' dir='ltr'>cona-</span> 
     </span>
     <span class='ocr_line' id='line_1_118' title="bbox 912 1832 1706 1867; baseline 0 -9"><span class='ocrx_word' id='word_1_866' title='bbox 912 1836 955 1858; x_wconf 89' lang='lat' dir='ltr'>tus</span> <span class='ocrx_word' id='word_1_867' title='bbox 969 1836 1039 1858; x_wconf 87' lang='lat' dir='ltr'>esset</span> <span class='ocrx_word' id='word_1_868' title='bbox 1053 1841 1140 1867; x_wconf 88' lang='lat' dir='ltr'>neque</span> <span class='ocrx_word' id='word_1_869' title='bbox 1155 1832 1262 1859; x_wconf 87' lang='lat' dir='ltr'>futurus</span> <span class='ocrx_word' id='word_1_870' title='bbox 1277 1833 1491 1867; x_wconf 83' lang='lat' dir='ltr'>cssetLampsaci</span> <span class='ocrx_word' id='word_1_871' title='bbox 1504 1837 1602 1867; x_wconf 88' lang='lat' dir='ltr'>postea,</span> <span class='ocrx_word' id='word_1_872' title='bbox 1620 1832 1706 1858; x_wconf 80' lang='lat' dir='ltr'>levius</span> 
     </span>
     <span class='ocr_line' id='line_1_119' title="bbox 912 1870 1706 1905; baseline 0 -10"><span class='ocrx_word' id='word_1_873' title='bbox 912 1878 1003 1896; x_wconf 91' lang='lat' dir='ltr'>corum</span> <span class='ocrx_word' id='word_1_874' title='bbox 1019 1874 1156 1905; x_wconf 83' lang='lat' dir='ltr'>peccatum</span> <span class='ocrx_word' id='word_1_875' title='bbox 1177 1870 1242 1901; x_wconf 86' lang='lat' dir='ltr'>fore,</span> <span class='ocrx_word' id='word_1_876' title='bbox 1264 1870 1286 1896; x_wconf 91' lang='lat' dir='ltr'>si</span> <span class='ocrx_word' id='word_1_877' title='bbox 1307 1871 1407 1896; x_wconf 88' lang='lat' dir='ltr'>homini</span> <span class='ocrx_word' id='word_1_878' title='bbox 1427 1870 1554 1896; x_wconf 81' lang='lat' dir='ltr'>scelerato</span> <span class='ocrx_word' id='word_1_879' title='bbox 1572 1871 1706 1904; x_wconf 89' lang='lat' dir='ltr'>pcpcrcis—</span> 
     </span>
     <span class='ocr_line' id='line_1_120' title="bbox 912 1907 1706 1943; baseline 0 -10"><span class='ocrx_word' id='word_1_880' title='bbox 912 1912 983 1938; x_wconf 87' lang='lat' dir='ltr'>sent,</span> <span class='ocrx_word' id='word_1_881' title='bbox 1004 1916 1085 1942; x_wconf 91' lang='lat' dir='ltr'>quam</span> <span class='ocrx_word' id='word_1_882' title='bbox 1100 1908 1123 1933; x_wconf 89' lang='lat' dir='ltr'>si</span> <span class='ocrx_word' id='word_1_883' title='bbox 1139 1907 1224 1943; x_wconf 73' lang='lat' dir='ltr'>legato</span> <span class='ocrx_word' id='word_1_884' title='bbox 1239 1916 1289 1934; x_wconf 88' lang='lat' dir='ltr'>non</span> <span class='ocrx_word' id='word_1_885' title='bbox 1305 1908 1495 1942; x_wconf 81' lang='lat' dir='ltr'>pepercissent.</span> <span class='ocrx_word' id='word_1_886' title='bbox 1536 1908 1578 1933; x_wconf 89' lang='lat'>70.</span> <span class='ocrx_word' id='word_1_887' title='bbox 1599 1908 1642 1933; x_wconf 75' lang='lat' dir='ltr'>Sic</span> <span class='ocrx_word' id='word_1_888' title='bbox 1657 1907 1706 1933; x_wconf 87' lang='lat' dir='ltr'>istc</span> 
     </span>
     <span class='ocr_line' id='line_1_121' title="bbox 912 1944 1704 1980; baseline 0 -10"><span class='ocrx_word' id='word_1_889' title='bbox 912 1944 997 1971; x_wconf 91' lang='lat' dir='ltr'>multo</span> <span class='ocrx_word' id='word_1_890' title='bbox 1015 1944 1166 1971; x_wconf 86' lang='lat' dir='ltr'>sceleratior</span> <span class='ocrx_word' id='word_1_891' title='bbox 1184 1950 1209 1971; x_wconf 86' lang='lat' dir='ltr'>ct</span> <span class='ocrx_word' id='word_1_892' title='bbox 1228 1946 1352 1980; x_wconf 87' lang='lat' dir='ltr'>nequior,</span> <span class='ocrx_word' id='word_1_893' title='bbox 1378 1954 1459 1980; x_wconf 89' lang='lat' dir='ltr'>quam</span> <span class='ocrx_word' id='word_1_894' title='bbox 1483 1944 1527 1971; x_wconf 88' lang='lat' dir='ltr'>ille</span> <span class='ocrx_word' id='word_1_895' title='bbox 1546 1945 1704 1975; x_wconf 83' lang='lat' dir='ltr'>Hadrianus,</span> 
     </span>
     <span class='ocr_line' id='line_1_122' title="bbox 1374 1982 1706 2017; baseline -0.003 -9"><span class='ocrx_word' id='word_1_896' title='bbox 1374 1983 1432 2012; x_wconf 78' lang='lat' dir='ltr'>ule,</span> <span class='ocrx_word' id='word_1_897' title='bbox 1452 1982 1524 2017; x_wconf 87' lang='lat' dir='ltr'>quod</span> <span class='ocrx_word' id='word_1_898' title='bbox 1543 1982 1601 2008; x_wconf 85' lang='lat' dir='ltr'>eius</span> <span class='ocrx_word' id='word_1_899' title='bbox 1620 1983 1706 2008; x_wconf 81' lang='lat' dir='ltr'>avari-</span> 
     </span>
     <span class='ocr_line' id='line_1_123' title="bbox 912 2019 1705 2054; baseline -0.001 -8"><span class='ocrx_word' id='word_1_900' title='bbox 912 2020 974 2046; x_wconf 89' lang='lat' dir='ltr'>tiam</span> <span class='ocrx_word' id='word_1_901' title='bbox 989 2020 1062 2045; x_wconf 88' lang='lat' dir='ltr'>cives</span> <span class='ocrx_word' id='word_1_902' title='bbox 1076 2020 1186 2046; x_wconf 88' lang='lat' dir='ltr'>Romani</span> <span class='ocrx_word' id='word_1_903' title='bbox 1202 2020 1269 2047; x_wconf 84' lang='lat' dir='ltr'>ferre</span> <span class='ocrx_word' id='word_1_904' title='bbox 1283 2028 1334 2046; x_wconf 87' lang='lat' dir='ltr'>nou</span> <span class='ocrx_word' id='word_1_905' title='bbox 1353 2024 1505 2054; x_wconf 80' lang='lat' dir='ltr'>potuerant,</span> <span class='ocrx_word' id='word_1_906' title='bbox 1527 2020 1615 2046; x_wconf 80' lang='lat' dir='ltr'>Uticae</span> <span class='ocrx_word' id='word_1_907' title='bbox 1634 2019 1705 2045; x_wconf 86' lang='lat' dir='ltr'>domi</span> 
     </span>
    </p>
   </div>
   <div class='ocr_carea' id='block_1_13' title="bbox 889 2057 1706 2092">
    <p class='ocr_par' dir='ltr' id='par_1_13' title="bbox 889 2057 1706 2092">
     <span class='ocr_line' id='line_1_124' title="bbox 889 2057 1706 2092; baseline -0.001 -9"><span class='ocrx_word' id='word_1_908' title='bbox 889 2086 891 2092; x_wconf 63' lang='lat'>,</span> <span class='ocrx_word' id='word_1_909' title='bbox 911 2065 976 2083; x_wconf 88' lang='lat' dir='ltr'>suae</span> <span class='ocrx_word' id='word_1_910' title='bbox 990 2057 1069 2083; x_wconf 87' lang='lat' dir='ltr'>vivus</span> <span class='ocrx_word' id='word_1_911' title='bbox 1084 2062 1195 2083; x_wconf 85' lang='lat' dir='ltr'>exustus</span> <span class='ocrx_word' id='word_1_912' title='bbox 1210 2062 1263 2084; x_wconf 86' lang='lat' dir='ltr'>est:</span> <span class='ocrx_word' id='word_1_913' title='bbox 1280 2058 1361 2092; x_wconf 87' lang='lat' dir='ltr'>idque</span> <span class='ocrx_word' id='word_1_914' title='bbox 1375 2058 1409 2084; x_wconf 86' lang='lat' dir='ltr'>ita</span> <span class='ocrx_word' id='word_1_915' title='bbox 1424 2057 1462 2083; x_wconf 92' lang='lat' dir='ltr'>illi</span> <span class='ocrx_word' id='word_1_916' title='bbox 1476 2058 1568 2083; x_wconf 90' lang='lat' dir='ltr'>merito</span> <span class='ocrx_word' id='word_1_917' title='bbox 1579 2057 1706 2083; x_wconf 84' lang='lat' dir='ltr'>accidisse</span> 
     </span>
    </p>
   </div>
   <div class='ocr_carea' id='block_1_14' title="bbox 911 2094 1705 2158">
    <p class='ocr_par' dir='ltr' id='par_1_14' title="bbox 911 2094 1705 2158">
     <span class='ocr_line' id='line_1_125' title="bbox 911 2094 1705 2129; baseline -0.001 -9"><span class='ocrx_word' id='word_1_918' title='bbox 911 2095 1094 2120; x_wconf 83' lang='lat' dir='ltr'>existimatum</span> <span class='ocrx_word' id='word_1_919' title='bbox 1118 2099 1170 2126; x_wconf 88' lang='lat' dir='ltr'>cst,</span> <span class='ocrx_word' id='word_1_920' title='bbox 1200 2099 1229 2121; x_wconf 88' lang='lat' dir='ltr'>ut</span> <span class='ocrx_word' id='word_1_921' title='bbox 1253 2094 1412 2121; x_wconf 86' lang='lat' dir='ltr'>laetarentur</span> <span class='ocrx_word' id='word_1_922' title='bbox 1434 2103 1526 2121; x_wconf 87' lang='lat' dir='ltr'>omnes</span> <span class='ocrx_word' id='word_1_923' title='bbox 1546 2103 1632 2129; x_wconf 82' lang='lat' dir='ltr'>neque</span> <span class='ocrx_word' id='word_1_924' title='bbox 1652 2094 1705 2120; x_wconf 91' lang='lat' dir='ltr'>ulla</span> 
     </span>
     <span class='ocr_line' id='line_1_126' title="bbox 912 2132 1705 2158; baseline -0.003 0"><span class='ocrx_word' id='word_1_925' title='bbox 912 2132 1107 2158; x_wconf 87' lang='lat' dir='ltr'>animadversio</span> <span class='ocrx_word' id='word_1_926' title='bbox 1121 2133 1339 2158; x_wconf 80' lang='lat' dir='ltr'>constitueretur:</span> <span class='ocrx_word' id='word_1_927' title='bbox 1360 2132 1403 2158; x_wconf 80' lang='lat' dir='ltr'>hic</span> <span class='ocrx_word' id='word_1_928' title='bbox 1417 2133 1549 2158; x_wconf 86' lang='lat' dir='ltr'>sociorum</span> <span class='ocrx_word' id='word_1_929' title='bbox 1564 2132 1705 2157; x_wconf 86' lang='lat' dir='ltr'>ambustus</span> 
     </span>
    </p>
   </div>
   <div class='ocr_carea' id='block_1_15' title="bbox 890 2169 1703 2204">
    <p class='ocr_par' dir='ltr' id='par_1_15' title="bbox 890 2169 1703 2204">
     <span class='ocr_line' id='line_1_127' title="bbox 890 2169 1703 2204; baseline 0 -9"><span class='ocrx_word' id='word_1_930' title='bbox 890 2177 891 2182; x_wconf 64' lang='lat'>¹</span> <span class='ocrx_word' id='word_1_931' title='bbox 911 2169 1043 2199; x_wconf 84' lang='lat' dir='ltr'>incendio,</span> <span class='ocrx_word' id='word_1_932' title='bbox 1061 2174 1146 2195; x_wconf 86' lang='lat' dir='ltr'>tamen</span> <span class='ocrx_word' id='word_1_933' title='bbox 1163 2178 1195 2195; x_wconf 82' lang='lat' dir='ltr'>cx</span> <span class='ocrx_word' id='word_1_934' title='bbox 1210 2169 1254 2196; x_wconf 88' lang='lat' dir='ltr'>illa</span> <span class='ocrx_word' id='word_1_935' title='bbox 1270 2169 1374 2195; x_wconf 78' lang='lat' dir='ltr'>tlanmia</span> <span class='ocrx_word' id='word_1_936' title='bbox 1389 2169 1561 2204; x_wconf 78' lang='lat' dir='ltr'>periculoque</span> <span class='ocrx_word' id='word_1_937' title='bbox 1575 2169 1703 2195; x_wconf 70' lang='lat' dir='ltr'>cvolaxit2</span> 
     </span>
    </p>
   </div>
   <div class='ocr_carea' id='block_1_16' title="bbox 911 2206 1705 2241">
    <p class='ocr_par' dir='ltr' id='par_1_16' title="bbox 911 2206 1705 2241">
     <span class='ocr_line' id='line_1_128' title="bbox 911 2206 1705 2241; baseline -0.001 -9"><span class='ocrx_word' id='word_1_938' title='bbox 911 2215 998 2241; x_wconf 86' lang='lat' dir='ltr'>neque</span> <span class='ocrx_word' id='word_1_939' title='bbox 1012 2206 1100 2232; x_wconf 86' lang='lat' dir='ltr'>adhuc</span> <span class='ocrx_word' id='word_1_940' title='bbox 1114 2215 1236 2232; x_wconf 86' lang='lat' dir='ltr'>caussam</span> <span class='ocrx_word' id='word_1_941' title='bbox 1247 2207 1329 2233; x_wconf 88' lang='lat' dir='ltr'>ullam</span> <span class='ocrx_word' id='word_1_942' title='bbox 1341 2207 1490 2241; x_wconf 72' lang='lat' dir='ltr'>excogitare</span> <span class='ocrx_word' id='word_1_943' title='bbox 1500 2207 1593 2241; x_wconf 87' lang='lat' dir='ltr'>potuit,</span> <span class='ocrx_word' id='word_1_944' title='bbox 1610 2214 1705 2241; x_wconf 87' lang='lat' dir='ltr'>quam—</span> 
     </span>
    </p>
   </div>
   <div class='ocr_carea' id='block_1_17' title="bbox 889 2243 1704 2315">
    <p class='ocr_par' dir='ltr' id='par_1_17' title="bbox 889 2243 1704 2315">
     <span class='ocr_line' id='line_1_129' title="bbox 889 2243 1704 2278; baseline -0.001 -9"><span class='ocrx_word' id='word_1_945' title='bbox 889 2247 891 2277; x_wconf 61' lang='grc' dir='ltr'><em>ξ</em></span> <span class='ocrx_word' id='word_1_946' title='bbox 910 2244 1001 2270; x_wconf 88' lang='lat' dir='ltr'>obrem</span> <span class='ocrx_word' id='word_1_947' title='bbox 1025 2245 1196 2275; x_wconf 83' lang='lat' dir='ltr'>commiserit,</span> <span class='ocrx_word' id='word_1_948' title='bbox 1218 2248 1263 2270; x_wconf 82' lang='lat' dir='ltr'>aut</span> <span class='ocrx_word' id='word_1_949' title='bbox 1281 2243 1346 2278; x_wconf 90' lang='lat' dir='ltr'>quid</span> <span class='ocrx_word' id='word_1_950' title='bbox 1366 2244 1496 2273; x_wconf 78' lang='lat' dir='ltr'>evenerit,</span> <span class='ocrx_word' id='word_1_951' title='bbox 1518 2249 1545 2269; x_wconf 87' lang='lat' dir='ltr'>ut</span> <span class='ocrx_word' id='word_1_952' title='bbox 1561 2244 1586 2269; x_wconf 91' lang='lat' dir='ltr'>in</span> <span class='ocrx_word' id='word_1_953' title='bbox 1603 2248 1704 2269; x_wconf 87' lang='lat' dir='ltr'>tantum</span> 
     </span>
     <span class='ocr_line' id='line_1_130' title="bbox 889 2280 1186 2315; baseline 0.007 -10"><span class='ocrx_word' id='word_1_954' title='bbox 889 2280 890 2288; x_wconf 65' lang='lat'>¹</span> <span class='ocrx_word' id='word_1_955' title='bbox 911 2280 1060 2315; x_wconf 82' lang='lat' dir='ltr'>periculum</span> <span class='ocrx_word' id='word_1_956' title='bbox 1077 2281 1186 2307; x_wconf 75' lang='lat' dir='ltr'>veniret.</span> 
     </span>
    </p>
   </div>
   <div class='ocr_carea' id='block_1_18' title="bbox 910 2280 1705 2353">
    <p class='ocr_par' dir='ltr' id='par_1_18' title="bbox 910 2280 1705 2353">
     <span class='ocr_line' id='line_1_131' title="bbox 1228 2280 1704 2315; baseline -0.004 -8"><span class='ocrx_word' id='word_1_957' title='bbox 1228 2282 1284 2307; x_wconf 90' lang='lat' dir='ltr'>Non</span> <span class='ocrx_word' id='word_1_958' title='bbox 1304 2282 1375 2307; x_wconf 86' lang='lat' dir='ltr'>cuim</span> <span class='ocrx_word' id='word_1_959' title='bbox 1395 2286 1481 2315; x_wconf 81' lang='lat' dir='ltr'>potest</span> <span class='ocrx_word' id='word_1_960' title='bbox 1498 2280 1598 2307; x_wconf 83' lang='lat' dir='ltr'>dicere:</span> <span class='ocrx_word' id='word_1_961' title='bbox 1619 2289 1704 2315; x_wconf 88' lang='lat' dir='ltr'>quum</span> 
     </span>
     <span class='ocr_line' id='line_1_132' title="bbox 910 2318 1705 2353; baseline -0.001 -9"><span class='ocrx_word' id='word_1_962' title='bbox 910 2318 1067 2344; x_wconf 78' lang='lat' dir='ltr'>seditionem</span> <span class='ocrx_word' id='word_1_963' title='bbox 1082 2318 1174 2344; x_wconf 84' lang='lat' dir='ltr'>sedare</span> <span class='ocrx_word' id='word_1_964' title='bbox 1189 2318 1295 2349; x_wconf 75' lang='lat' dir='ltr'>vellem,</span> <span class='ocrx_word' id='word_1_965' title='bbox 1311 2327 1396 2353; x_wconf 86' lang='lat' dir='ltr'>quum</span> <span class='ocrx_word' id='word_1_966' title='bbox 1413 2318 1575 2344; x_wconf 81' lang='lat' dir='ltr'>frumentum</span> <span class='ocrx_word' id='word_1_967' title='bbox 1592 2318 1705 2352; x_wconf 84' lang='lat' dir='ltr'>impera-</span> 
     </span>
    </p>
   </div>
   <div class='ocr_carea' id='block_1_19' title="bbox 888 2355 1705 2464">
    <p class='ocr_par' dir='ltr' id='par_1_19' title="bbox 888 2355 1705 2464">
     <span class='ocr_line' id='line_1_133' title="bbox 888 2355 1705 2390; baseline 0 -9"><span class='ocrx_word' id='word_1_968' title='bbox 888 2382 890 2387; x_wconf 58' lang='lat'>,</span> <span class='ocrx_word' id='word_1_969' title='bbox 911 2364 975 2386; x_wconf 87' lang='lat' dir='ltr'>rem,</span> <span class='ocrx_word' id='word_1_970' title='bbox 991 2363 1076 2389; x_wconf 90' lang='lat' dir='ltr'>quum</span> <span class='ocrx_word' id='word_1_971' title='bbox 1091 2355 1256 2390; x_wconf 84' lang='lat' dir='ltr'>stipendium</span> <span class='ocrx_word' id='word_1_972' title='bbox 1271 2364 1400 2389; x_wconf 61' lang='lat' dir='ltr'>cogerem,</span> <span class='ocrx_word' id='word_1_973' title='bbox 1417 2363 1501 2390; x_wconf 90' lang='lat' dir='ltr'>quum</span> <span class='ocrx_word' id='word_1_974' title='bbox 1517 2355 1618 2390; x_wconf 90' lang='lat' dir='ltr'>aliquid</span> <span class='ocrx_word' id='word_1_975' title='bbox 1629 2355 1705 2381; x_wconf 80' lang='lat' dir='ltr'>deui-</span> 
     </span>
     <span class='ocr_line' id='line_1_134' title="bbox 888 2392 1704 2428; baseline 0 -10"><span class='ocrx_word' id='word_1_976' title='bbox 888 2394 889 2428; x_wconf 31' lang='grc' dir='ltr'>ᾗ</span> <span class='ocrx_word' id='word_1_977' title='bbox 909 2401 962 2427; x_wconf 88' lang='lat' dir='ltr'>que</span> <span class='ocrx_word' id='word_1_978' title='bbox 978 2392 1140 2426; x_wconf 79' lang='lat' dir='ltr'>reipublicae</span> <span class='ocrx_word' id='word_1_979' title='bbox 1154 2401 1247 2418; x_wconf 81' lang='lat' dir='ltr'>caussa</span> <span class='ocrx_word' id='word_1_980' title='bbox 1258 2401 1391 2428; x_wconf 74' lang='lat' dir='ltr'>gererem:</span> <span class='ocrx_word' id='word_1_981' title='bbox 1418 2392 1490 2427; x_wconf 92' lang='lat' dir='ltr'>quod</span> <span class='ocrx_word' id='word_1_982' title='bbox 1511 2393 1597 2418; x_wconf 82' lang='lat' dir='ltr'>acrius</span> <span class='ocrx_word' id='word_1_983' title='bbox 1620 2393 1704 2426; x_wconf 80' lang='lat' dir='ltr'>impe-</span> 
     </span>
     <span class='ocr_line' id='line_1_135' title="bbox 888 2429 1704 2464; baseline 0 -9"><span class='ocrx_word' id='word_1_984' title='bbox 888 2432 889 2440; x_wconf 67' lang='lat'><em>*</em></span> <span class='ocrx_word' id='word_1_985' title='bbox 910 2431 974 2460; x_wconf 77' lang='lat' dir='ltr'>ravi,</span> <span class='ocrx_word' id='word_1_986' title='bbox 991 2429 1062 2464; x_wconf 92' lang='lat' dir='ltr'>quod</span> <span class='ocrx_word' id='word_1_987' title='bbox 1077 2429 1260 2459; x_wconf 71' lang='lat' dir='ltr'>imimndvcrti,</span> <span class='ocrx_word' id='word_1_988' title='bbox 1277 2430 1347 2464; x_wconf 88' lang='lat' dir='ltr'>quod</span> <span class='ocrx_word' id='word_1_989' title='bbox 1363 2430 1479 2455; x_wconf 84' lang='lat' dir='ltr'>minatus</span> <span class='ocrx_word' id='word_1_990' title='bbox 1493 2438 1563 2455; x_wconf 87' lang='lat' dir='ltr'>sum.</span> <span class='ocrx_word' id='word_1_991' title='bbox 1595 2431 1667 2461; x_wconf 79' lang='lat' dir='ltr'>Quae</span> <span class='ocrx_word' id='word_1_992' title='bbox 1681 2430 1704 2455; x_wconf 85' lang='lat' dir='ltr'>si</span> 
     </span>
    </p>
   </div>
   <div class='ocr_carea' id='block_1_20' title="bbox 909 2466 1703 2652">
    <p class='ocr_par' dir='ltr' id='par_1_20' title="bbox 909 2466 1703 2652">
     <span class='ocr_line' id='line_1_136' title="bbox 909 2466 1703 2501; baseline 0 -8"><span class='ocrx_word' id='word_1_993' title='bbox 909 2467 1021 2493; x_wconf 81' lang='lat' dir='ltr'>diceret:</span> <span class='ocrx_word' id='word_1_994' title='bbox 1048 2471 1134 2492; x_wconf 76' lang='lat' dir='ltr'>tamen</span> <span class='ocrx_word' id='word_1_995' title='bbox 1149 2466 1250 2501; x_wconf 60' lang='lat' dir='ltr'>ignosci</span> <span class='ocrx_word' id='word_1_996' title='bbox 1267 2476 1316 2493; x_wconf 87' lang='lat' dir='ltr'>nou</span> <span class='ocrx_word' id='word_1_997' title='bbox 1332 2471 1475 2501; x_wconf 79' lang='lat' dir='ltr'>oporteret,</span> <span class='ocrx_word' id='word_1_998' title='bbox 1492 2467 1523 2497; x_wconf 80' lang='lat' dir='ltr'>si,</span> <span class='ocrx_word' id='word_1_999' title='bbox 1541 2467 1621 2493; x_wconf 78' lang='lat' dir='ltr'>nimis</span> <span class='ocrx_word' id='word_1_1000' title='bbox 1635 2472 1703 2493; x_wconf 83' lang='lat' dir='ltr'>atro-</span> 
     </span>
     <span class='ocr_line' id='line_1_137' title="bbox 909 2504 1703 2539; baseline -0.003 -8"><span class='ocrx_word' id='word_1_1001' title='bbox 909 2505 974 2531; x_wconf 79' lang='lat' dir='ltr'>citer</span> <span class='ocrx_word' id='word_1_1002' title='bbox 992 2504 1147 2538; x_wconf 79' lang='lat' dir='ltr'>imperando</span> <span class='ocrx_word' id='word_1_1003' title='bbox 1165 2504 1258 2533; x_wconf 79' lang='lat' dir='ltr'>sociis.</span> <span class='ocrx_word' id='word_1_1004' title='bbox 1283 2505 1309 2530; x_wconf 92' lang='lat' dir='ltr'>iu</span> <span class='ocrx_word' id='word_1_1005' title='bbox 1329 2509 1430 2530; x_wconf 84' lang='lat' dir='ltr'>tantum</span> <span class='ocrx_word' id='word_1_1006' title='bbox 1450 2504 1581 2530; x_wconf 79' lang='lat' dir='ltr'>adductus</span> <span class='ocrx_word' id='word_1_1007' title='bbox 1600 2504 1703 2539; x_wconf 89' lang='lat' dir='ltr'>pericu-</span> 
     </span>
     <span class='ocr_line' id='line_1_138' title="bbox 911 2541 1689 2576; baseline 0 -9"><span class='ocrx_word' id='word_1_1008' title='bbox 911 2541 966 2567; x_wconf 94' lang='lat' dir='ltr'>lum</span> <span class='ocrx_word' id='word_1_1009' title='bbox 982 2541 1126 2567; x_wconf 84' lang='lat' dir='ltr'>videretur.</span> <span class='ocrx_word' id='word_1_1010' title='bbox 1168 2541 1287 2567; x_wconf 73' lang='lat' dir='ltr'>xxvut.</span> <span class='ocrx_word' id='word_1_1011' title='bbox 1304 2542 1346 2567; x_wconf 72' lang='lat'>71.</span> <span class='ocrx_word' id='word_1_1012' title='bbox 1364 2542 1439 2567; x_wconf 76' lang='lat' dir='ltr'>Nunc</span> <span class='ocrx_word' id='word_1_1013' title='bbox 1453 2550 1538 2576; x_wconf 90' lang='lat' dir='ltr'>quum</span> <span class='ocrx_word' id='word_1_1014' title='bbox 1554 2542 1611 2576; x_wconf 83' lang='lat' dir='ltr'>ipse</span> <span class='ocrx_word' id='word_1_1015' title='bbox 1625 2550 1689 2567; x_wconf 84' lang='lat' dir='ltr'>caus</span> 
     </span>
     <span class='ocr_line' id='line_1_139' title="bbox 909 2578 1703 2614; baseline -0.001 -10"><span class='ocrx_word' id='word_1_1016' title='bbox 909 2587 966 2604; x_wconf 87' lang='lat' dir='ltr'>sam</span> <span class='ocrx_word' id='word_1_1017' title='bbox 985 2578 1059 2604; x_wconf 86' lang='lat' dir='ltr'>illius</span> <span class='ocrx_word' id='word_1_1018' title='bbox 1078 2578 1210 2605; x_wconf 80' lang='lat' dir='ltr'>tuumltus</span> <span class='ocrx_word' id='word_1_1019' title='bbox 1230 2587 1316 2613; x_wconf 80' lang='lat' dir='ltr'>neque</span> <span class='ocrx_word' id='word_1_1020' title='bbox 1336 2587 1424 2604; x_wconf 78' lang='lat' dir='ltr'>veram</span> <span class='ocrx_word' id='word_1_1021' title='bbox 1442 2579 1529 2604; x_wconf 79' lang='lat' dir='ltr'>dicere</span> <span class='ocrx_word' id='word_1_1022' title='bbox 1549 2587 1635 2614; x_wconf 80' lang='lat' dir='ltr'>neque</span> <span class='ocrx_word' id='word_1_1023' title='bbox 1655 2578 1703 2604; x_wconf 84' lang='lat' dir='ltr'>fal—</span> 
     </span>
     <span class='ocr_line' id='line_1_140' title="bbox 909 2615 1702 2652; baseline 0 -11"><span class='ocrx_word' id='word_1_1024' title='bbox 909 2624 965 2642; x_wconf 83' lang='lat' dir='ltr'>sam</span> <span class='ocrx_word' id='word_1_1025' title='bbox 979 2615 1130 2652; x_wconf 80' lang='lat' dir='ltr'>confingere</span> <span class='ocrx_word' id='word_1_1026' title='bbox 1143 2616 1251 2642; x_wconf 78' lang='lat' dir='ltr'>audeat:</span> <span class='ocrx_word' id='word_1_1027' title='bbox 1273 2616 1351 2642; x_wconf 87' lang='lat' dir='ltr'>homo</span> <span class='ocrx_word' id='word_1_1028' title='bbox 1368 2621 1456 2642; x_wconf 80' lang='lat' dir='ltr'>autem</span> <span class='ocrx_word' id='word_1_1029' title='bbox 1475 2616 1576 2642; x_wconf 85' lang='lat' dir='ltr'>ordinis</span> <span class='ocrx_word' id='word_1_1030' title='bbox 1590 2617 1631 2642; x_wconf 85' lang='lat' dir='ltr'>sui</span> <span class='ocrx_word' id='word_1_1031' title='bbox 1647 2615 1702 2641; x_wconf 90' lang='lat' dir='ltr'>fru-</span> 
     </span>
    </p>
   </div>
   <div class='ocr_carea' id='block_1_21' title="bbox 886 2653 1702 2727">
    <p class='ocr_par' dir='ltr' id='par_1_21' title="bbox 886 2653 1702 2727">
     <span class='ocr_line' id='line_1_141' title="bbox 888 2653 1698 2688; baseline 0 -9"><span class='ocrx_word' id='word_1_1032' title='bbox 888 2673 889 2678; x_wconf 63' lang='grc'>,</span> <span class='ocrx_word' id='word_1_1033' title='bbox 909 2653 1076 2687; x_wconf 52' lang='lat' dir='ltr'>gratissimus,</span> <span class='ocrx_word' id='word_1_1034' title='bbox 1092 2653 1138 2688; x_wconf 87' lang='lat' dir='ltr'>qui</span> <span class='ocrx_word' id='word_1_1035' title='bbox 1155 2658 1210 2679; x_wconf 89' lang='lat' dir='ltr'>tum</span> <span class='ocrx_word' id='word_1_1036' title='bbox 1226 2662 1353 2679; x_wconf 85' lang='lat' dir='ltr'>accensus</span> <span class='ocrx_word' id='word_1_1037' title='bbox 1368 2654 1397 2679; x_wconf 81' lang='lat' dir='ltr'>C.</span> <span class='ocrx_word' id='word_1_1038' title='bbox 1414 2654 1509 2679; x_wconf 78' lang='lat' dir='ltr'>Neroni</span> <span class='ocrx_word' id='word_1_1039' title='bbox 1527 2653 1584 2684; x_wconf 87' lang='lat' dir='ltr'>fuit,</span> <span class='ocrx_word' id='word_1_1040' title='bbox 1601 2654 1628 2679; x_wconf 79' lang='lat' dir='ltr'>P.</span> <span class='ocrx_word' id='word_1_1041' title='bbox 1643 2654 1698 2679; x_wconf 67' lang='grc' dir='ltr'>Τοι-</span> 
     </span>
     <span class='ocr_line' id='line_1_142' title="bbox 886 2690 1702 2727; baseline 0 -10"><span class='ocrx_word' id='word_1_1042' title='bbox 886 2709 889 2718; x_wconf 93' lang='grc'>.</span> <span class='ocrx_word' id='word_1_1043' title='bbox 909 2691 975 2722; x_wconf 84' lang='lat' dir='ltr'>tius,</span> <span class='ocrx_word' id='word_1_1044' title='bbox 997 2690 1061 2717; x_wconf 88' lang='lat' dir='ltr'>haec</span> <span class='ocrx_word' id='word_1_1045' title='bbox 1079 2690 1170 2717; x_wconf 81' lang='lat' dir='ltr'>eadem</span> <span class='ocrx_word' id='word_1_1046' title='bbox 1185 2699 1213 2717; x_wconf 87' lang='lat' dir='ltr'>se</span> <span class='ocrx_word' id='word_1_1047' title='bbox 1230 2691 1366 2726; x_wconf 82' lang='lat' dir='ltr'>Lampsaci</span> <span class='ocrx_word' id='word_1_1048' title='bbox 1385 2699 1513 2727; x_wconf 82' lang='lat' dir='ltr'>cognosse</span> <span class='ocrx_word' id='word_1_1049' title='bbox 1530 2691 1640 2717; x_wconf 83' lang='lat' dir='ltr'>dixerit:</span> <span class='ocrx_word' id='word_1_1050' title='bbox 1663 2691 1702 2716; x_wconf 61' lang='lat' dir='ltr'>xi*</span> 
     </span>
    </p>
   </div>
  </div>
 </body>
</html>
