1941 3052
807 154 818 166 r

791 154 830 178 1.),

220 156 267 180 Ξθῦ

219 234 273 250 uun
298 224 384 250 ‹lim-re
402 229 550 257 ‹narn-tur,
573 223 643 259 quod
663 231 752 248 eorum
771 223 853 255 gratia
871 226 896 247 et
916 226 1007 256 poten-
1028 223 1030 246 l

219 263 252 288 tiu
273 261 368 287 snt-turn
384 267 430 291 cat,
455 263 511 296 qui,
537 262 612 295 quim
631 269 678 285 uua
694 268 734 285 res
748 264 793 284 aut
808 259 890 284 bonos
904 263 1005 291 agatur,
1028 274 1029 288 χ

219 300 251 324 itu
271 298 411 331 diligt-uter
429 299 490 324 svx.
509 298 598 323 Naevii
614 297 701 322 studio
715 301 740 321 ct
753 296 892 330 cupiditati
908 304 1006 321 tuorem
1028 307 1029 322 l

217 340 325 369 gerunt,
348 340 373 361 vt
392 336 416 361 iu
432 335 560 361 eiusmodi
577 335 655 359 rebus
669 342 732 367 opes
746 341 808 358 situs
823 333 1004 366 experiuntur,
1028 353 1029 364 ,

220 374 245 398 iu
260 373 368 407 quibus,
386 381 439 407 quo
454 372 514 406 plus
529 376 634 405 propter
649 371 772 396 virtutem
789 370 1006 404 nobilitatemque

219 414 337 444 possunt.
363 418 393 434 eo
411 410 508 438 minus,
529 413 658 443 qtuiutum
678 408 788 441 possint,
809 407 905 432 debent
919 411 1008 432 osten-

218 447 288 472 dere.
326 448 364 471 ⁴0.
380 446 467 477 Quum
484 450 519 471 tot
533 445 664 479 tantisque
678 443 881 469 difficultatibus
900 444 1007 469 affectus

218 489 296 517 utque
315 482 426 508 ufliivtus
441 483 465 508 in
481 487 561 512 tuam,
587 482 616 507 C.
633 481 741 516 Aquini,
758 481 847 511 fidem,
861 481 1004 510 veritatem,

219 520 423 546 misericordiam
449 520 475 544 l’.
499 519 624 550 Quintius
642 517 800 553 confugerit,
820 526 905 552 quum
920 517 1007 544 adhuc

218 559 240 583 ei
257 562 361 591 propter
376 557 428 582 vim
443 556 652 582 adversariorum
669 564 719 581 non
735 556 776 581 ius
791 564 845 589 par,
863 564 912 581 non
927 563 1007 590 agen·
1028 551 1029 559 ¹

217 595 242 620 «li
269 598 381 628 potestas
400 593 500 623 eudem,
522 602 572 619 non
592 593 762 628 magistratus
781 601 883 627 aequus
899 593 1006 626 reperiri

219 632 344 666 potuerit:
367 639 450 665 quum
469 631 493 656 ei
507 639 639 656 summam
656 638 701 665 per
716 630 838 656 iniurium
853 630 940 655 omnia
956 629 1007 655 ini·
1034 654 1036 664 ‚

219 669 283 694 mica
306 672 384 702 atque
408 667 501 694 infesta
521 667 632 693 fuerint:
655 672 688 698 te,
709 667 736 693 C.
758 666 872 701 Aquilli,
895 675 1004 701 vosque,
1028 671 1035 702 Ἰ]

1028 702 1035 728 '1
1058 702 1085 729 id
1117 702 1274 737 loquebatur
1292 705 1421 731 Naevius:
1447 705 1559 731 credidit
1577 705 1703 737 Quintius
1714 714 1785 735 eurn,
1800 706 1848 741 qui

217 707 262 740 qui
279 706 303 730 iu
318 705 429 731 consilio
440 705 545 734 adestis,
562 709 617 731 orat
630 709 708 739 atque
722 704 849 734 obsecrat,
872 708 900 730 ut
915 704 1006 729 multis

218 743 323 768 iniuriis
347 743 465 768 iactatam
489 746 568 777 atquo
592 743 714 777 agitatam
733 742 892 776 aequitatem
913 742 938 767 in
959 741 1007 766 bot:

218 780 321 806 tandem
338 779 392 805 loco
402 780 544 805 consistere
554 783 578 805 et
588 779 735 805 confirmari
747 778 893 813 patiamini.
909 778 951 804 lll.
966 780 1004 803 ll.

217 817 244 843 ld
271 826 325 851 quo
348 816 452 842 facilius
477 816 559 842 fucere
579 816 699 851 possitis,
720 816 788 841 dabo
805 824 920 850 operam,
947 820 1005 841 uta

217 854 356 889 principio,
376 862 417 880 res
439 853 665 889 quemadmodum
687 858 760 889 gesta
779 857 804 879 et
817 857 946 878 contracta
961 853 1003 882 sit,

216 891 388 927 cognoscatis.

273 929 300 954 C.
316 928 442 960 Quintius
457 927 505 954 fuit
520 928 547 954 Ρ.
563 927 663 960 Quintii
680 927 760 953 huius
775 926 867 958 fratem
890 935 952 952 sane
963 934 1007 952 ce-
1027 934 1036 956 ’ς

217 971 331 992 terarum
355 975 441 991 rorum
461 964 648 1000 paterfamilias
667 969 692 990 et
711 964 827 999 prudens
841 968 866 990 et
880 967 1004 994 attentus,

216 1011 269 1029 una
292 1005 318 1029 in
337 1012 362 1029 rc
379 1002 466 1037 paullo
485 1003 573 1028 minus
587 1001 778 1032 consideratus,
794 1002 841 1036 qui
855 1001 1005 1027 societatem

215 1049 277 1067 cum
291 1040 351 1067 Sex.
368 1040 466 1066 Naevio
480 1039 577 1070 fecerit,
594 1040 650 1066 viro
664 1039 741 1070 bono,
758 1043 939 1065 verumtamen
954 1047 1006 1064 non

194 1087 198 1094 ¹
217 1078 250 1104 ita
274 1078 403 1108 instituto,
429 1082 458 1104 ut
476 1078 533 1103 iura
551 1077 682 1103 societatis
695 1081 721 1103 et
734 1075 819 1103 officia
833 1076 896 1102 certi
911 1076 1006 1110 patris-

217 1115 331 1141 familias
350 1124 426 1142 nosse
440 1119 541 1150 posset:
564 1123 616 1141 non
629 1122 683 1149 quo
696 1115 720 1141 ei
734 1114 837 1140 deesset
851 1113 1003 1148 ingenium:

217 1162 276 1179 nam
296 1161 382 1187 neque
400 1161 493 1187 parum
512 1151 611 1178 facetus
628 1160 719 1178 scurra
734 1151 795 1178 Sex.
817 1151 942 1181 Naevius,
959 1158 1006 1176 ne-

215 1199 268 1224 que
299 1190 461 1216 inhumanus
487 1197 580 1224 praeco
605 1193 645 1215 est
675 1197 802 1223 umquam
825 1188 1003 1214 existimatus.

215 1227 285 1259 Quid
308 1236 370 1261 ergo
387 1226 444 1253 est‘?
462 1226 551 1259 Quum
565 1227 589 1253 ci
604 1231 697 1253 natura
714 1225 781 1252 nihil
801 1225 907 1256 melius,
923 1234 1003 1260 quam

216 1273 306 1291 vocem
330 1265 454 1294 dedisset,
480 1268 552 1299 pater
573 1264 639 1290 nihil
658 1268 759 1298 praeter
778 1262 925 1289 libertatem
943 1262 1005 1289 reli-

215 1303 327 1337 quisset,
353 1310 443 1328 vocem
462 1303 489 1328 in
502 1305 643 1336 quaestum
657 1300 780 1332 contulit;
805 1300 923 1326 libertate
938 1308 1004 1326 usus

215 1344 262 1370 est,
287 1348 340 1374 quo
359 1339 496 1374 impunius
514 1338 591 1365 dicax
604 1342 682 1365 esset.
717 1339 758 1365 ⁴2.
777 1337 863 1370 Quare
876 1337 948 1372 quod
961 1345 1005 1363 so-

214 1378 286 1403 cium
301 1376 348 1403 tibi
362 1385 423 1403 eum
439 1376 520 1402 velles
534 1376 686 1411 adiungere,
708 1374 774 1401 nihil
789 1379 852 1406 erat,
869 1375 920 1400 nisi
935 1379 964 1400 ut
978 1374 1004 1400 in

215 1419 258 1440 tua
282 1414 393 1449 pecunia
411 1413 580 1444 condisceret,
601 1413 648 1448 qui
666 1413 794 1448 pecuniae
808 1411 910 1438 fructus
923 1416 1003 1438 esset.

214 1452 312 1477 Tamen
331 1451 457 1478 inductus
475 1450 667 1477 consuetudine
685 1458 715 1476 ac
728 1449 905 1476 familiaritate
919 1448 1004 1481 Quin-

214 1489 267 1514 tius
292 1488 360 1519 fecit,
381 1492 410 1514 ut
427 1488 492 1519 dixi,
511 1488 661 1514 societatem
675 1495 766 1514 earum
780 1495 879 1517 rerum,
895 1486 1004 1521 quaein

214 1525 299 1552 Gallia
318 1525 546 1560 comparabantur.
586 1525 648 1551 Erat
665 1525 689 1551 ei
708 1524 830 1559 pecuaria
857 1532 898 1550 res
916 1523 1003 1558 ampla

213 1567 239 1589 et
256 1563 354 1589 rustica
372 1571 435 1589 sane
453 1563 520 1589 bene
536 1561 607 1589 culta
621 1566 646 1588 et
660 1561 804 1588 fructuosa.

213 1601 286 1627 atriis
310 1600 419 1626 Liciniis
435 1604 514 1634 atque
532 1608 547 1626 a
569 1607 729 1634 praeconum
751 1606 879 1625 consessu
898 1598 925 1624 in
940 1597 1004 1624 Gal-

214 1637 276 1664 liam
291 1638 415 1668 Naevius,
431 1641 456 1663 et
470 1641 541 1663 trans
555 1636 636 1671 Alpes
650 1644 736 1671 usque
752 1635 917 1662 transfertur.
962 1635 1003 1661 Fit

213 1683 308 1710 magna
326 1674 437 1701 mutatio
451 1673 509 1705 loci,
523 1682 575 1700 non
588 1674 699 1709 ingenii.
738 1673 815 1703 Nam,
830 1673 878 1707 qui
892 1672 925 1698 ab
940 1671 1003 1698 ado-

214 1711 359 1738 lescentulo
376 1715 517 1746 quaestum
535 1711 587 1737 sibi
605 1710 766 1737 instituisset
783 1710 842 1736 sine
855 1709 1000 1744 impendio¹

213 1753 386 1783 posteaquam
410 1749 499 1774 nescio
523 1747 590 1783 quid
614 1747 747 1782 impendit
767 1751 793 1773 et
816 1747 843 1773 in
861 1755 1003 1773 commune

211 1786 332 1816 contulit,
358 1785 482 1812 mediocri
500 1789 612 1820 quaestu
630 1789 769 1811 contentus
787 1792 845 1810 esse
863 1792 915 1810 non
929 1788 1003 1818 pote-

213 1827 260 1849 rat.
296 1824 336 1849 ⁴3.
361 1823 414 1848 Nec
437 1823 544 1853 mirum,
564 1823 587 1848 si
605 1823 637 1852 is,
653 1822 700 1856 qui
715 1830 806 1848 vocem
821 1820 941 1847 venalem
955 1821 1003 1847 ha-

212 1860 314 1890 buerat,
338 1868 376 1890 ea,
392 1868 460 1894 quae
479 1867 542 1886 voce
559 1860 717 1894 quaesierat,
738 1867 834 1894 magno
850 1858 902 1884 sibi
920 1866 1003 1892 quae-

212 1897 265 1923 stui
290 1896 344 1923 fore
362 1897 480 1932 putabat.

212 1934 244 1961 de
262 1935 397 1960 communi
414 1933 548 1969 quidquid
567 1938 666 1968 poterat
682 1933 715 1959 ad
728 1941 757 1959 se
771 1934 798 1959 in
811 1933 941 1967 privatam
955 1932 1003 1959 do-

212 1980 286 1998 mum
301 1971 449 1997 sevocabat.
471 1970 527 2003 Qua
541 1971 568 1997 in
584 1979 610 1997 re
624 1971 660 1997 ita
671 1970 787 2006 diligens
801 1974 863 2001 erat,
880 1970 958 2004 quasi
971 1970 999 2001 ii,

211 2009 259 2043 qui
282 2017 379 2043 magna
402 2008 453 2034 fide
475 2009 626 2034 societatem
643 2012 777 2043 gererent,
797 2007 936 2033 arbitrium
954 2015 1002 2042 pro

211 2046 283 2072 socio
296 2045 465 2072 condemnari
479 2045 601 2071 solerent.
642 2045 740 2071 Verum
751 2044 794 2071 bis
807 2044 841 2071 de
855 2044 935 2070 rebus
949 2053 1002 2070 non
1022 2053 1024 2074 ⁴,

212 2091 319 2109 necesse
341 2083 425 2109 habeo
447 2082 534 2109 dicere
551 2091 589 2113 ea,
605 2090 674 2117 quae
688 2091 730 2108 me
743 2082 772 2108 P.
788 2081 914 2114 Quintius
928 2082 1002 2116 cupit
1022 2085 1025 2117 j

1022 2123 1024 2126 “
1053 2119 1137 2148 vium,
1150 2122 1189 2149 ut,
1201 2117 1327 2152 quoniam
1339 2117 1528 2152 suspicaretur,
1537 2116 1625 2152 aliqua
1635 2116 1669 2143 de
1679 2125 1706 2143 re
1717 2116 1772 2144 fore
1780 2125 1844 2144 con-

211 2128 429 2146 commemorare:
456 2120 560 2146 tametsi
578 2128 671 2146 caussa
686 2118 810 2154 postulat,
827 2123 923 2149 tamen,
939 2119 1002 2153 quia

211 2157 340 2192 postulat,
369 2165 421 2184 non
444 2156 555 2192 flagitat,
584 2157 740 2191 praeteribo.
773 2157 816 2183 1v.
845 2157 885 2182 44.
912 2155 1001 2188 Quum

210 2203 293 2221 annos
315 2195 369 2220 iam
387 2194 538 2229 complures
556 2194 668 2220 societas
686 2198 765 2224 esset,
786 2198 811 2220 et
824 2201 910 2228 quum
923 2201 1002 2227 saepe

210 2236 352 2266 suspectus
365 2231 474 2264 Quintio
488 2232 603 2258 Naevius
617 2230 720 2262 fuisset,
736 2239 823 2265 neque
836 2231 871 2256 ita
885 2238 1003 2256 commo-

209 2269 242 2295 de
263 2273 352 2303 posset
370 2269 497 2295 rationem
515 2268 624 2295 reddere
638 2276 729 2294 earum
743 2276 841 2298 rerum,
857 2276 925 2302 quas
941 2267 1002 2294 libi-

210 2306 280 2336 dine,
306 2314 358 2332 non
376 2306 475 2332 ratione
492 2310 623 2341 gesserat3
646 2305 757 2332 moritur
774 2306 802 2331 in
816 2304 903 2332 Gallia
916 2304 1002 2336 Quin-

210 2343 276 2374 tius,
301 2351 386 2378 quum
409 2343 514 2369 adesset
531 2343 656 2373 Naevius,
676 2347 702 2369 et
719 2343 831 2369 moritur
848 2342 999 2376 repentino:

210 2380 334 2406 heredem
357 2384 512 2406 testamento
530 2380 638 2415 reliquit
652 2380 723 2406 hunc
740 2380 769 2406 P.
784 2379 938 2411 Quintium:
961 2383 998 2410 ut,

210 2416 243 2442 ad
264 2425 345 2451 quem
371 2426 493 2444 summus
518 2425 618 2443 maeror
641 2421 723 2444 morte
745 2425 794 2443 sua
812 2416 947 2447 veniebat,
967 2415 1001 2442 ad

209 2454 334 2480 eumdem
347 2463 470 2481 summus
484 2455 567 2481 honos
581 2462 688 2489 quoque
702 2454 860 2488 perveniret.
887 2454 928 2479 ⁴5.
942 2452 1001 2485 Quo

211 2495 322 2521 mortuo,
347 2500 394 2517 nec
416 2492 451 2517 ita
466 2491 549 2518 multo
563 2496 630 2526 post,
650 2492 678 2517 in
696 2491 810 2518 Galliam
824 2489 1001 2525 proficiscitur

210 2527 346 2559 Quintius.
367 2528 407 2554 lbi
420 2537 482 2555 cum
495 2529 547 2555 isto
560 2529 659 2555 Naevio
672 2528 837 2554 familiariter
850 2527 926 2554 vivit.
945 2527 1000 2553 An-

210 2573 275 2590 num
298 2564 352 2590 fere
373 2574 426 2591 una
448 2570 519 2597 sunt,
544 2574 629 2600 quum
647 2570 674 2592 et
698 2565 731 2591 de
750 2565 873 2591 societate
889 2565 959 2591 inter
971 2572 1000 2590 se
1020 2585 1022 2593 ,

211 2601 294 2627 multa
316 2602 554 2633 communicarent,
579 2607 606 2629 et
623 2602 656 2628 de
675 2606 726 2629 tota
743 2602 790 2628 illa
807 2601 906 2628 ratione
920 2605 1000 2636 atque

1027 913 1029 920 ⁴
1057 888 1210 916 debuisset:

520 1897 611 1931 Itaque
630 1895 736 1922 hercule
750 1895 822 1922 haud
836 1895 1002 1922 mediocriter
1022 1913 1025 1927 χ

210 2646 237 2664 re
260 2638 408 2664 Gallicana:
432 2647 518 2674 neque
534 2640 634 2666 interea
652 2639 764 2666 verbum
782 2638 870 2665 ullum
883 2639 1000 2672 interpo-

209 2676 264 2701 suit
286 2676 401 2702 Naevius
423 2680 469 2702 aut
491 2677 642 2703 societatem
665 2676 718 2702 sibi
740 2676 880 2711 quippiam
902 2675 1000 2702 debere

865 152 899 177 M.
935 151 964 177 Τ.
999 150 1274 177 CICERONIS

1034 221 1038 245 Ι
1059 226 1104 247 nut
1123 221 1246 255 privatim
1261 220 1399 254 Quintium
1414 221 1549 249 debuine.
1583 222 1672 255 Quum
1687 224 1754 250 aeris
1768 224 1847 251 alieni

1059 258 1255 292 aliquantulum
1274 263 1344 284 esset
1362 259 1491 290 relietum,
1511 260 1611 295 quibu-0
1631 261 1783 287 nominibus
1803 270 1850 296 pe-

1059 296 1164 321 cuniam
1181 296 1276 321 nomae
1294 296 1379 322 curari
1393 301 1535 330 oporteret:
1558 298 1705 324 auctionem
1722 299 1748 324 in
1762 298 1848 325 Gaui·

1060 332 1088 358 Ρ.
1113 332 1155 357 hic
1174 331 1299 364 Quintius
1315 333 1434 359 Narbone
1448 342 1476 359 se
1491 333 1620 360 facturum
1635 344 1695 360 esse
1709 336 1850 369 proscribit

1059 377 1148 394 earum
1174 378 1275 400 rerum,
1299 378 1368 404 quw
1396 371 1481 404 ipsius
1499 376 1572 397 erant
1590 373 1716 407 privatae.
1750 374 1789 398 ⁴6.
1811 373 1849 399 tbi

1034 419 1037 448 ⁸
1060 411 1116 432 tum
1137 406 1176 432 vir
1194 407 1310 441 optimus
1325 407 1387 433 Sex.
1404 408 1519 434 Naevius
1534 408 1668 435 hominem
1684 409 1776 435 multis
1791 418 1850 436 ver-

1034 450 1036 482 4‘
1059 443 1100 469 bis
1123 442 1244 474 deterret,
1262 452 1293 469 ne
1316 445 1494 471 auctionetur:
1516 453 1577 471 eum
1597 447 1696 472 nonita
1713 446 1850 473 commode

1059 488 1135 515 posse
1153 489 1184 506 eo
1203 485 1328 515 tempore,
1343 490 1412 516 quae
1427 483 1634 517 proscripsisset.
1648 483 1776 511 vendere:
1799 484 1850 510 Ro-

1059 526 1116 543 mae
1130 517 1180 543 sibi
1197 526 1366 544 nummorum
1382 518 1531 545 facultatem
1546 528 1613 550 esse,
1628 528 1719 555 quam,
1736 522 1757 547 si
1773 529 1850 556 sape-

1058 559 1109 584 ret,
1134 564 1302 581 communem
1323 556 1486 582 existimaret
1505 565 1550 591 pro
1570 556 1680 583 fraterna
1700 557 1743 583 illa
1759 567 1850 584 neces-

1058 591 1174 618 situdine
1189 597 1213 618 et
1228 601 1274 627 pro
1289 593 1374 627 ipsius
1389 593 1524 620 affinitate.
1547 594 1612 620 Nam
1628 595 1654 620 Ρ.
1671 594 1772 626 Quintii
1786 604 1849 621 con-

1058 629 1192 655 sobrinam
1216 629 1293 656 habet
1317 630 1342 656 in
1358 631 1525 656 matrimonio
1548 631 1663 657 Naevius
1681 636 1706 658 et
1723 640 1755 658 cx
1773 640 1802 658 ea
1818 632 1849 658 li-

1058 666 1144 692 beros.
1184 666 1261 698 Quin,
1285 667 1356 702 quod
1377 668 1463 694 virum
1483 668 1582 694 bonum
1602 668 1685 694 fucere
1702 668 1847 703 oportebat,

1057 741 1201 767 orationem
1224 741 1352 767 bonorum
1377 742 1530 772 imitaretur,
1557 742 1622 769 facta
1640 751 1747 778 quoque
1762 743 1850 769 imita-

1058 781 1158 803 turum.
1198 778 1354 804 Auctionem
1382 779 1449 805 velle
1477 779 1560 805 facere
1586 779 1704 806 desistit:
1738 780 1848 807 Romam

1058 814 1247 849 proficiscitur:
1281 815 1384 842 decedit
1407 825 1440 842 cx
1459 816 1543 843 Gallia
1563 817 1670 843 nomam
1686 817 1766 843 simul
1782 817 1849 844 Nae-

1058 852 1129 877 vius.
1165 853 1205 878 ⁴7.
1228 851 1316 884 Quum
1332 854 1470 887 pecuniam
1491 854 1519 880 C.
1535 853 1659 886 Quintius
1675 855 1702 880 P.
1718 854 1849 889 Scapulae

1251 898 1296 924 per
1323 894 1359 920 tc,
1388 891 1502 925 Aquilli,
1530 891 1628 917 decidit
1654 892 1682 917 P.
1709 890 1845 924 Quintius,

1057 925 1130 960 quod
1154 926 1244 952 liberis
1263 927 1320 953 eius
1335 927 1502 953 dissolveret.
1543 929 1594 954 Hoc
1608 937 1638 954 eo
1654 937 1700 963 per
1713 933 1737 954 te
1751 929 1847 964 ageba-

1058 967 1108 993 tur,
1134 963 1206 998 quod
1229 968 1334 998 propter
1351 965 1477 990 aerariam
1497 966 1622 991 rationem
1642 974 1692 992 non
1711 966 1775 992 satis
1794 970 1849 992 erat

1057 1000 1084 1026 in
1099 1000 1197 1027 tabulis
1212 1001 1370 1035 inspexisse,
1386 1006 1516 1036 quantum
1530 1002 1679 1033 deberetur,
1690 1003 1741 1029 nisi
1755 1002 1789 1029 ad
1798 1002 1848 1030 Ca-

1057 1038 1136 1064 storis
1158 1038 1315 1073 quaesisset,
1334 1043 1464 1073 quantum
1483 1039 1638 1066 solveretur.
1676 1039 1781 1066 Decidis
1794 1045 1848 1066 sta-

1058 1075 1165 1110 tuisque
1188 1080 1216 1102 tu
1243 1081 1348 1110 propter
1374 1076 1611 1107 necessitudinem,
1633 1085 1701 1112 quae
1719 1077 1767 1103 tibi
1785 1086 1847 1104 cum

1057 1112 1180 1147 Scapulis
1194 1117 1242 1144 est,
1258 1113 1324 1148 quid
1339 1114 1372 1139 iis
1386 1113 1418 1139 ad
1433 1114 1570 1140 denarium
1582 1114 1738 1140 solveretur.
1761 1114 1792 1141 V.
1805 1116 1846 1141 ⁴8.

1032 1167 1035 1206 ἰ
1056 1149 1123 1175 Haec
1145 1151 1233 1176 omnia
1255 1150 1381 1182 Quintius
1403 1151 1497 1186 agebat
1519 1155 1623 1177 auctore
1646 1156 1672 1178 et
1688 1159 1848 1178 consuasore

1056 1187 1163 1213 Naevio.
1204 1188 1257 1214 Nec
1272 1189 1378 1218 mirum,
1394 1189 1418 1214 si
1429 1189 1486 1214 eius
1501 1189 1624 1215 utebatur
1636 1188 1755 1219 consilio,
1768 1190 1847 1215 cuius

1055 1224 1187 1250 auxilium
1202 1225 1253 1251 sibi
1268 1229 1388 1260 paratum
1403 1225 1522 1260 putabat.
1544 1226 1600 1252 Non
1615 1225 1693 1252 modo
1706 1226 1776 1252 enim
1789 1226 1848 1260 pol-

1057 1261 1144 1288 licitus
1167 1266 1222 1288 erat
1247 1263 1274 1289 in
1296 1262 1395 1289 Gallia:
1430 1262 1476 1288 sed
1496 1263 1594 1289 Romae
1611 1263 1744 1298 quotidie,
1764 1263 1846 1289 simut

1055 1303 1134 1334 atque
1157 1299 1209 1325 sibi
1233 1299 1276 1325 hic
1299 1300 1445 1330 annuisset,
1464 1304 1665 1326 numeraturum
1685 1307 1714 1326 se
1731 1299 1844 1326 dicebat.

1055 1335 1180 1368 Quintius
1195 1345 1271 1371 porro
1285 1337 1366 1362 istum
1380 1345 1458 1371 posse
1469 1336 1552 1363 facere
1564 1336 1682 1369 videbat3
1699 1336 1794 1363 debere
1805 1337 1847 1364 iu-

1056 1372 1204 1409 telligebat:
1227 1374 1342 1406 mentiri,
1358 1375 1421 1409 quia
1435 1382 1537 1406 caussa,
1553 1382 1600 1400 cur
1615 1374 1778 1406 mentiretur,
1794 1383 1845 1402 non

1055 1415 1118 1442 erat,
1139 1419 1191 1437 non
1209 1411 1332 1446 putabat:
1355 1412 1432 1446 quasi
1449 1411 1521 1438 domi
1539 1420 1664 1438 nummos
1679 1411 1795 1442 haberet,
1811 1412 1846 1438 ita

1055 1448 1193 1474 constituit
1213 1447 1335 1483 Scapulis
1361 1457 1390 1475 se
1411 1448 1546 1475 daturum.
1599 1449 1729 1475 Naevium
1751 1450 1847 1475 certio-

1055 1493 1110 1511 rem
1133 1484 1208 1512 facit:
1231 1490 1313 1521 rogat,
1333 1490 1362 1512 ut
1375 1490 1458 1517 curet,
1478 1485 1550 1521 quod
1564 1485 1686 1512 dixisset.
1722 1487 1761 1512 ⁴9.
1777 1486 1846 1513 Tum

845 1561 865 1586 T
885 1560 910 1587 Η.
987 1560 1004 1586 b
1024 1529 1026 1539 ¹
1055 1522 1104 1548 iste
1126 1523 1168 1549 vir
1185 1523 1312 1558 optimus,
1328 1523 1437 1558 (vereor,
1454 1532 1486 1549 ne
1503 1531 1532 1550 se
1545 1523 1659 1550 derideri
1675 1527 1757 1558 putet,
1773 1523 1846 1558 quod

867 1569 882 1587 o
905 1565 984 1587 itura
1024 1571 1026 1591 s

1055 1560 1151 1586 iterum
1168 1560 1221 1586 iam
1238 1560 1306 1591 dico,
1321 1560 1461 1595 optimus.)
1478 1561 1526 1595 qui
1540 1560 1611 1586 hunc
1624 1561 1652 1586 in
1665 1568 1785 1586 summas
1798 1569 1846 1587 an-

1053 1597 1156 1632 gustias
1169 1597 1314 1623 adductum
1328 1602 1439 1632 putaret,
1460 1602 1488 1623 ut
1502 1605 1564 1623 eum
1577 1597 1635 1623 suis
1648 1597 1846 1624 conditionibus

1054 1634 1082 1660 in
1109 1634 1168 1668 ipso
1193 1633 1303 1660 articulo
1329 1634 1455 1668 temporis
1481 1634 1649 1669 astringeret,
1674 1642 1761 1660 assem
1786 1643 1846 1661 sese

1054 1675 1133 1706 negat
1145 1671 1279 1701 daturum,
1295 1671 1347 1697 nisi
1362 1671 1436 1705 prius
1449 1670 1482 1697 de
1497 1670 1576 1697 rebus
1591 1671 1846 1706 rationibusqueso-

1053 1708 1155 1734 cietatis
1168 1708 1294 1734 omnibus
1307 1707 1450 1734 decidisset
1463 1712 1489 1734 et
1501 1708 1603 1739 scisset,
1619 1708 1671 1734 sibi
1685 1717 1748 1734 cum
1760 1707 1847 1741 Quin-

1055 1745 1090 1772 tio
1111 1745 1304 1771 controversiae
1328 1744 1395 1771 nihil
1417 1744 1546 1771 futurum.
1586 1745 1730 1777 Posterius,
1745 1745 1843 1781 inquit,

1053 1783 1104 1809 ista
1126 1782 1287 1813 videbimus,
1303 1781 1443 1814 Quintius:
1465 1791 1536 1808 nunc
1554 1782 1603 1808 boc
1620 1782 1702 1809 velim
1719 1791 1805 1814 cures,
1821 1784 1845 1810 si

1053 1819 1102 1846 tibi
1120 1819 1234 1850 videtur,
1258 1819 1330 1854 quod
1348 1819 1450 1845 dixisti.
1490 1820 1573 1855 Negat
1586 1827 1615 1846 se
1628 1819 1678 1846 alia
1692 1820 1792 1846 ratione
1805 1819 1846 1846 fa-

1053 1861 1168 1888 cturum,
1191 1856 1264 1892 quod
1287 1857 1466 1891 promisisset:
1504 1865 1556 1883 non
1579 1856 1641 1891 plus
1665 1865 1714 1883 sua
1736 1857 1842 1889 referre,

1053 1903 1134 1929 quam
1157 1895 1189 1925 si,
1215 1902 1300 1928 quum
1318 1894 1467 1920 auctionem
1485 1893 1622 1924 venderet.
1648 1893 1749 1920 domini
1767 1894 1844 1922 iussu

1053 1932 1193 1967 quippiam
1215 1932 1390 1966 promisisset.
1423 1932 1465 1958 20.
1489 1931 1662 1957 Destitutione
1680 1930 1725 1957 illa
1738 1931 1845 1966 percul-

1053 1978 1100 1996 sus
1114 1968 1240 2001 Quintius
1257 1977 1272 1994 a
1290 1968 1413 2003 Scapulis
1436 1976 1534 2002 paucos
1548 1967 1606 1994 dies
1619 1967 1717 1994 aufert:
1738 1969 1767 1995 in
1780 1968 1845 1996 Gal—

1022 2001 1025 2020 ²
1054 2006 1117 2033 liam
1134 2006 1223 2036 mittit.
1244 2010 1273 2032 ut
1291 2014 1329 2037 ea,
1345 2013 1413 2040 quae
1427 2005 1625 2040 proscripserat,
1641 2005 1775 2032 venirent:
1796 2005 1845 2033 de-

1055 2044 1147 2070 teriore
1166 2048 1283 2078 tempore
1300 2043 1396 2069 absens
1409 2043 1588 2069 auctionatur:
1610 2042 1733 2077 Scapulis
1744 2042 1845 2070 diffici-

1054 2080 1118 2107 liore
1139 2080 1289 2107 conditione
1302 2079 1436 2106 dissolvit.
1476 2080 1551 2106 Tunc
1564 2079 1679 2114 appellat
1693 2079 1763 2107 ultro
1775 2080 1844 2106 Nae-

1053 2155 1218 2186 troversiam,
1235 2154 1345 2185 videret,
1362 2158 1392 2180 ut
1404 2162 1485 2189 quam
1499 2154 1616 2189 primum
1630 2158 1655 2180 et
1668 2162 1749 2188 quam
1762 2154 1844 2180 mini-

1053 2201 1096 2219 ma
1118 2201 1179 2219 cum
1197 2191 1317 2218 molestia
1335 2196 1387 2218 tota
1401 2200 1442 2218 res
1456 2192 1653 2226 transigeretur.
1675 2192 1716 2217 2¹.
1730 2191 1779 2217 Dat
1792 2191 1843 2218 iste

1052 2229 1168 2256 amicum
1180 2228 1398 2256 M.Trebellium:
1414 2237 1463 2254 nos
1472 2236 1640 2254 communem
1651 2228 1840 2259 necessarium,

1052 2267 1099 2302 qui
1125 2266 1204 2292 istius
1221 2266 1293 2293 domi
1315 2270 1371 2292 erat
1390 2265 1518 2292 educatus
1535 2270 1561 2291 et
1581 2273 1636 2299 quo
1652 2265 1776 2291 utebatur
1792 2265 1843 2292 iste

1052 2304 1213 2339 plurimum,
1239 2304 1419 2338 propinquum
1437 2307 1570 2333 nostrum,
1594 2301 1657 2328 Sex.
1676 2301 1840 2336 Alphenum.

1052 2342 1103 2368 Res
1123 2340 1264 2367 convenire
1286 2339 1360 2366 nullo
1382 2339 1461 2366 modo
1478 2343 1590 2374 poterat,
1615 2343 1751 2373 propterea
1769 2338 1843 2374 quod

1052 2378 1095 2404 hic
1121 2377 1281 2404 mediocrem
1306 2378 1434 2404 iacturam
1456 2375 1540 2402 facere
1556 2375 1693 2410 cupiebat,
1718 2376 1768 2402 iste
1785 2384 1842 2402 me—

1598 2414 1639 2439 22.
1658 2413 1750 2447 Itaque
1763 2421 1798 2440 ex
1810 2421 1842 2439 eo

1051 2415 1134 2441 diocri
1156 2415 1253 2449 praeda
1270 2418 1409 2441 contentus
1426 2421 1478 2440 non
1495 2417 1559 2439 erat.

1690 2448 1780 2482 Quum
1794 2458 1842 2476 va—

1052 2457 1169 2486 tempore
1186 2460 1228 2478 res
1247 2460 1306 2478 esse
1318 2452 1346 2477 in
1360 2450 1543 2477 vadimonium
1554 2450 1650 2484 eoepit.

1021 2495 1023 2503 ⁴
1050 2489 1168 2515 dimonia
1192 2497 1271 2524 saepe
1296 2488 1377 2514 dilata
1401 2491 1490 2514 essent
1514 2491 1540 2513 et
1563 2495 1650 2521 quum
1673 2485 1840 2522 aliquantum

1051 2526 1176 2561 temporis
1190 2526 1218 2553 in
1231 2534 1262 2552 ea
1274 2534 1303 2552 re
1310 2529 1380 2552 esset
1388 2528 1578 2558 consumptum
1591 2531 1678 2558 neque
1690 2523 1840 2559 quidquam

1050 2563 1198 2598 profectum
1231 2567 1313 2594 esset,
1340 2561 1413 2588 venit
1442 2560 1475 2587 ad
1502 2561 1685 2587 vadimonium
1710 2561 1837 2587 Naevius.

1027 2625 1029 2640 Ι
1050 2601 1092 2627 VI.
1117 2600 1232 2627 Obsecro
1254 2604 1287 2631 te,
1311 2599 1340 2626 C.
1358 2597 1473 2633 Aquini.
1495 2606 1611 2633 vosque,
1631 2598 1679 2632 qui
1695 2597 1794 2624 adestis
1810 2598 1839 2624 in

1020 2629 1022 2638 ’
1049 2637 1168 2669 consilio,
1189 2641 1219 2664 ut
1235 2636 1378 2672 diligenter
1395 2635 1544 2666 attendatis,
1561 2639 1591 2661 ut
1603 2633 1739 2670 singulare
1751 2643 1839 2671 genus

1049 2674 1152 2701 fraudis
1172 2678 1199 2701 et
1223 2682 1320 2701 novam
1344 2673 1472 2700 rationem
1498 2671 1656 2699 insidiarum
1681 2679 1839 2708 cognoscere
