1941 3052
393 175 445 200 DE
476 172 791 200 INVENTIONE
829 173 913 199 [ΑΒ.
948 174 979 199 11.

31 246 178 275 tendentem
202 244 457 277 animadverterunt,
486 244 666 270 misericordia
692 244 815 270 commoti
837 243 839 250 ¹

30 285 118 312 navim
139 283 171 310 ad
185 292 245 309 eum
261 282 470 317 applicaverunt,
488 282 623 308 hominem
637 282 670 308 ad
684 290 712 307 se
726 286 817 307 sustu-
838 284 846 311 fi*

29 322 124 350 lerunt.
143 322 199 347 ⁴54.
211 321 303 346 Postea
317 319 452 354 aliquanto
466 320 538 354 ipsos
552 328 660 354 qnoque
674 322 817 353 tempestas

31 359 213 386 vehementius
230 358 326 383 iactare
344 357 438 391 coepit,
459 365 546 392 usque
560 357 633 387 adeo,
650 360 679 383 ut
693 356 818 382 dominus

30 397 113 427 navis,
129 404 214 431 quum
228 395 299 421 idem
313 394 473 430 gubernator
486 398 564 425 esset,
581 395 608 420 in
619 393 745 428 scapham
756 402 819 419 con—

30 433 133 469 fugeret
150 437 176 459 et
192 432 254 459 inde
273 431 401 463 funiculo,
421 431 468 466 qui
487 440 500 457 a
519 432 603 466 puppi
621 431 747 466 religatus
761 439 819 456 sca-

30 471 109 506 pham
126 478 256 496 annexam
276 469 402 500 trahebat,
423 469 521 500 navim,
542 468 630 503 quoad
648 472 745 502 posset,
762 476 820 493 mo-

29 508 176 540 deraretur,
192 507 237 533 ille
251 506 435 537 autem,cuius
449 514 550 532 merces
564 510 645 536 erant,
657 506 683 531 in
698 505 818 540 gladium

29 545 129 572 ibidem
142 544 317 570 incumberet.
353 544 399 569 liic
417 542 462 569 ille
481 542 625 577 naufragus
640 542 672 568 ad
685 542 820 577 guberna-

29 582 120 609 culum
134 582 244 608 accessit
270 585 294 607 et
309 581 378 611 navi,
396 580 483 615 quoad
498 580 591 614 potuit,
608 585 648 606 est
661 579 817 613 opitulatus.

28 619 130 646 Sedatis
149 623 236 645 autem
256 618 380 644 fluctibus
399 622 424 644 et
437 621 592 652 tempestate
605 617 658 642 iam
672 621 820 642 commuta-

29 661 63 688 ta,
84 657 159 683 navis
177 657 204 682 in
223 660 329 690 portum
347 654 511 689 pervehitur.
546 653 592 680 Ille
610 658 708 685 autem,
725 654 772 688 qui
792 654 818 680 in

28 693 149 730 gladium
163 693 329 723 incubuerat,
339 692 431 718 leviter
445 692 552 718 saucius
567 690 644 717 facile
658 695 698 717 est
711 700 745 717 ex
759 690 820 717 vnl-
840 702 841 709 ι

29 739 91 758 nere
103 735 244 757 recreatus.
261 730 354 756 Navim
369 738 431 755 cum
445 738 523 755 onere
537 729 633 755 horum
647 730 728 755 trium
743 738 818 754 suani

29 768 145 804 quisque
167 776 225 793 esse
246 767 319 793 dicit.
354 767 402 792 Hic
423 775 515 793 omnes
534 767 632 801 scripto
650 766 682 792 ad
696 775 819 792 caussam

30 805 164 836 accedunt,
189 809 213 830 et
236 813 270 830 ex
296 804 411 830 nominis
434 804 461 830 vi
488 804 605 830 nascitur
630 804 817 830 controversia.

30 843 96 869 Nam
114 846 140 868 et
157 841 307 876 relinquere
323 842 412 867 navim
426 845 451 867 et
465 850 600 867 remanere
614 842 641 867 in
656 841 727 872 navi,
744 841 820 866 deni—

31 888 82 915 que
95 879 170 906 navis
184 879 242 913 ipsa
256 879 322 913 quid
336 880 379 910 sit,
392 878 593 905 definitionibus
604 883 756 913 quaeretur.
772 879 821 904 Iis-

31 917 90 944 dem
108 921 195 943 autem
214 925 247 942 ex
262 916 325 942 locis
340 917 475 948 omnibus,
492 916 593 951 quibus
607 916 743 942 definitiva
758 924 821 942 con-

31 954 138 985 stitutio,
154 954 317 980 tractabitur.

86 993 142 1018 ⁴55.
158 992 244 1023 Nunc,
260 991 389 1026 expositis
403 991 436 1017 iis
451 990 736 1027 argumentationibus,
752 999 821 1025 quae

29 1030 58 1057 in
70 1028 194 1056 iudiciale
213 1037 368 1055 caussarum
386 1037 473 1064 genus
487 1028 729 1059 accommodantur,
746 1028 822 1054 dein—

29 1075 91 1102 ceps
108 1067 137 1093 in
154 1066 359 1093 deliberativum
378 1075 464 1102 genus
482 1070 507 1092 et
525 1066 764 1093 demonstrativum
779 1074 821 1091 ar-

29 1103 202 1140 gumentandi
217 1103 287 1130 locos
302 1108 327 1130 et
340 1108 478 1138 praecepta
492 1103 625 1134 dabimus,
643 1112 694 1129 non
704 1112 758 1138 quo
769 1112 821 1129 non

29 1142 57 1168 in
74 1141 163 1176 aliqua
180 1141 369 1168 constitutione
386 1141 473 1167 omnis
492 1150 598 1176 semper
615 1149 710 1167 caussa
731 1149 822 1166 verse-

29 1182 81 1210 tur,
104 1178 151 1205 sed
174 1179 237 1213 quia
256 1179 356 1214 proprii
375 1182 462 1205 tamen
480 1178 575 1204 harum
589 1187 745 1204 caussarum
759 1178 822 1213 qui-

29 1215 89 1243 dam
112 1215 161 1243 loci
184 1220 255 1247 sunt,
280 1225 333 1242 non
355 1224 369 1242 a
386 1216 574 1242 constitutione
588 1216 710 1250 separati,
727 1215 774 1241 sed
789 1215 820 1242 ad

29 1252 95 1280 fines
109 1253 204 1280 horum
218 1262 347 1289 generum
361 1253 561 1280 accommodati.
585 1254 642 1279 156.
658 1254 725 1279 Nam
735 1252 821 1287 placet

28 1291 57 1318 in
77 1291 198 1318 iudiciali
219 1299 316 1327 genere
339 1290 419 1317 finem
442 1299 500 1317 esse
519 1291 688 1325 aequitatem,
706 1290 755 1317 hoc
782 1294 822 1316 est

29 1332 130 1364 partem
148 1329 292 1363 quamdam
311 1328 470 1354 honestatis:
494 1329 521 1354 in
539 1328 714 1354 deliberativo
732 1331 821 1354 autem
842 1348 843 1355 1

27 1365 162 1393 Aristoteli
182 1365 269 1400 placet
290 1365 441 1397 utilitatem,
466 1366 543 1392 nobis
566 1370 590 1392 et
609 1365 773 1392 honestatem
796 1369 822 1391 et

0 1426 2 1428 ,
28 1403 184 1436 utilitatem
212 1404 240 1429 in
263 1403 470 1430 demonstrativo
489 1403 662 1429 honestatem.
693 1402 779 1434 Quare
793 1403 821 1429 in

29 1440 78 1468 hoc
91 1449 199 1476 quoque
209 1449 306 1476 genere
319 1449 428 1466 caussae
437 1440 568 1475 quaedam
579 1440 821 1475 argumentationes

29 1478 205 1505 communiter
223 1487 253 1504 ac
271 1477 394 1504 similiter
408 1478 605 1510 tractabuntur3
633 1477 765 1512 quaedam
779 1486 822 1503 se-

29 1516 145 1551 paratius
171 1515 204 1541 ad
232 1515 321 1546 finem,
350 1524 405 1550 quo
432 1515 522 1541 referri
545 1523 651 1541 omnem
677 1515 820 1541 orationem

29 1557 137 1589 oportet,
158 1552 347 1588 adiungentur.
378 1552 466 1587 Atque
480 1553 561 1578 unius
575 1553 708 1587 cuiusque
722 1553 822 1578 consti—-

29 1590 138 1618 tutionis
156 1589 311 1625 exemplum
330 1598 481 1624 supponere
499 1598 551 1616 non
571 1598 752 1625 gravaremur,
770 1590 821 1615 nisi

29 1627 97 1655 illud
109 1627 272 1659 videremus,
290 1627 518 1662 quemadmodum
533 1636 574 1653 res
588 1627 716 1653 obscurae
730 1627 822 1653 dieen-

0 1685 2 1687 >
30 1664 63 1692 do
76 1664 167 1691 fierent
180 1665 333 1700 apertiores,
353 1665 392 1691 sic
410 1673 451 1690 res
466 1669 568 1699 apertas
583 1664 750 1690 obscuriores
765 1664 821 1690 sieri

30 1703 150 1730 oratione.
166 1702 243 1729 Nunc
257 1702 289 1728 ad
303 1702 501 1728 deliberationis
516 1706 654 1736 praecepta
665 1710 819 1737 pergamus.

84 1740 136 1767 LII.
154 1741 211 1767 157.
231 1740 330 1766 Rerum
346 1739 554 1774 expetendarum
570 1740 617 1765 tria
631 1748 728 1775 genera
742 1743 818 1772 sunt,

30 1785 77 1812 par
97 1781 185 1804 autem
208 1786 337 1804 numerus
359 1777 527 1803 vitandarum
547 1786 580 1803 ex
593 1777 721 1803 contraria
736 1781 819 1811 parte.

30 1814 95 1842 Nam
117 1819 157 1841 est
174 1815 313 1850 quiddam,
333 1814 405 1850 quod
423 1823 471 1841 sua
490 1815 516 1840 vi
531 1823 578 1841 nos
592 1814 691 1840 alliciat
704 1814 736 1840 ad
751 1823 818 1844 sese,

31 1860 81 1879 non
99 1852 279 1879 emolumento
296 1856 405 1887 captans
419 1852 517 1887 aliquo,
534 1852 581 1878 sed
596 1851 703 1878 trahens
718 1860 766 1877 sna
779 1851 822 1877 di-

49 1890 141 1923 nitate,
174 1889 247 1925 quod
269 1898 354 1926 genus
377 1890 475 1921 virtus,
501 1889 624 1920 scientia,
649 1889 747 1915 veritas
769 1893 818 1915 est.

55 1926 110 1954 liud
129 1931 217 1954 autem
236 1936 288 1954 non
301 1931 409 1962 propter
426 1936 502 1953 suam
519 1927 573 1953 vim
587 1931 613 1953 et
627 1931 757 1958 naturam,
773 1926 820 1952 sed

31 1968 135 2000 propter
156 1964 272 1991 fructum
295 1968 375 1999 atque
396 1964 538 1990 utilitatem
557 1964 716 1998 petendum;
748 1963 821 1999 quod

31 2009 114 2038 genus
136 2003 248 2037 pecunia
271 2005 320 2028 est.
354 2002 402 2028 Est
424 2010 501 2036 porro
523 2001 653 2036 quiddam
677 2010 711 2028 ex
724 2001 820 2027 horuni

31 2039 149 2074 partibus
163 2040 294 2070 iunctum,
311 2039 383 2074 quod
397 2043 423 2065 et
436 2048 484 2065 sna
499 2039 525 2065 vi
539 2044 564 2065 et
577 2039 707 2074 (lignitate
722 2047 768 2065 nos
780 2039 822 2064 in-

31 2075 122 2103 ductos
135 2076 210 2103 ducit
222 2081 248 2103 et
262 2085 324 2111 prae
335 2085 363 2103 se
373 2076 518 2111 quamdam
529 2077 598 2111 gerit
609 2076 822 2111 utilitatem,quo

31 2114 114 2150 magis
128 2118 274 2149 expetatur,
288 2118 318 2140 ut
328 2114 452 2145 amicitia,
469 2114 536 2140 bona
547 2114 718 2140 existimatio.
733 2113 820 2148 Atque

31 2157 64 2178 ex
76 2150 117 2178 his
131 2151 226 2178 horum
241 2151 369 2178 contraria
384 2150 469 2182 facile,
483 2151 632 2177 tacentibus
643 2151 728 2182 nohis,
742 2150 821 2177 intel-

32 2185 154 2224 ligentur.
195 2190 252 2215 158.
268 2188 321 2215 Sed
341 2192 370 2214 ut
387 2188 539 2223 expeditius
558 2189 623 2215 ratio
638 2188 762 2219 tradatur,
779 2197 817 2220 ea,

31 2232 97 2261 quae
110 2226 260 2261 posuimus,
281 2225 356 2252 brevi
371 2225 590 2252 nominabuntur.
612 2226 678 2252 Nam
693 2226 719 2252 in
735 2226 821 2260 primo

31 2269 124 2299 genere
137 2272 206 2298 qnae
219 2267 291 2294 sunt,
308 2263 418 2289 honesta
432 2262 652 2297 appellabuntur,
681 2272 750 2298 qnae
773 2271 822 2289 au-

31 2302 83 2327 tem
99 2300 127 2327 in
145 2300 271 2331 secundo,
289 2300 373 2326 utilia.
399 2300 467 2326 llaec
480 2305 568 2326 autern
584 2301 667 2331 tertia,
683 2301 746 2335 qnia
762 2309 822 2335 par-

32 2339 83 2364 tem
96 2336 241 2364 honestatis
252 2337 265 2351 *
276 2336 286 2350 ⁴*
301 2338 436 2363 continent
450 2341 475 2363 et
488 2338 552 2372 quia
569 2338 650 2364 maior
664 2342 704 2364 est
719 2338 759 2364 vis
774 2337 822 2364 ho-

32 2375 147 2407 nestatis,
168 2375 258 2402 iuncta
271 2383 329 2401 esse
343 2375 452 2401 omnino
466 2383 499 2400 ex
512 2374 614 2409 duplici
632 2384 728 2410 genere
743 2374 822 2401 intel-

32 2409 159 2448 ligentur3
181 2412 228 2439 sed
242 2413 269 2439 in
284 2411 420 2438 meliorem
432 2417 532 2446 partem
547 2412 670 2438 vocabuli
683 2412 822 2438 conseran-

32 2450 74 2476 ‘ur
91 2453 116 2476 et
132 2449 242 2476 honesta
261 2450 440 2476 nominentur.
475 2449 516 2475 Ex
534 2449 576 2475 his
590 2449 658 2475 illud
672 2449 819 2480 coniicitur,

32 2489 62 2512 ut
77 2487 284 2521 appetendarum
303 2495 391 2514 rerum
411 2490 498 2521 partes
512 2487 566 2513 sint
592 2486 715 2513 honestas
730 2491 756 2513 et
769 2487 822 2513 nti-

33 2520 99 2555 fitus,
115 2524 283 2551 vitandarum
303 2524 440 2560 turpitudo
454 2527 479 2549 ct
493 2523 632 2550 inutilitas.
679 2524 725 2550 His
739 2524 822 2559 igitur

31 2558 135 2587 duabus
158 2561 239 2588 rebus
261 2561 330 2589 duae
348 2570 390 2588 res
403 2560 519 2598 grandes
533 2565 596 2587 sunt
609 2561 759 2591 attributae.
777 2570 823 2588 ne-

32 2597 165 2625 cessitudo
182 2602 207 2625 et
224 2598 339 2632 affectio3
367 2607 483 2634 quarum
501 2598 581 2624 altera
596 2606 629 2624 ex
644 2598 679 2629 vi,
695 2598 775 2625 alteru
790 2607 823 2625 ex

32 2641 60 2660 re
81 2639 107 2661 et
128 2636 248 2670 personis
266 2636 457 2663 consideratur.
492 2636 528 2661 Do
548 2639 660 2670 utraque
674 2639 734 2670 post
747 2644 824 2670 aper-

32 2669 307 2735 tiuslperscribemus;
332 2682 404 2701 nunc
417 2673 563 2700 honestatis
577 2673 691 2700 rationes
706 2673 822 2707 primuni

33 2714 83 2744 exp
94 2717 204 2737 iconius.

1015 173 1033 199 C
1049 173 1068 199 A
1084 174 1112 199 Ρ.
1141 174 1171 199 49
1192 188 1227 192 —-
1248 174 1290 199 533.
1628 174 1658 197 69

924 245 989 271 LIII.
1003 246 1059 270 159.
1071 243 1147 276 Quod
1162 248 1207 270 aut
1221 247 1305 269 totum
1319 247 1364 269 aut
1373 242 1462 277 aliqua
1473 252 1506 269 ex
1516 248 1589 277 parte
1600 252 1662 277 pro-

869 286 926 316 pter
939 290 967 308 se
981 282 1088 316 petitur,
1102 282 1244 308 honestum
1254 280 1462 307 nominabimus
1478 280 1565 312 Quare
1576 289 1661 315 quum

869 320 927 345 eius
947 319 1015 345 duae
1029 323 1116 353 partes
1131 319 1193 349 sint,
1216 327 1332 353 quarum
1346 317 1425 343 altera
1439 317 1564 352 simplex,
1581 317 1661 343 altera

870 356 958 382 iuncta
970 357 1012 387 sit,
1029 356 1180 390 simplicem
1195 356 1271 390 prius
1281 354 1492 381 consideremus.
1519 354 1567 380 Est
1581 355 1663 390 igitur

870 394 897 419 in
911 402 942 419 eo
955 402 1050 429 genere
1064 402 1156 419 omnes
1171 401 1212 419 res
1226 401 1279 418 una
1293 392 1320 418 vi
1334 396 1413 427 atque
1428 401 1480 418 uno
1491 392 1597 418 nomine
1607 401 1663 418 arn-

870 431 948 465 plexa
964 431 1058 457 virtus.
1094 431 1160 456 Nam
1174 431 1259 456 virtus
1278 433 1318 456 est
1336 430 1418 455 animi
1433 429 1540 455 habitus
1555 433 1663 455 naturae

871 468 949 494 modo
963 472 1042 503 atque
1053 468 1147 494 rationi
1159 471 1361 494 consentaneus.
1383 466 1562 498 Quamobrem
1577 467 1664 493 omni-

870 505 921 531 bus
932 505 990 531 eius
1000 505 1122 540 partibus
1133 505 1245 540 cognitis
1257 509 1308 531 tota
1324 505 1365 530 vis
1377 504 1426 530 erit
1439 503 1570 538 simplicis
1582 504 1664 530 hone—

847 556 848 559 =
871 543 946 568 statis
959 542 1132 569 considerata.
1160 542 1243 568 Habet
1254 542 1336 576 igitur
1347 545 1434 576 partes
1445 545 1583 576 quattuor:
1600 550 1665 576 prn-

847 580 848 587 ’
871 580 996 610 dentiam,
1009 580 1148 610 iustitiam,
1161 579 1353 610 fortitudinem,
1367 579 1577 613 temperantiam.
1609 580 1662 604 160.

870 617 1013 643 Prudentia
1025 621 1064 642 est
1075 625 1163 642 rerum
1175 617 1304 642 bonarum
1314 620 1339 641 et
1348 615 1487 646 malarum,
1496 620 1665 642 neutrarum-

871 663 924 689 que
935 655 1055 680 scientia.
1070 654 1160 679 Partes
1172 654 1244 679 eius:
1262 654 1398 684 memoria,
1411 653 1595 688 intelligentia,
1605 662 1666 688 pro—-

872 691 998 718 videntia.
1028 692 1153 717 Memoria
1168 695 1215 721 est,
1233 699 1275 725 pe1
1294 699 1375 725 qnam
1386 691 1492 716 animus
1503 691 1598 725 repetit
1608 690 1663 721 illa,

871 738 939 764 quae
951 728 1068 755 fuerunt.
1090 728 1265 763 intelligentia
1276 732 1324 759 est,
1338 736 1385 762 per
1394 736 1475 762 quam
1487 736 1515 753 ea
1528 728 1663 762 perspicit,

871 775 939 801 quae
952 770 1023 792 sunt.
1040 766 1208 792 Providentia
1220 769 1268 796 est,
1280 773 1327 799 per
1337 774 1418 799 quam
1431 764 1551 790 futurum
1563 765 1664 800 aliquid

872 804 986 835 videtur,
995 808 1054 830 ante
1065 812 1145 838 qnam
1158 802 1256 829 sactum
1268 803 1312 828 sit.
1324 802 1428 828 Iustitia
1438 806 1477 827 est
1489 802 1596 828 habitus
1609 803 1666 829 ani-

872 842 918 872 mi,
934 841 1070 867 communi
1083 840 1194 866 utilitate
1207 844 1370 871 conservata,
1383 848 1459 865 suam
1471 840 1569 874 cuique
1581 840 1666 866 tribu-

872 888 919 905 ens
930 878 1096 914 dignitatem.
1110 878 1175 904 Eius
1187 878 1293 903 initium
1306 882 1345 903 est
1356 877 1388 903 ab
1400 880 1491 902 natura
1502 876 1664 911 profectum,

872 916 968 942 deinde
979 915 1110 951 quaedam
1122 916 1149 941 in
1159 914 1382 942 consuetudinem
1393 923 1427 940 ex
1436 913 1558 940 utilitatis
1567 915 1666 940 ratione

874 958 1015 986 venerunt3
1037 957 1128 988 postea
1139 961 1180 979 res
1195 957 1221 979 et
1234 953 1266 978 ab
1281 956 1373 978 natura
1385 951 1515 986 profectas
1526 956 1551 977 et
1561 952 1594 977 ab
1604 960 1667 978 con—

872 991 1015 1017 suetudine
1026 990 1149 1025 probatas
1161 989 1251 1026 legum
1262 994 1350 1016 metus
1361 993 1386 1015 et
1396 988 1489 1024 religio
1499 989 1596 1015 sanxit.
1610 991 1665 1015 161.

872 1029 972 1055 Natura
986 1028 1029 1054 ius
1044 1032 1091 1059 est,
1109 1027 1181 1062 quod
1196 1036 1247 1054 non
1259 1027 1349 1061 opinio
1362 1027 1464 1062 genuit,
1478 1026 1525 1052 sed
1535 1026 1667 1061 quaedam

873 1066 963 1092 innata
969 1066 1010 1092 vis
1021 1063 1183 1102 inse[r]uit*,
1192 1069 1222 1091 ut
1231 1064 1397 1099 religionem,
1407 1064 1665 1099 pietatem,gratiam,

872 1103 1088 1134 vindicationem,
1104 1103 1311 1132 observantiam,
1324 1102 1471 1128 veritatem.
1501 1101 1604 1137 Religio
1617 1106 1665 1131 est,

872 1150 940 1176 quae
954 1140 1100 1175 superioris
1112 1140 1253 1166 cuiusdam
1264 1143 1373 1165 naturae
1384 1139 1476 1174 <quam
1489 1138 1609 1164 divinam
1622 1148 1668 1164 vo-

872 1178 941 1213 cant)
954 1187 1046 1204 curam
1057 1178 1301 1212 caerimoniamque
1311 1176 1397 1209 affert,
1420 1176 1513 1211 pietaS,
1530 1184 1577 1210 per
1586 1185 1667 1211 quain

872 1216 1003 1251 sanguiue
1022 1215 1171 1241 coniunctis
1187 1215 1340 1249 patriaeque
1356 1213 1493 1240 benevolis
1509 1213 1628 1239 officium
1643 1218 1669 1239 et

872 1253 987 1288 diligens
999 1253 1127 1279 tribuitur
1140 1252 1243 1285 cultns3
1268 1252 1360 1287 gratia,
1379 1251 1406 1277 in
1422 1260 1475 1286 qua
1489 1251 1667 1277 amicitiarum

872 1295 897 1317 et
907 1290 1056 1317 officiorum
1071 1289 1179 1316 alterins
1191 1290 1319 1316 memoria
1334 1293 1359 1315 et
1370 1288 1558 1315 remunerandi
1572 1288 1669 1315 volun-

872 1332 911 1354 tas
925 1329 1089 1361 continetur3
1115 1328 1268 1358 vindicatio,
1285 1336 1332 1361 per
1344 1335 1426 1361 quam
1437 1327 1478 1352 vis
1492 1330 1518 1352 et
1532 1326 1629 1352 iniuria
1644 1330 1670 1352 et

872 1366 981 1392 omnino
1000 1374 1088 1397 omne,
1109 1365 1183 1400 quod
1201 1364 1359 1391 obfuturum
1375 1368 1423 1395 est,
1440 1363 1608 1390 defendendo
1624 1368 1669 1390 ant

872 1402 1026 1429 ulciscendo
1037 1402 1222 1437 propulsatur:
1239 1402 1416 1432 observantia,
1430 1410 1477 1436 per
1487 1410 1568 1436 quam
1583 1401 1669 1427 homi-

872 1449 919 1466 nes
933 1440 1022 1475 aliqua
1033 1440 1162 1476 dignitate
1176 1439 1360 1466 antecedentes
1371 1438 1445 1465 cultu
1457 1438 1573 1473 quodam
1585 1443 1610 1464 et
1621 1438 1669 1465 ho-

873 1486 935 1504 nore
945 1478 1103 1513 dignantnr;
1131 1479 1187 1504 ⁴62.
1200 1477 1307 1508 veritas,
1324 1485 1370 1511 per
1381 1485 1462 1511 quam
1478 1477 1617 1502 immutata
1628 1484 1666 1507 ea,

872 1524 941 1550 qnae
952 1519 1016 1541 sunt
1028 1519 1074 1541 aut
1087 1519 1146 1540 ante
1160 1514 1269 1541 fuerunt
1282 1518 1327 1540 aut
1343 1513 1430 1539 sutura
1445 1518 1517 1544 sunt,
1531 1513 1666 1539 (licuntur.

873 1553 937 1579 LlV.
959 1551 1159 1579 Consuetudine
1174 1553 1218 1578 ius
1233 1555 1282 1582 est,
1305 1551 1378 1586 quod
1392 1555 1438 1577 aut
1450 1551 1565 1577 levitera
1576 1555 1669 1576 natura

872 1594 986 1616 tractum
1001 1589 1068 1616 aluit
1083 1593 1108 1615 et
1121 1590 1208 1616 maius
1224 1588 1286 1615 fecit
1296 1597 1371 1620 usus,
1386 1593 1415 1614 ut
1429 1588 1598 1623 religionem,
1624 1592 1670 1614 aut

872 1627 895 1653 si
908 1627 975 1662 quid
995 1636 1096 1658 eorum,
1119 1635 1188 1662 quae
1204 1631 1263 1653 ante
1278 1626 1408 1657 diximus,
1427 1626 1460 1651 ab
1475 1630 1567 1651 natura
1582 1624 1669 1660 profe-

872 1669 954 1696 ctum,
971 1665 1058 1690 maius
1071 1664 1170 1691 sactum
1182 1668 1288 1699 propter
1300 1663 1521 1690 consuetudinem
1534 1662 1666 1689 videmus.

872 1706 918 1728 aut
933 1701 1006 1737 quod
1023 1702 1049 1728 in
1064 1710 1165 1728 morem
1181 1705 1300 1728 vetustas
1315 1700 1389 1735 vulgi
1406 1700 1595 1735 approbatione
1610 1709 1669 1735 per—

872 1739 964 1773 duxit3
992 1739 1065 1774 quod
1075 1748 1161 1774 genus
1174 1744 1289 1774 pactum,
1304 1748 1359 1773 par,
1374 1738 1530 1765 iudicatum.
1560 1738 1669 1763 Paetum

872 1781 920 1808 est,
934 1776 1007 1812 quod
1017 1777 1085 1803 inter
1096 1777 1200 1811 aliquos
1215 1776 1353 1808 convenit,
1375 1785 1430 1811 par,
1447 1775 1519 1810 qnod
1534 1775 1561 1801 in
1577 1784 1669 1801 omnes

872 1814 1012 1849 aequabile
1024 1819 1077 1847 est,
1102 1814 1259 1845 indicatum,
1276 1813 1308 1840 de
1319 1822 1374 1848 quo
1384 1813 1498 1839 alicuius
1510 1817 1555 1838 aut
1566 1812 1670 1847 aliquo-

872 1861 933 1878 rum
944 1853 996 1878 iam
1007 1852 1146 1878 sententiis
1157 1852 1332 1878 constitutum
1344 1855 1392 1877 est.
1407 1851 1475 1886 Lege
1486 1851 1529 1876 ius
1540 1855 1588 1881 est,
1597 1850 1669 1884 qnod

873 1889 900 1915 in
911 1898 941 1916 eo
952 1889 1060 1924 scripto,
1073 1889 1145 1924 quod
1157 1889 1257 1924 populo
1267 1889 1420 1923 expositum
1432 1892 1479 1919 est,
1495 1892 1524 1914 ut
1534 1887 1666 1918 observet,

872 1926 1031 1953 continetur.
1050 1928 1106 1952 163.
1115 1926 1252 1954 Fortitudo
1262 1931 1302 1952 est
1311 1926 1476 1952 considerata
1488 1924 1668 1960 periculorum

873 1965 1008 1999 susceptio
1019 1969 1044 1990 et
1059 1963 1179 1990 laborum
1192 1964 1338 1999 perpessio.
1354 1964 1419 1989 Eius
1431 1968 1531 1997 partes:
1546 1962 1669 1998 magnili-

872 2002 967 2033 centia,
981 2001 1096 2032 fidentia,
1106 2002 1241 2036 patientia,
1250 2001 1456 2036 perseverantia.
1472 2000 1668 2035 Magnilieentia

873 2043 913 2065 est
924 2047 1012 2065 rernm
1028 2048 1185 2074 magnarum
1200 2044 1226 2065 et
1236 2038 1403 2065 excelsarum
1415 2046 1476 2064 enin
1487 2037 1568 2063 animi
1581 2037 1668 2072 ampla

873 2076 990 2111 quadam
1013 2081 1039 2102 et
1058 2076 1198 2110 splendida
1213 2076 1393 2111 propositione
1408 2076 1515 2111 agitatio
1529 2079 1609 2110 atque
1623 2075 1669 2100 ad-

874 2114 1046 2146 ministratio,
1065 2114 1172 2140 lidentia
1184 2118 1232 2145 est,
1246 2122 1383 2149 perquam
1396 2113 1500 2148 magnis
1514 2117 1539 2138 et
1550 2112 1669 2138 honestis

874 2151 901 2177 in
913 2151 993 2177 rebus
1005 2150 1120 2177 multum
1137 2151 1194 2186 ipse
1205 2152 1311 2177 animus
1326 2151 1352 2177 in
1364 2159 1392 2176 se
1403 2150 1515 2176 fiduciae
1526 2154 1668 2176 certarum

873 2197 922 2223 spe
945 2188 1096 2222 collocavit,
1119 2189 1244 2223 patientia
1265 2193 1305 2215 est
1325 2188 1470 2214 honestatis
1486 2192 1532 2213 aut
1547 2187 1669 2213 utilitatis

873 2234 968 2252 caussa
989 2234 1078 2252 rerum
1096 2226 1240 2252 arduarum
1260 2234 1289 2252 ac
1307 2225 1460 2251 difficilium
1478 2224 1624 2251 voluntaria
1640 2233 1669 2249 ae.

873 2263 969 2289 diurna
982 2264 1134 2298 perpessio,
1150 2264 1205 2290 16-1.
1218 2263 1412 2298 perseverantia
1423 2266 1463 2288 est
1474 2262 1501 2288 in
1513 2262 1612 2288 ratione
1624 2262 1669 2287 he-

874 2309 906 2326 ne
916 2300 1080 2326 considerata
1091 2300 1196 2327 stabilis
1207 2305 1232 2327 et
1243 2305 1371 2335 perpetua
1383 2300 1543 2334 permansio.
1557 2299 1669 2333 Tempe-

874 2338 958 2364 rantia
971 2342 1012 2364 cst
1027 2338 1135 2364 rationis
1151 2338 1178 2364 in
1195 2338 1333 2364 libidinem
1348 2342 1427 2372 atque
1444 2337 1469 2362 in
1485 2336 1551 2362 alios
1566 2344 1616 2362 non
1629 2345 1669 2361 re-

873 2379 928 2401 ctos
939 2375 1057 2409 impetus
1067 2376 1149 2401 aniini
1162 2375 1236 2401 lirina
1250 2380 1275 2401 et
1286 2375 1418 2401 moderata
1428 2373 1583 2399 dominatio.
1603 2373 1668 2399 Eius

874 2416 961 2446 partes
975 2416 1039 2438 sunt
1052 2413 1223 2443 continentia,
1239 2412 1389 2442 clementia,
1403 2411 1541 2437 modestia.
1579 2410 1669 2437 Conti—

874 2449 962 2475 nentia
981 2453 1029 2479 est.
1053 2458 1099 2483 per
1113 2458 1194 2484 quani
1208 2449 1342 2483 cupiditas
1356 2447 1460 2474 consilii
1475 2448 1670 2483 gubernatione

873 2487 986 2519 regimim
1011 2486 1160 2517 elementia,
1179 2495 1225 2521 per
1240 2495 1321 2521 qnam
1337 2486 1418 2512 aniini
1430 2490 1528 2511 temere
1539 2485 1565 2511 in
1576 2485 1669 2511 odium

874 2523 989 2549 alieuius
999 2524 1121 2549 com-iuni
1134 2524 1297 2550 invectiones
1309 2523 1431 2549 comitate
1443 2523 1602 2549 retinentur:
1613 2531 1668 2548 ino-

873 2561 967 2591 destia,
990 2569 1036 2595 per
1057 2570 1138 2595 quain
1162 2561 1248 2595 pudor
1268 2560 1370 2586 honesti
1391 2569 1482 2586 curam
1501 2564 1527 2586 et
1545 2559 1667 2586 stabilem

874 2602 1010 2632 comparat
1023 2598 1215 2624 auctoritatem.
1245 2598 1331 2632 Atque
1346 2597 1409 2624 haee
1423 2597 1511 2623 onmia
1524 2602 1630 2632 propter
1640 2605 1668 2622 so

874 2634 971 2666 solnm,
986 2639 1013 2660 ut
1026 2635 1091 2661 nihil
1104 2635 1264 2670 adiungatur
1275 2634 1458 2666 emolumenti,
1471 2634 1583 2669 petenda
1594 2639 1666 2660 sunt.

875 2671 951 2704 Quod
966 2677 994 2698 ιιι
1004 2671 1209 2703 demonstretur,
1225 2681 1310 2707 neque
1322 2672 1414 2698 adhoc
1429 2677 1548 2698 nostruin
1561 2672 1668 2697 institn-

877 2714 932 2736 tuin
952 2710 1065 2744 pertinet
1080 2714 1105 2737 et
1116 2719 1129 2737 u
1144 2710 1271 2737 brevitate
1283 2709 1462 2745 praecipiendi
1475 2713 1605 2735 remotum
1617 2714 1666 2735 est.
