1941 3052
188 145 236 170 ari-2

189 214 280 244 «libus,
296 215 342 248 qni
360 212 604 239 invommmlissimo
619 212 836 246 navigassemiis;
869 216 894 237 et
909 211 977 237 Leu-

188 257 272 277 entum
295 250 396 276 neon-rc
421 250 561 275 molestum
583 249 733 274 videbatur.
779 249 910 274 Actuariis
930 257 978 273 au-

190 294 240 314 tem
259 289 382 316 minutis,
402 288 488 312 Patras
503 285 627 311 accedere
642 286 699 311 sine
712 285 753 311 his
766 285 976 320 impedimentis,

190 335 240 351 nnn
262 326 325 350 satis
343 326 430 349 visum
447 328 487 348 cst
501 322 638 349 decorum.
680 323 748 357 Ego,
767 327 795 348 ut
805 330 884 356 saepe
897 327 922 348 tu
937 331 978 347 me

189 366 338 387 currentem
360 361 477 386 hortatus
498 368 539 390 es,
562 359 683 394 quotidie
699 359 824 389 meditor,
843 359 979 394 praecipio

191 400 270 427 nivis,
290 397 382 423 socium
399 397 525 431 denique,
539 401 683 423 utsumma
696 396 825 423 modestia
837 401 977 423 etsumma

189 435 349 461 abstinentia
382 443 480 460 munus
511 434 560 460 hoc
591 433 830 460 extraordinarium
857 433 980 459 traduca-

190 481 259 498 mus.
292 471 418 502 Paruum,
433 470 522 501 velim,
536 471 665 506 quiescat,
679 475 704 497 et
716 471 818 497 fortuna
831 479 878 496 nos
891 471 976 500 iuvet,

191 514 276 535 nostra
289 508 495 543 praestabimus.
535 510 560 534 2.
576 508 625 538 Tu,
638 516 750 543 quaeso,
764 508 829 542 quid
842 516 918 541 agas,
932 508 979 533 ubi

189 554 296 581 quoque
317 550 435 580 tempore
455 545 561 572 futurus
577 546 628 577 sis,
646 545 740 580 quales
757 554 798 572 res
814 550 917 571 nostras
930 545 980 570 Ro-

191 591 248 609 mae
264 582 414 617 reliqueris,
433 583 549 608 maxime
565 582 598 608 110
613 590 650 608 xx
666 587 782 613 etnvcc,
798 590 860 608 cura
872 586 901 608 ut
911 582 980 608 scia-

191 628 260 647 mus.
302 620 329 646 ld
354 621 414 646 unis
429 619 573 655 diligenter
589 619 684 646 litteris
699 619 782 650 datis,
805 627 873 654 quae
889 619 922 645 ad
939 627 980 645 me

191 658 283 692 utiquo
299 657 477 691 perferantur,
499 665 672 692 consequere.
714 656 781 683 1111111
801 661 887 684 tamen
903 656 982 691 (quo-

191 695 262 721 niam
278 703 348 720 nunc
365 694 442 725 abes,
460 703 544 729 quum
561 694 588 720 id
606 703 657 720 non
669 694 770 729 agitur:
793 694 881 720 aderis
892 698 980 720 autem

190 731 222 757 ad
239 736 354 766 tempus,
369 736 396 758 ut
412 732 477 758 mihi
489 732 677 766 rescripsistit)
688 737 820 758 memento
831 739 923 757 curare
936 739 982 765 per

191 774 214 795 te
235 773 260 795 et
280 777 327 804 per
340 777 432 795 omnes
449 773 565 799 nostros.
583 770 610 795 in
626 769 722 804 primis
738 777 785 803 per
800 769 979 798 llortensium,

192 810 219 833 ut
233 815 320 832 annus
342 811 430 832 noster
445 810 549 833 manent
563 815 612 832 suo
627 810 710 837 statu,
729 814 760 832 ne
776 805 843 840 quid
860 806 922 832 novi
934 805 982 831 ‹le-

190 847 323 870 cernatur.
363 843 415 870 lloc
432 843 479 870 tibi
497 844 530 869 ita
547 843 657 874 mondo,
675 848 704 869 ut
714 842 845 873 dubitem,
857 851 890 869 an
902 843 981 869 ctiam

191 885 215 907 te
231 888 335 915 rogem,
353 885 382 907 ut
397 889 514 916 pugnes,
533 889 564 907 ne
582 880 761 907 intercaletur.
803 879 855 906 Sed
871 888 923 906 non
934 888 983 905 au-

191 917 240 943 deo
251 918 299 944 tibi
309 919 398 944 omnia
409 926 488 944 onera
501 918 647 952 imponere.
688 918 795 944 Annum
806 916 916 952 quidem
929 918 983 943 uti-

191 963 244 990 que
255 959 350 981 teneto.
382 956 406 981 3.
422 955 513 981 Cicero
525 963 610 986 meus,
624 954 983 981 modestissimusetsuavis-

191 992 277 1018 simus
294 1000 372 1027 puer,
391 992 440 1018 tibi
458 992 572 1019 salutem
587 992 662 1018 dicit.
703 992 860 1028 Dionysium
877 1000 984 1026 semper

191 1029 317 1064 equidem
327 1050 333 1060 ,
351 1034 379 1055 ut
393 1030 460 1061 scis,
479 1029 578 1056 dilexi:
613 1029 660 1055 sed
672 1029 793 1064 quotidie
805 1028 891 1064 pluris
904 1029 980 1060 facio,

191 1071 217 1093 et
239 1066 391 1093 mehercule
407 1067 433 1093 in
449 1067 558 1102 primis,
575 1066 647 1102 quod
662 1071 686 1093 te
697 1071 780 1098 amat,
797 1074 846 1093 nec
857 1067 895 1094 tui
908 1075 984 1093 men-

190 1104 291 1131 tionem
302 1104 441 1132 intermitti
452 1105 526 1130 sinit.

243 1174 273 1195 Χ.
291 1176 387 1199 (Au-mh.
399 1177 455 1197 nuru,
464 1177 558 1195 Munna
567 1184 613 1194 mu.
625 1179 679 1197 1111.)

377 1219 542 1246 CICERO
575 1219 742 1246 ATTICO
771 1217 800 1246 S.

248 1258 270 1282 t.
292 1251 332 1282 Ut
342 1256 459 1283 Athenas
471 1265 494 1282 a.
508 1256 535 1283 d.
549 1265 594 1283 vu.
611 1256 669 1283 Kal.
681 1256 773 1289 Quint.
787 1263 922 1287 veneram,
935 1263 983 1283 ex—

191 1293 344 1328 spectabam
361 1293 399 1320 ibi
415 1295 468 1320 iam
483 1299 608 1329 quartum
625 1294 697 1320 diem
708 1294 906 1329 Pomptinium:
936 1302 984 1320 ne-

190 1339 243 1366 que
255 1330 288 1357 de
301 1331 360 1357 eius
371 1330 487 1357 adventu
498 1331 563 1358 certi
575 1331 725 1366 quidquam
737 1331 883 1358 habebam:
910 1339 983 1358 eram

191 1372 280 1394 autem
292 1372 375 1399 totus,
394 1368 473 1395 crede
483 1368 561 1400 mihi,
576 1373 677 1395 tecum:
701 1373 734 1400 et,
748 1377 913 1404 quamquam
924 1369 983 1395 sine

191 1405 234 1431 his
245 1413 293 1440 per
302 1413 344 1431 me
356 1406 427 1440 ipse,
442 1410 529 1432 tamen
541 1406 639 1437 acrius,
654 1407 777 1442 vestigiis
788 1406 842 1432 tuis
853 1406 980 1436 monitus,

191 1442 224 1468 de
235 1447 259 1469 te
270 1442 430 1478 cogitabam.
456 1442 528 1475 Quid
539 1442 665 1478 quaeris?
684 1452 736 1470 non
749 1443 902 1469 mehercule
913 1442 983 1469 alius

190 1478 264 1506 ullus
275 1488 376 1511 sermo,
390 1480 443 1506 nisi
455 1479 488 1506 de
500 1485 534 1507 te.
556 1481 581 1506 2.
597 1480 650 1507 Sed
662 1485 690 1506 tu
702 1479 806 1516 aliquid
817 1480 850 1507 de
861 1488 904 1507 me
915 1481 983 1506 scire

190 1515 302 1544 fortasse
321 1518 418 1544 mavis.
457 1517 527 1544 Haec
543 1522 619 1544 sunt:
647 1517 735 1544 adhuc
750 1522 875 1552 sumptus
892 1525 940 1544 nec
956 1517 983 1543 in

190 1562 233 1580 me
247 1558 293 1581 aut
303 1553 412 1589 publice
423 1555 611 1589 autprivatim,
625 1563 674 1581 nec
685 1555 712 1581 in
724 1563 889 1590 quemquam
899 1555 984 1582 comi-

191 1596 258 1618 tum.
298 1591 371 1617 Nihil
393 1592 524 1627 accipitur
544 1590 602 1627 lege
616 1591 697 1623 Iulia,
727 1592 796 1618 nihil
814 1592 848 1618 ab
862 1592 980 1627 hospite,

191 1636 350 1663 persuasum
364 1633 404 1655 est
414 1629 541 1655 omnibus
552 1630 629 1660 meis,
642 1629 817 1655 serviendum
828 1637 887 1656 esse
899 1629 984 1656 famae

191 1674 275 1692 meae.
314 1665 386 1692 Belle
397 1666 496 1692 adhuc.
535 1666 590 1693 Hoc
610 1666 842 1697 animadversum,
869 1666 985 1693 Graeco-

191 1711 250 1729 rum
263 1702 341 1729 laude
353 1707 379 1729 et
388 1703 473 1730 multo
484 1711 606 1730 sermone
616 1703 775 1730 celebratur.
801 1703 878 1736 Quod
889 1711 985 1738 super-

190 1744 243 1771 est,
260 1739 411 1767 elaboratur
425 1741 452 1767 in
467 1740 518 1767 hoc
531 1749 546 1767 a
559 1749 616 1772 me,
631 1741 702 1767 sicut
716 1740 765 1767 tibi
779 1741 853 1767 sensi
867 1740 982 1775 placere.

191 1775 244 1803 Sed
256 1776 320 1803 haec
331 1781 388 1804 tum
400 1777 550 1809 laudemus,
564 1786 649 1814 quum
660 1782 873 1812 eruntperorata.
895 1779 920 1804 3.
932 1778 985 1804 Re-

192 1812 265 1849 liqua
275 1819 339 1840 sunt
349 1815 492 1846 eiusmodi,
505 1819 536 1841 ut
545 1823 636 1841 meum
647 1814 792 1841 consilium
802 1822 882 1849 saepe
893 1822 985 1849 repre-

191 1850 317 1882 hendam,
330 1851 402 1886 quod
417 1860 468 1878 non
480 1851 569 1887 aliqua
580 1853 680 1878 ratione
691 1851 891 1887 exhocnegotio
897 1859 985 1878 emer-

191 1888 282 1914 serim.
321 1887 344 1915 Ο
358 1897 414 1915 10111
426 1889 537 1915 minime
548 1894 637 1924 aptam
649 1889 717 1915 meis
728 1889 862 1915 moribus!
885 1897 901 1915 ο
915 1888 983 1915 1111111

192 1932 296 1955 verum,
318 1924 388 1961 ἕρδοι
407 1936 444 1956 τις
453 1926 502 1951 —!
526 1926 616 1957 Dices,
639 1925 706 1960 quid
727 1925 834 1952 adhuc‘?
863 1925 983 1952 nondum

191 1962 263 1987 enim
279 1961 306 1987 in
322 1963 428 1998 negotio
443 1963 569 1989 versaris.
609 1963 717 1994 Nescio,
745 1967 771 1989 et
784 1967 849 1997 puto
864 1962 984 1989 molesti-

190 2006 235 2025 ora
246 2003 359 2025 restare:
383 1999 433 2026 etsi
445 1999 509 2026 haec
521 2000 579 2035 ipsa
590 1998 644 2026 fero
655 1999 782 2034 equidem
790 1999 884 2031 fronte,
897 2005 984 2035 utpu-
1004 2023 1006 2032 ,

191 2040 230 2066 to,
244 2040 269 2062 et
284 2035 360 2062 vultu
374 2035 536 2070 bellissime;
568 2036 616 2063 sed
629 2045 712 2072 angor
727 2037 829 2063 intimis
840 2037 981 2064 sensibus:

190 2073 226 2099 ita
238 2072 321 2099 multa
333 2072 374 2099 vel
388 2073 524 2105 iracunde,
537 2074 579 2100 vel
592 2073 745 2105 insolenter,
758 2074 801 2100 vel
813 2075 840 2100 in
851 2075 925 2101 omni
935 2083 984 2110 ge-

190 2117 253 2136 nere
264 2109 392 2137 stultitiae
402 2110 514 2142 insulse,
523 2116 676 2147 arroganter
686 2116 711 2138 et
721 2111 849 2138 dicuntur
858 2116 884 2138 et
894 2116 984 2138 tacen-

190 2151 234 2173 tur
243 2147 374 2182 quotidie.
405 2148 487 2180 Quae,
500 2157 552 2175 non
563 2157 617 2184 quo
628 2153 652 2174 te
662 2147 757 2179 celem,
771 2157 822 2175 non
834 2149 981 2183 perscribo,

190 2183 238 2210 sed
252 2185 317 2220 quia
332 2184 483 2220 δυςεξίμητα
498 2190 570 2212 sunt.
610 2186 702 2220 ltaque
717 2185 884 2212 admirabere
895 2195 983 2212 meam

189 2221 337 2284 ἶαθύτητα,
348 2230 433 2257 quum
445 2222 514 2249 salvi
528 2222 703 2249 redierimus:
730 2227 801 2250 tanta
815 2223 983 2259 1111111μελέτη

210 2258 273 2285 nius
286 2259 394 2285 virtutis
405 2259 492 2286 datur.
524 2261 548 2287 t.
563 2260 633 2296 Ergo
644 2259 709 2286 haec
719 2268 828 2296 quoque
842 2260 982 2287 hactenus.

189 2295 248 2322 Etsi
259 2295 327 2322 mihi
338 2296 405 2322 nihil
417 2302 472 2323 crat
482 2298 649 2332 propositum
661 2297 694 2324 ad
700 2297 889 2330 scribendum}
907 2298 980 2333 quia,

189 2332 256 2367 quid
271 2341 378 2369 ageres,
394 2334 441 2360 ubi
456 2339 586 2361 terrarum
599 2343 686 2365 05505,
702 2343 735 2361 110
749 2334 908 2369 suspicabar
920 2335 984 2370 qui-

189 2369 265 2396 dem:
297 2378 346 2396 nec
364 2370 473 2398 hercule
488 2380 619 2406 umquam
635 2376 688 2398 tam
703 2371 751 2398 diu
767 2373 878 2407 ignarus
893 2380 983 2398 rerum

190 2415 310 2433 mearum
325 2406 373 2438 fui,
389 2408 457 2443 quid
467 2408 500 2434 de
512 2408 642 2439 Caesaris,
655 2408 723 2444 quid
733 2408 766 2435 de
776 2408 884 2435 Milonis
896 2410 984 2436 nomi-

190 2443 271 2470 nibus
287 2449 375 2471 actum
390 2446 438 2472 sit:
469 2454 500 2472 ac
515 2454 568 2473 11011
583 2445 662 2472 modo
677 2454 768 2477 nemo,
786 2446 833 2472 sed
849 2454 882 2472 ne
892 2454 984 2473 rumor

190 2480 301 2514 quidem
324 2483 483 2517 quisquam,
505 2487 536 2510 ut
554 2483 701 2513 sciremus,
719 2483 747 2509 in
762 2483 900 2518 republica
915 2483 982 2518 quid

191 2522 322 2551 ageretur.
353 2518 440 2551 Quare
450 2520 474 2546 si
484 2520 552 2554 quid
563 2521 621 2551 erit,
634 2519 707 2554 quod
718 2520 788 2546 scias
800 2520 832 2546 de
844 2521 878 2546 iis
889 2520 980 2550 rebus,

191 2561 259 2595 quas
274 2555 383 2588 putabis
397 2557 466 2583 scire
482 2565 524 2583 me
536 2556 614 2588 velle,
628 2565 676 2591 per
686 2556 755 2582 mihi
765 2562 873 2592 gratum
883 2558 942 2588 erit,
959 2557 983 2583 si

190 2589 223 2631 id
229 2591 332 2617 curaris
343 2592 375 2618 ad
387 2601 428 2620 me
439 2593 639 2628 perferendum.
660 2594 686 2620 5.
698 2592 769 2625 Quid
780 2598 820 2620 est
830 2593 983 2628 praeterea?

191 2626 266 2653 N1hi1
278 2635 350 2659 sane,
364 2630 417 2656 nisi
431 2630 512 2657 illud!
527 2631 609 2657 valde
620 2639 662 2657 me
673 2630 978 2663 Athenaedelectarunt3

191 2663 258 2690 urbs
277 2663 430 2698 dumtaxat,
451 2672 477 2694 et
491 2668 568 2696 urbis
582 2672 783 2699 ornamentum,
799 2672 827 2695 et
840 2668 982 2696 hominum

761 143 802 168 91.
834 141 868 168 Μ.
899 141 929 167 Τ.
963 140 1233 167 (ΖΙίΣΙῖ1Η1Χ15

998 213 1009 252 'l

1030 219 1132 236 amores
1149 211 1175 236 in
1195 215 1233 240 te.
1251 211 1313 237 etin
1326 219 1373 237 11011
1384 210 1514 246 quaedam
1527 210 1722 238 benevolentia,
1746 223 1755 235 ι
1766 212 1818 239 Sed

1031 247 1144 273 multum
1157 253 1182 273 et
1194 247 1373 282 philosophia.
1382 259 1391 271 ·1
1410 249 1473 274 ’Λιω
1484 249 1559 274 ιυὲιω4
1599 249 1628 274 Si
1639 249 1706 284 quid
1717 255 1766 276 est.
1779 255 1820 276 est

1031 286 1056 311 in
1073 285 1173 314 Aristo,
1191 284 1262 319 apud
1278 294 1359 319 quem
1373 294 1455 312 eram.
1500 286 1564 312 Nam
1583 285 1718 312 Xenonem
1731 292 1818 317 tuum,

1031 321 1072 347 vel
1094 326 1214 347 nostrum
1230 323 1332 356 potius,
1350 322 1448 353 Quinto
1463 331 1659 349 concesseram:
1692 329 1717 350 et
1732 329 1819 350 tamen

1031 363 1138 393 propter
1159 359 1322 385 vicinitatem
1335 364 1400 385 totos
1412 359 1470 385 dies
1481 360 1561 386 simul
1574 368 1680 386 eramus
1696 362 1818 387 iunctim.

1029 398 1118 428 Quum
1140 396 1257 430 primum
1279 397 1391 430 poteris,
1409 401 1453 422 tua
1468 396 1579 423 consilia
1595 397 1628 423 ad
1645 406 1686 423 me
1701 398 1817 424 scribas:

1032 438 1060 459 ut
1069 434 1166 462 seiam,
1184 432 1251 467 quid
1262 442 1339 467 agas,
1353 433 1400 459 uhi
1411 442 1519 469 quoque
1531 439 1647 469 tempore
1659 436 1668 446 ⁸
1678 455 1684 465 ,
1702 436 1818 462 maxime

1031 469 1140 506 quando
1151 470 1248 496 Romae
1260 470 1367 497 futurus
1377 471 1426 497 sis.

1085 539 1126 560 ΧΙ.
1155 540 1250 562 (Athenio.
1261 541 1317 561 Rutu.
1327 542 1418 560 Marullo
1428 548 1473 559 ton.
1484 543 1539 562 70³.)

1217 584 1384 611 CICERO
1413 584 1579 611 ATtho
1608 584 1636 610 S.

1089 623 1110 647 1.
1144 616 1217 647 Hui!
1250 623 1360 648 totiesne
1385 630 1427 648 me
1453 622 1552 648 litteras
1571 621 1679 648 dedisse
1700 621 1819 652 Romam.

1032 666 1116 693 quum
1128 658 1160 684 ad
1174 664 1197 685 te
1209 658 1296 685 nullas
1307 658 1416 685 darem?
1435 659 1467 686 At
1478 668 1541 685 vero
1552 659 1661 694 posthae
1671 658 1822 694 frustrapo-

1033 696 1086 722 tius
1107 695 1185 726 dabo,
1203 704 1294 731 quam,
1308 697 1330 722 si
1343 701 1411 722 recte
1421 696 1478 722 dari
1491 697 1633 731 potuerint,
1647 697 1820 726 committam,

1033 737 1062 758 ut
1076 741 1126 759 non
1139 733 1210 759 dem.
1247 734 1284 760 Ne
1296 734 1432 768 provincia
1445 734 1522 760 nobis
1533 738 1697 768 prorogetur.
1711 741 1758 768 per
1769 732 1822 759 for-

1033 771 1123 796 tunas!
1140 770 1204 796 dum
1217 770 1433 806 ades,qui=lquid
1446 771 1580 806 provideri
1592 775 1686 805 potest,
1699 769 1821 804 provide.

1033 807 1089 833 Non
1106 807 1160 833 (lici
1177 812 1270 842 potest,
1287 817 1368 843 quam
1381 807 1488 843 flagrem
1500 808 1633 834 desiderio
1644 807 1821 842 Urbis.qunm

1033 845 1081 870 vix
1103 844 1197 871 harum
1213 854 1300 871 rerum
1313 845 1490 872 insulsitatem
1502 845 1594 871 feram.
1635 846 1660 871 2.
1682 844 1822 871 Marcellus

1035 881 1110 908 foede
1125 881 1158 908 de
1169 882 1304 909 Comensi.
1344 883 1400 908 Etsi
1416 882 1460 909 ille
1472 883 1656 919 magistratum
1668 891 1719 908 non
1731 890 1823 918 gesat.h

1034 923 1082 948 rat,
1098 924 1153 945 erat
1169 924 1255 946 tamen
1270 920 1486 954 Transpadanus
1527 920 1562 946 lta
1574 919 1641 946 mihi
1654 919 1760 945 videtur
1770 927 1822 945 non

1034 956 1125 982 minus
1146 957 1275 983 stomachi
1296 962 1384 983 nostro
1402 966 1432 983 ac
1443 958 1548 983 Caesari
1565 957 1670 983 fecisse.
1709 955 1761 982 Sed
1773 956 1824 983 hoc

1035 993 1093 1028 ipse
1114 993 1220 1020 viderit.
1261 996 1286 1020 3.
1308 994 1450 1029 Pompeius
1466 994 1533 1020 mihi
1548 1002 1655 1029 quoque
1670 992 1821 1024 videbatur,

1033 1030 1106 1065 quod
1117 1031 1214 1057 scribis
1226 1031 1367 1057 Varronem
1379 1031 1476 1059 dicere.
1486 1032 1511 1058 in
1524 1032 1677 1066 llispaniam
1688 1035 1758 1056 certe
1769 1031 1823 1056 itu-

1034 1075 1090 1093 rus.
1130 1067 1159 1094 ld
1179 1076 1228 1103 ego
1244 1069 1355 1095 minime
1370 1069 1529 1104 probabam,
1551 1069 1599 1103 qui
1614 1067 1725 1103 quidem
1736 1067 1824 1094 Theo—

1034 1105 1118 1139 phani
1141 1104 1218 1131 facile
1234 1106 1365 1140 persuasi,
1387 1105 1454 1132 nihil
1466 1114 1525 1131 esse
1536 1105 1647 1135 melius,
1663 1113 1745 1140 quam
1757 1112 1823 1131 nus-

1034 1150 1115 1176 quam
1128 1142 1205 1168 illum
1216 1142 1364 1169 discedere.
1391 1143 1460 1178 Ergo
1471 1143 1589 1169 Graecus
1603 1141 1749 1168 incumbet.
1771 1141 1824 1167 Va-

1036 1178 1071 1205 let
1098 1184 1187 1205 autem
1216 1180 1358 1206 auctoritas
1382 1181 1441 1206 eius
1465 1179 1537 1214 apud
1561 1179 1638 1206 illum
1662 1179 1821 1214 plurimum.

1035 1217 1059 1242 4.
1081 1216 1137 1252 Ego
1151 1216 1200 1243 has
1216 1217 1303 1251 pridie
1319 1217 1407 1243 Nonas
1416 1216 1508 1249 Quint.
1525 1216 1697 1252 proficiscens
1712 1216 1824 1242 Athenis

1034 1253 1111 1284 dedi,
1137 1262 1223 1288 quum
1239 1254 1277 1280 ibi
1291 1253 1383 1280 decem
1395 1255 1468 1288 ipsos
1480 1253 1592 1280 fuissem
1603 1253 1672 1280 dies.
1712 1253 1825 1279 Venerat

1034 1291 1216 1327 Pomptiniu53
1254 1299 1306 1317 una
1329 1291 1378 1318 Cn.
1400 1291 1541 1324 Volusius3
1573 1290 1664 1317 aderat
1683 1295 1821 1325 quaestor;

1035 1334 1098 1356 tuus
1119 1338 1189 1356 unus
1200 1327 1306 1356 Tullius
1326 1328 1426 1355 aberat.
1461 1328 1592 1365 Ἆφρακτα
1604 1327 1782 1357 Rhodiorum,
1798 1331 1825 1354 et

1035 1366 1139 1403 δίκροια
1150 1366 1372 1403 Mitylenaeorum
1384 1365 1526 1398 habebam,
1538 1370 1564 1394 et
1574 1364 1677 1401 aliquid
1688 1364 1825 1392 ἐπικώπων

1035 1404 1083 1431 δεῖ.
1122 1405 1159 1431 De
1172 1404 1277 1431 Parthis
1297 1410 1353 1431 erat
1366 1404 1515 1431 silentium.
1554 1403 1630 1436 Quod
1641 1408 1772 1438 superest,
1785 1402 1824 1429 dii

1035 1442 1138 1468 iuvent.
1168 1443 1194 1468 5.
1214 1442 1266 1468 Nos
1277 1441 1366 1469 adhuc
1377 1443 1427 1468 iter
1437 1450 1485 1476 per
1495 1441 1634 1469 Graeciam
1645 1449 1750 1467 summa
1761 1447 1824 1466 cum

1035 1478 1210 1505 admiratione
1231 1478 1356 1506 fecimus.
1395 1479 1449 1505 Nec
1465 1478 1617 1505 mehercule
1634 1477 1732 1509 habeo,
1751 1476 1824 1512 quod

1035 1515 1132 1547 adhuc,
1148 1524 1229 1551 quem
1240 1524 1364 1543 accusem
1375 1524 1505 1543 meorum.
1527 1515 1657 1542 Videntur
1667 1515 1736 1541 mihi
1745 1522 1826 1541 nosse

1036 1561 1097 1584 1105,
1120 1558 1236 1580 nostram
1256 1562 1378 1580 caussam
1402 1559 1428 1580 et
1448 1552 1628 1580 conditionem
1652 1551 1825 1588 profectionis

1035 1598 1110 1617 suae.
1149 1590 1229 1617 Plane
1240 1591 1362 1618 serviunt
1372 1591 1564 1617 existimationi
1575 1598 1660 1616 meae.
1689 1588 1767 1622 Quod
1777 1596 1824 1615 su-

1036 1632 1133 1662 perest,
1155 1628 1179 1654 si
1191 1636 1285 1654 verum
1296 1627 1365 1654 illud
1378 1632 1431 1654 est:
1463 1628 1507 1655 οἵα
1520 1638 1569 1663 περ
1580 1627 1593 1661 ἦ
1605 1627 1738 1658 δέσποινα,
1753 1630 1824 1652 certe

1035 1664 1240 1699 permanebunt.
1280 1664 1354 1691 Nihil
1365 1665 1438 1691 enim
1449 1673 1463 1691 3
1474 1672 1516 1691 me
1528 1664 1586 1690 fieri
1596 1664 1630 1690 ita
1642 1663 1782 1693 videbunt,
1795 1667 1826 1689 ut

1035 1701 1089 1727 sibi
1109 1702 1145 1728 sit
1163 1701 1340 1737 delinquendi
1356 1701 1439 1728 locus.
1478 1701 1525 1728 Sin
1540 1701 1566 1727 id
1578 1709 1672 1736 parum
1683 1699 1822 1735 profuerit,

1036 1738 1080 1765 fiet
1089 1738 1194 1774 aliquid
1205 1747 1219 1765 a
1229 1739 1306 1765 nobis
1318 1739 1450 1765 severius.
1471 1739 1538 1765 Nam
1550 1738 1638 1764 adhuc
1650 1737 1756 1764 lenitate
1762 1736 1825 1763 dul—

1035 1783 1079 1802 ces
1089 1784 1198 1808 sumus;
1221 1780 1256 1806 et,
1268 1780 1297 1802 ut
1306 1784 1393 1810 spero,
1406 1775 1562 1810 proficimus
1573 1775 1751 1810 aliquantum.
1772 1773 1824 1800 Sed

1035 1821 1084 1848 ego
1107 1813 1184 1843 hanc,
1202 1817 1231 1839 ut
1245 1813 1347 1848 singuli
1358 1813 1460 1843 dicunt,
1473 1812 1578 1843 ἀνεξίαν
1588 1813 1615 1838 111
1627 1820 1711 1838 unum
1723 1819 1824 1837 annum

1035 1849 1179 1877 meditatus
1190 1858 1261 1876 sum.
1286 1849 1399 1877 Proinde
1413 1858 1513 1885 pugna,
1529 1858 1571 1879 ne,
1587 1850 1609 1875 si
1621 1848 1687 1884 quid
1699 1856 1825 1884 proroga-

1036 1891 1092 1913 tum
1107 1888 1150 1917 sit,
1169 1888 1254 1922 turpis
1265 1887 1398 1914 inveniar.
1427 1889 1452 1913 6.
1472 1887 1549 1913 Nunc
1560 1885 1638 1912 redeo
1649 1885 1682 1912 ad
1693 1894 1761 1920 quae
1773 1886 1825 1912 mi-

1036 1923 1063 1950 hi
1073 1924 1198 1951 mandas:
1219 1925 1247 1951 in
1258 1923 1400 1959 praefectis
1410 1924 1601 1954 excusatio:iis,
1614 1931 1683 1958 quos
1694 1921 1825 1953 voles,de-

1035 1960 1111 1988 ferto.
1151 1962 1209 1988 Non
1223 1970 1267 1988 ero
1282 1967 1335 1988 tam
1346 1963 1482 1997 μετέωρος,
1497 1969 1578 1996 quam
1589 1960 1618 1986 in
1628 1958 1762 1995 Appuleio
1772 1958 1822 1985 fui.

1034 1997 1175 2025 Xenonem
1195 2004 1249 2026 tam
1259 1998 1354 2034 diligo,
1369 2007 1452 2034 quam
1473 2002 1516 2025 tu:
1541 1997 1614 2033 quod
1626 1998 1715 2032 ipsum
1725 1996 1825 2023 sentire

1034 2041 1105 2063 certo
1119 2037 1186 2063 scio.
1224 2035 1304 2071 Apud
1315 2037 1454 2063 Patronem
1468 2040 1495 2062 et
1508 2035 1627 2070 reliquos
1638 2034 1750 2060 barones
1760 2038 1785 2060 te
1796 2033 1824 2059 in

1035 2074 1152 2100 maxima
1175 2073 1261 2109 gratia
1285 2074 1377 2108 posui:
1409 2078 1436 2100 et
1455 2072 1563 2099 hercule
1583 2072 1677 2098 merito
1696 2075 1742 2098 tuo
1760 2069 1823 2096 feci.

1034 2112 1102 2138 Nam
1122 2110 1191 2137 mihi
1211 2111 1248 2142 is,
1264 2115 1312 2141 ter,
1329 2110 1411 2141 dixit,
1428 2109 1604 2144 tescripsisse
1614 2108 1647 2135 ad
1657 2115 1696 2139 se,
1711 2106 1780 2134 mihi
1790 2114 1825 2134 ex

1035 2148 1110 2175 illius
1129 2147 1224 2175 litteris
1239 2156 1295 2174 rem
1311 2147 1385 2174 illam
1395 2155 1475 2174 curae
1486 2146 1579 2177 fuisse,
1596 2145 1669 2181 quod
1679 2146 1704 2171 ei
1714 2152 1825 2180 pergra—

1035 2191 1092 2212 tum
1111 2190 1176 2212 erat.
1216 2185 1270 2212 Sed
1285 2193 1369 2220 quum
1385 2185 1481 2211 Patron
1495 2192 1602 2210 mecum
1613 2184 1721 2219 egisset,
1737 2186 1767 2208 ut
1775 2189 1825 2216 pe-

1035 2228 1117 2250 terem
1137 2231 1151 2249 3
1171 2227 1260 2249 vestro
1273 2222 1420 2258 Ariopago,
1443 2219 1677 2256 ὖπομνηματισμόν
1691 2217 1822 2249 tollerent,

1034 2268 1115 2295 quem
1136 2259 1311 2295 Polycharmo
1330 2264 1449 2294 praetore
1464 2258 1589 2287 fecerant,
1603 2255 1770 2283 commodius
1782 2256 1824 2282 vi-

1034 2305 1095 2323 sum
1101 2297 1293 2327 estetXenoni,
1301 2301 1327 2322 et
1332 2300 1392 2331 post
1398 2296 1451 2331 ipsi
1456 2295 1571 2325 Patroni,
1579 2302 1621 2320 me
1627 2293 1660 2320 ad
1665 2292 1824 2319 Memmium

1034 2334 1160 2364 scribere,
1183 2334 1231 2369 qui
1242 2333 1338 2369 pridie,
1355 2341 1437 2368 quam
1447 2341 1497 2368 ego
1506 2331 1623 2359 Athenas
1633 2330 1704 2360 veni,
1717 2329 1824 2366 Mityle-

1034 2380 1082 2397 nas
1102 2370 1238 2406 profectus
1253 2375 1317 2401 erat,
1334 2375 1365 2397 ut
1378 2371 1402 2396 is
1417 2369 1450 2396 ad
1464 2378 1528 2396 suos
1542 2368 1684 2398 scriberet,
1701 2375 1779 2402 posse
1795 2366 1824 2393 id

1033 2417 1082 2434 sua
1097 2408 1233 2435 voluntate
1248 2408 1315 2434 fieri.
1355 2407 1412 2433 Non
1423 2407 1496 2433 enim
1506 2404 1647 2432 dubitabat
1657 2404 1742 2435 Xeno,
1755 2404 1822 2439 quin

1033 2445 1067 2471 ab
1087 2445 1250 2481 Ariopagitis
1270 2445 1355 2471 invito
1365 2444 1491 2471 Memmio
1505 2442 1641 2477 impetrari
1655 2449 1708 2467 non
1721 2446 1821 2476 posset.

1033 2483 1177 2509 Memmius
1188 2487 1278 2509 autem
1288 2481 1447 2508 aedificandi
1457 2479 1600 2507 eonsilium
1611 2478 1756 2511 abiecerat3
1774 2478 1823 2504 sed

1033 2524 1089 2546 erat
1098 2520 1203 2546 Patroni
1219 2520 1312 2546 iratus.
1351 2519 1442 2553 Itaque
1456 2517 1553 2551 scripsi
1567 2515 1601 2542 ad
1611 2524 1673 2542 eum
1684 2520 1820 2548 accurate3

1033 2558 1111 2583 cuius
1122 2556 1250 2592 epistolae
1261 2556 1325 2582 misi
1335 2555 1368 2582 ad
1379 2560 1403 2582 te
1413 2554 1579 2589 exemplum.
1618 2554 1644 2580 7.
1665 2553 1715 2584 Tu,
1728 2551 1821 2583 velim,

1032 2594 1128 2620 Piliam
1142 2594 1210 2620 meis
1221 2593 1312 2620 verbis
1325 2591 1473 2619 eonsolere:
1495 2589 1622 2617 indicabo
1630 2590 1703 2616 enim
1713 2589 1777 2616 tibi:
1793 2593 1823 2616 tu

1033 2630 1074 2657 illi
1093 2630 1163 2657 nihil
1183 2630 1297 2657 dixeris.
1335 2629 1435 2663 Accepi
1455 2627 1630 2659 fasciculum,
1651 2627 1679 2653 in
1698 2635 1753 2662 quo
1766 2630 1825 2652 erat

1032 2667 1146 2703 epistola
1165 2667 1263 2694 Piliae:
1293 2665 1403 2698 abstuli,
1415 2665 1519 2701 aperui,
1533 2664 1600 2701 legi:
1631 2663 1710 2691 valde
1722 2664 1824 2698 scripta
